[
  {
    "name": "Kycklingkorv Naturell 500g Poli",
    "weightText": "0.5 kg",
    "caPart": "",
    "weightValue": 0.5,
    "weightUnit": "kg",
    "comparePrice": "111,90 kr/kg",
    "currentPrice": 55.95,
    "attributes": [],
    "imgUrl": "https://handlaprivatkund.ica.se/images-v3/bf7a00ca-390e-4769-865f-dc369586872e/b1a4c1bc-ca53-47bf-b45f-5e1d1a442e28/500x500.jpg",
    "productInformation": "",
    "countryText": "",
    "companyText": "Perutnina Ptuj",
    "ingrediensText": "kycklingkött 72%, vatten, kycklingskinn, salt, dextros, stabiliseringsmedel: difosfater, antioxidant: natirumaskorbat, kryddor, kryddextrakt, konseveringsmedel: natriumnitrit.",
    "storage": "",
    "allergens": "",
    "usage": "",
    "nutrition": [
      {
        "Näringsvärde": "Energi (kcal)",
        "100 Gram": "230 kcal"
      },
      {
        "Näringsvärde": "Energi (kJ)",
        "100 Gram": "953 kJ"
      },
      {
        "Näringsvärde": "Fett",
        "100 Gram": "20 g"
      },
      {
        "Näringsvärde": "Varav mättat fett",
        "100 Gram": "5.8 g"
      },
      {
        "Näringsvärde": "Kolhydrat",
        "100 Gram": "0.5 g"
      },
      {
        "Näringsvärde": "Varav sockerarter",
        "100 Gram": "0.5 g"
      },
      {
        "Näringsvärde": "Protein",
        "100 Gram": "12 g"
      },
      {
        "Näringsvärde": "Salt",
        "100 Gram": "2 g"
      }
    ],
    "nutritionUnitText": "Näringsvärde per 100 gram",
    "categories": {
      "mainCategory": "Kött, Chark & Fågel",
      "subCategories": [
        {
          "name": "Korv",
          "subSubCategories": [
            "Kycklingkorv",
            "Kycklingkorv"
          ]
        }
      ]
    }
  },
  {
    "name": "Falukorv Klassikern 800g Scan",
    "weightText": "0.8 kg",
    "caPart": "",
    "weightValue": 0.8,
    "weightUnit": "kg",
    "comparePrice": "37,50 kr/kg",
    "currentPrice": 30,
    "attributes": [
      "Glutenfritt",
      "Kött från Sverige",
      "Ursprungsland Sverige",
      "Laktosfritt"
    ],
    "imgUrl": "https://handlaprivatkund.ica.se/images-v3/bf7a00ca-390e-4769-865f-dc369586872e/27a6ef55-11a3-411e-9eb0-588cd5151c40/500x500.jpg",
    "productInformation": "Vår klassiska och mest omtyckta falukorv i hela Sverige. Smakfullt kryddad enligt klassiskt recept med bland annat ingefära, muskot och svartpeppar. En lättlagad vardagsfavorit men oändligt många recept som inspiration. Våra korvar innehåller bara svenskt kött från våra gårdar. Denna korv är fri från gluten, laktos, ägg-, soja-, mjölk- och ärtprotein",
    "countryText": "Sverige",
    "companyText": "Scan",
    "ingrediensText": "INGREDIENSER: Svenskt gris- och nötkött (58%)*, vatten, fett från gris- och nötkött*, potatismjöl, salt, lök, kryddor, kryddextrakter (cayenne, muskot), antioxidationsmedel E300, konserveringsmedel E250, rökarom. *Ursprung: Sverige.",
    "storage": "",
    "allergens": "",
    "usage": "",
    "nutrition": [
      {
        "Näringsvärde": "Energi (kcal)",
        "100 Gram": "260 kcal"
      },
      {
        "Näringsvärde": "Energi (kJ)",
        "100 Gram": "1050 kJ"
      },
      {
        "Näringsvärde": "Fett",
        "100 Gram": "23 g"
      },
      {
        "Näringsvärde": "Varav mättat fett",
        "100 Gram": "9.5 g"
      },
      {
        "Näringsvärde": "Kolhydrat",
        "100 Gram": "4 g"
      },
      {
        "Näringsvärde": "Varav sockerarter",
        "100 Gram": "0.5 g"
      },
      {
        "Näringsvärde": "Protein",
        "100 Gram": "9 g"
      },
      {
        "Näringsvärde": "Salt",
        "100 Gram": "1.8 g"
      }
    ],
    "nutritionUnitText": "Näringsvärde per 100 gram",
    "categories": {
      "mainCategory": "Kött, Chark & Fågel",
      "subCategories": [
        {
          "name": "Korv",
          "subSubCategories": [
            "Falukorv"
          ]
        }
      ]
    }
  },
  {
    "name": "Kyckling Färsk Minutfilé 600g Kronfågel",
    "weightText": "0.6 kg",
    "caPart": "",
    "weightValue": 0.6,
    "weightUnit": "kg",
    "comparePrice": "115,00 kr/kg",
    "currentPrice": 69,
    "attributes": [
      "Nyckelhålet",
      "Ursprungsland Sverige",
      "Svensk Fågel"
    ],
    "imgUrl": "https://handlaprivatkund.ica.se/images-v3/bf7a00ca-390e-4769-865f-dc369586872e/7acba753-0f7e-405f-8346-944673c0272d/500x500.jpg",
    "productInformation": "",
    "countryText": "Sverige",
    "companyText": "Kronfågel",
    "ingrediensText": "Utbankad kycklingbröstfilé. Kycklingbrösten är filéade med maskin. Var observant på att det kan förekomma delar av bröstbenet.",
    "storage": "Lägsta förvaringstemperatur 0°C Högsta förvaringstemperatur 4°C",
    "allergens": "",
    "usage": "",
    "nutrition": [
      {
        "Näringsvärde": "Energi (kcal)",
        "100 Gram": "120 kcal"
      },
      {
        "Näringsvärde": "Energi (kJ)",
        "100 Gram": "480 kJ"
      },
      {
        "Näringsvärde": "Fett",
        "100 Gram": "2 g"
      },
      {
        "Näringsvärde": "Varav mättat fett",
        "100 Gram": "0.5 g"
      },
      {
        "Näringsvärde": "Kolhydrat",
        "100 Gram": "0.5 g"
      },
      {
        "Näringsvärde": "Varav sockerarter",
        "100 Gram": "0.5 g"
      },
      {
        "Näringsvärde": "Protein",
        "100 Gram": "23 g"
      },
      {
        "Näringsvärde": "Salt",
        "100 Gram": "0.2 g"
      }
    ],
    "nutritionUnitText": "Näringsvärde per 100 gram",
    "categories": {
      "mainCategory": "Kött, Chark & Fågel",
      "subCategories": [
        {
          "name": "Kyckling & Fågel",
          "subSubCategories": [
            "Kycklingfilé",
            "Kycklingfilé, färsk"
          ]
        }
      ]
    }
  },
  {
    "name": "Kycklingfilé Färsk Minutstrimlor 550g Kronfågel",
    "weightText": "0.55 kg",
    "caPart": "",
    "weightValue": 0.55,
    "weightUnit": "kg",
    "comparePrice": "125,45 kr/kg",
    "currentPrice": 69,
    "attributes": [
      "Nyckelhålet",
      "Ursprungsland Sverige",
      "Svensk Fågel"
    ],
    "imgUrl": "https://handlaprivatkund.ica.se/images-v3/bf7a00ca-390e-4769-865f-dc369586872e/fc0362ff-7c41-47b4-9fbd-1e3e8ad61325/500x500.jpg",
    "productInformation": "",
    "countryText": "Sverige",
    "companyText": "Kronfågel",
    "ingrediensText": "Strimlad kycklingbröstfilé. Kycklingbrösten är filéade med maskin. Var observant på att det kan förekomma delar av bröstbenet.",
    "storage": "",
    "allergens": "",
    "usage": "",
    "nutrition": [
      {
        "Näringsvärde": "Energi (kcal)",
        "100 Gram": "120 kcal"
      },
      {
        "Näringsvärde": "Energi (kJ)",
        "100 Gram": "480 kJ"
      },
      {
        "Näringsvärde": "Fett",
        "100 Gram": "2 g"
      },
      {
        "Näringsvärde": "Varav mättat fett",
        "100 Gram": "0.5 g"
      },
      {
        "Näringsvärde": "Kolhydrat",
        "100 Gram": "0.5 g"
      },
      {
        "Näringsvärde": "Varav sockerarter",
        "100 Gram": "0.5 g"
      },
      {
        "Näringsvärde": "Protein",
        "100 Gram": "23 g"
      },
      {
        "Näringsvärde": "Salt",
        "100 Gram": "0.2 g"
      }
    ],
    "nutritionUnitText": "Näringsvärde per 100 gram",
    "categories": {
      "mainCategory": "Kött, Chark & Fågel",
      "subCategories": [
        {
          "name": "Kyckling & Fågel",
          "subSubCategories": [
            "Kycklingfilé",
            "Kycklingfilé, färsk"
          ]
        }
      ]
    }
  },
  {
    "name": "Kassler ca 600g ICA",
    "weightText": "Ca 0.6 kg",
    "caPart": "Ca",
    "weightValue": 0.6,
    "weightUnit": "kg",
    "comparePrice": "99,00 kr/kg",
    "currentPrice": 59.4,
    "attributes": [
      "Kött från Sverige",
      "Ursprungsland Sverige"
    ],
    "imgUrl": "https://handlaprivatkund.ica.se/images-v3/bf7a00ca-390e-4769-865f-dc369586872e/f4b3a8ce-bcfb-4fe0-bb3f-4e1393b4067c/500x500.jpg",
    "productInformation": "kassler gjord på svensk kotlett av gris som saltats och rökts. En klassisk vardagshjälte som passar lika bra strimlad på pizzan som i pastasåsen.",
    "countryText": "Sverige",
    "companyText": "ICA",
    "ingrediensText": "INGREDIENSER: Kotlett av gris* 91%, vatten, salt, druvsocker, stabiliseringsmedel (E450, E451), protein från gris, vegetabilisk fiber (potatis, citron), antioxidationsmedel (E301), konserveringsmedel (E250), rökarom. *Fött, uppfött och slaktat i Sverige.",
    "storage": "Lägsta förvaringstemperatur 0°C Högsta förvaringstemperatur 8°C",
    "allergens": "",
    "usage": "",
    "nutrition": [
      {
        "Näringsvärde": "Energi (kcal)",
        "100 Gram": "185 kcal"
      },
      {
        "Näringsvärde": "Energi (kJ)",
        "100 Gram": "772 kJ"
      },
      {
        "Näringsvärde": "Fett",
        "100 Gram": "12 g"
      },
      {
        "Näringsvärde": "Varav mättat fett",
        "100 Gram": "4.9 g"
      },
      {
        "Näringsvärde": "Kolhydrat",
        "100 Gram": "1.3 g"
      },
      {
        "Näringsvärde": "Varav sockerarter",
        "100 Gram": "1 g"
      },
      {
        "Näringsvärde": "Protein",
        "100 Gram": "18 g"
      },
      {
        "Näringsvärde": "Salt",
        "100 Gram": "2.3 g"
      }
    ],
    "nutritionUnitText": "Näringsvärde per 100 gram",
    "categories": {
      "mainCategory": "Kött, Chark & Fågel",
      "subCategories": [
        {
          "name": "Kött",
          "subSubCategories": [
            "Fläsk",
            "Kassler"
          ]
        }
      ]
    }
  },
  {
    "name": "Skinka Basturökt 105g Lönneberga",
    "weightText": "0.105 kg",
    "caPart": "",
    "weightValue": 0.105,
    "weightUnit": "kg",
    "comparePrice": "266,19 kr/kg",
    "currentPrice": 27.95,
    "attributes": [
      "Kött från Sverige"
    ],
    "imgUrl": "https://handlaprivatkund.ica.se/images-v3/bf7a00ca-390e-4769-865f-dc369586872e/3359e753-5ba6-4f29-83f1-42c1be9575bd/500x500.jpg",
    "productInformation": "En skinka varsamt rökt med alflis, med en mild och fin röksmak.",
    "countryText": "",
    "companyText": "Lönneberga",
    "ingrediensText": "Skinka* (95%) (helmuskel), salt, antioxidationsmedel (E325, E301), maltodextrin (majs), druvsocker (majs), stabiliseringsmedel (E451), kryddextrakt (muskotnöt, svartpeppar), konserveringsmedel (E250). *Fött, uppfött och slaktat i Sverige.",
    "storage": "Kylvara max +8°C.",
    "allergens": "",
    "usage": "Öppnad förpackning förvaras i kylskåp 5-7 dagar.",
    "nutrition": [
      {
        "Näringsvärde": "Energi (kcal)",
        "100 Gram": "110 kcal"
      },
      {
        "Näringsvärde": "Energi (kJ)",
        "100 Gram": "480 kJ"
      },
      {
        "Näringsvärde": "Fett",
        "100 Gram": "2.8 g"
      },
      {
        "Näringsvärde": "Varav mättat fett",
        "100 Gram": "1.1 g"
      },
      {
        "Näringsvärde": "Kolhydrat",
        "100 Gram": "2.5 g"
      },
      {
        "Näringsvärde": "Varav sockerarter",
        "100 Gram": "0.8 g"
      },
      {
        "Näringsvärde": "Protein",
        "100 Gram": "19 g"
      },
      {
        "Näringsvärde": "Salt",
        "100 Gram": "2.8 g"
      }
    ],
    "nutritionUnitText": "Näringsvärde per 100 gram",
    "categories": {
      "mainCategory": "Kött, Chark & Fågel",
      "subCategories": [
        {
          "name": "Pålägg",
          "subSubCategories": [
            "Skinka"
          ]
        }
      ]
    }
  },
  {
    "name": "Skinka Strimlad Rökt 180g ICA",
    "weightText": "0.18 kg",
    "caPart": "",
    "weightValue": 0.18,
    "weightUnit": "kg",
    "comparePrice": "127,50 kr/kg",
    "currentPrice": 22.95,
    "attributes": [
      "Nyckelhålet",
      "Kött från Sverige",
      "Ursprungsland Sverige"
    ],
    "imgUrl": "https://handlaprivatkund.ica.se/images-v3/bf7a00ca-390e-4769-865f-dc369586872e/8ced4788-8b0a-464b-8c85-c53e130b223f/500x500.jpg",
    "productInformation": "ICA Skinka Strimlad Rökt passar perfekt för dig som vill göra en snabb pasta och bara kunna strössla i lite skinka eller vill få till pizzeria-känslan på den hemgjorda pizzan. Den funkar dessutom toppen i en omelett! \n \n Alspånsrökt.",
    "countryText": "Sverige",
    "companyText": "ICA",
    "ingrediensText": "Ingredienser: Skinka av gris* 95% (skinkbitar),salt, antioxidationsmedel (E331, E301), stabiliseringsmedel (E450), socker**, konserveringsmedel (E250). *Fött, uppfött och slaktat i Sverige. **Ursprung Sverige.",
    "storage": "Lägsta förvaringstemperatur 0°C Högsta förvaringstemperatur 8°C",
    "allergens": "",
    "usage": "",
    "nutrition": [
      {
        "Näringsvärde": "Energi (kcal)",
        "100 Gram": "100 kcal"
      },
      {
        "Näringsvärde": "Energi (kJ)",
        "100 Gram": "421 kJ"
      },
      {
        "Näringsvärde": "Fett",
        "100 Gram": "2.3 g"
      },
      {
        "Näringsvärde": "Varav mättat fett",
        "100 Gram": "0.7 g"
      },
      {
        "Näringsvärde": "Kolhydrat",
        "100 Gram": "0.5 g"
      },
      {
        "Näringsvärde": "Varav sockerarter",
        "100 Gram": "0.5 g"
      },
      {
        "Näringsvärde": "Protein",
        "100 Gram": "19 g"
      },
      {
        "Näringsvärde": "Salt",
        "100 Gram": "2 g"
      }
    ],
    "nutritionUnitText": "Näringsvärde per 100 gram",
    "categories": {
      "mainCategory": "Kött, Chark & Fågel",
      "subCategories": [
        {
          "name": "Matchark",
          "subSubCategories": []
        }
      ]
    }
  },
  {
    "name": "Hamburgare Färsk Original 4-p 452g ICA",
    "weightText": "0.452 kg",
    "caPart": "",
    "weightValue": 0.452,
    "weightUnit": "kg",
    "comparePrice": "99,34 kr/kg",
    "currentPrice": 44.9,
    "attributes": [
      "Kött från Sverige"
    ],
    "imgUrl": "https://handlaprivatkund.ica.se/images-v3/bf7a00ca-390e-4769-865f-dc369586872e/29920811-4910-41cd-a205-bb9bb7328eb0/500x500.jpg",
    "productInformation": "",
    "countryText": "",
    "companyText": "ICA",
    "ingrediensText": "Nötkött* 81%, vatten, salt, potatisfiber, lök, svartpeppar, arom. *Fött, uppfött, slaktat och styckat i Sverige. Fetthalt 15%",
    "storage": "",
    "allergens": "",
    "usage": "",
    "nutrition": [
      {
        "Näringsvärde": "Energi (kcal)",
        "100 Gram": "182 kcal"
      },
      {
        "Näringsvärde": "Energi (kJ)",
        "100 Gram": "756 kJ"
      },
      {
        "Näringsvärde": "Fett",
        "100 Gram": "15 g"
      },
      {
        "Näringsvärde": "Varav mättat fett",
        "100 Gram": "6.4 g"
      },
      {
        "Näringsvärde": "Kolhydrat",
        "100 Gram": "0.5 g"
      },
      {
        "Näringsvärde": "Varav sockerarter",
        "100 Gram": "0.5 g"
      },
      {
        "Näringsvärde": "Protein",
        "100 Gram": "12 g"
      },
      {
        "Näringsvärde": "Salt",
        "100 Gram": "1.2 g"
      }
    ],
    "nutritionUnitText": "Näringsvärde per 100 gram",
    "categories": {
      "mainCategory": "Kött, Chark & Fågel",
      "subCategories": [
        {
          "name": "Matchark",
          "subSubCategories": [
            "Hamburgare",
            "Färska hamburgare"
          ]
        }
      ]
    }
  },
  {
    "name": "Skinka Kokt 105g Lönneberga",
    "weightText": "0.105 kg",
    "caPart": "",
    "weightValue": 0.105,
    "weightUnit": "kg",
    "comparePrice": "266,19 kr/kg",
    "currentPrice": 27.95,
    "attributes": [
      "Kött från Sverige"
    ],
    "imgUrl": "https://handlaprivatkund.ica.se/images-v3/bf7a00ca-390e-4769-865f-dc369586872e/3df709c1-5906-4f16-838c-3a4147e5bb43/500x500.jpg",
    "productInformation": "En mild och saftig skinka med smak av Lönnebergas egna kryddlake.",
    "countryText": "",
    "companyText": "Lönneberga",
    "ingrediensText": "Skinka* (95%) (helmuskel), salt, antioxidationsmedel (E325, E301), maltodextrin (majs), druvsocker (majs), stabiliseringsmedel (E451), kryddextrakt (muskotnöt, svartpeppar), konserveringsmedel (E250). *Fött, uppfött och slaktat i Sverige",
    "storage": "Kylvara max +8°C.",
    "allergens": "",
    "usage": "Öppnad förpackning förvaras i kylskåp 3-5 dagar.",
    "nutrition": [
      {
        "Näringsvärde": "Energi (kcal)",
        "100 Gram": "110 kcal"
      },
      {
        "Näringsvärde": "Energi (kJ)",
        "100 Gram": "480 kJ"
      },
      {
        "Näringsvärde": "Fett",
        "100 Gram": "2.8 g"
      },
      {
        "Näringsvärde": "Varav mättat fett",
        "100 Gram": "1.1 g"
      },
      {
        "Näringsvärde": "Kolhydrat",
        "100 Gram": "2.5 g"
      },
      {
        "Näringsvärde": "Varav sockerarter",
        "100 Gram": "0.8 g"
      },
      {
        "Näringsvärde": "Protein",
        "100 Gram": "19 g"
      },
      {
        "Näringsvärde": "Salt",
        "100 Gram": "2.7 g"
      }
    ],
    "nutritionUnitText": "Näringsvärde per 100 gram",
    "categories": {
      "mainCategory": "Kött, Chark & Fågel",
      "subCategories": [
        {
          "name": "Pålägg",
          "subSubCategories": [
            "Skinka"
          ]
        }
      ]
    }
  },
  {
    "name": "Crispy kycklingburgare Fryst 440g Max",
    "weightText": "0.44 kg",
    "caPart": "",
    "weightValue": 0.44,
    "weightUnit": "kg",
    "comparePrice": "143,07 kr/kg",
    "currentPrice": 62.95,
    "attributes": [
      "Ursprungsland Sverige"
    ],
    "imgUrl": "https://handlaprivatkund.ica.se/images-v3/bf7a00ca-390e-4769-865f-dc369586872e/81b17fc5-b89b-43ef-95f3-f3dab925d571/500x500.jpg",
    "productInformation": "MAX Crispy kycklingburgare av kycklingfilé från Kronfågel är krispigt panerade kycklingburgare som tillfredsställer alla smaker. Kycklingburgarna kan tillagas direkt från frysen. Servera med valfria såser och goda tillbehör. 100 % svensk kyckling omsorgsfullt uppfödd på våra svenska gårdar, vilket innebär god djurhållning, högsta kvalitet och hälsosam, klimatsmart mat på tallriken.",
    "countryText": "Sverige",
    "companyText": "Kronfågel/Max",
    "ingrediensText": "Kycklingbröstfilé* 49%, vatten, VETEMJÖL, raps- och solrosolja, DURUMVETEMJÖL, cornflakes (majs, socker, salt, KORNMALT), modifierad VETESTÄRKELSE, majsmjöl, salt, ärtprotein, surhetsreglerande medel (citronsyra), majsstärkelse, VETEPROTEIN, svartpeppar, bakpulver (E450, E500), aromer, jästextrakt, torrjäst, antioxidationsmedel (E331), VETESTÄRKELSE, lök, stabiliseringsmedel (E461), färgämne (paprikaextrakt), modifierad majsstärkelse, gurkmeja, muskot. *Ursprung Sverige",
    "storage": "Lägsta förvaringstemperatur -30°C Högsta förvaringstemperatur -18°C",
    "allergens": "Innehåller Spannmål som innehåller gluten",
    "usage": "",
    "nutrition": [
      {
        "Näringsvärde": "Energi (kcal)",
        "100 Gram": "200 kcal"
      },
      {
        "Näringsvärde": "Energi (kJ)",
        "100 Gram": "800 kJ"
      },
      {
        "Näringsvärde": "Fett",
        "100 Gram": "9.4 g"
      },
      {
        "Näringsvärde": "Varav mättat fett",
        "100 Gram": "1.2 g"
      },
      {
        "Näringsvärde": "Kolhydrat",
        "100 Gram": "14 g"
      },
      {
        "Näringsvärde": "Varav sockerarter",
        "100 Gram": "1.2 g"
      },
      {
        "Näringsvärde": "Fiber",
        "100 Gram": "1.6 g"
      },
      {
        "Näringsvärde": "Protein",
        "100 Gram": "13 g"
      },
      {
        "Näringsvärde": "Salt",
        "100 Gram": "1.8 g"
      }
    ],
    "nutritionUnitText": "Näringsvärde per 100 gram",
    "categories": {
      "mainCategory": "Fryst",
      "subCategories": [
        {
          "name": "Fryst fågel",
          "subSubCategories": [
            "Fryst kyckling färdigmat"
          ]
        }
      ]
    }
  },
  {
    "name": "Kycklingnuggets Fryst 440g Max",
    "weightText": "0.44 kg",
    "caPart": "",
    "weightValue": 0.44,
    "weightUnit": "kg",
    "comparePrice": "143,07 kr/kg",
    "currentPrice": 62.95,
    "attributes": [
      "Ursprungsland Sverige"
    ],
    "imgUrl": "https://handlaprivatkund.ica.se/images-v3/bf7a00ca-390e-4769-865f-dc369586872e/b91541b0-972c-4531-b484-77fcfd3873fb/500x500.jpg",
    "productInformation": "MAX Chicken nuggets av kycklingfilé från Kronfågel är en frasig och krispig smakupplevelse, framförallt barnens favorit. Våra panerade kycklingnuggets kan värmas eller friteras direkt från frysen för att njutas med valfria såser och tillbehör. 100 % svensk kyckling omsorgsfullt uppfödd på våra svenska gårdar, vilket innebär god djurhållning, högsta kvalitet och hälsosam, klimatsmart mat på tallriken.",
    "countryText": "Sverige",
    "companyText": "Kronfågel",
    "ingrediensText": "Kycklingbröstfilé 53%*, vatten, raps- och solrosolja, DURUMVETEMJÖL, VETEMJÖL, majsmjöl, salt, majsstärkelse, VETEGLUTEN, ärtprotein, VETEFIBER, surhetsreglerande medel (citronsyra), bakpulver (E450, E500), glukossirap, lök, vitlök, jästextrakt, modifierad stärkelse, vitpeppar, antioxidationsmedel (E331), svartpeppar, arom. *Ursprung Sverige",
    "storage": "Lägsta förvaringstemperatur -30°C Högsta förvaringstemperatur -18°C",
    "allergens": "Innehåller Spannmål som innehåller gluten",
    "usage": "",
    "nutrition": [
      {
        "Näringsvärde": "Energi (kcal)",
        "100 Gram": "180 kcal"
      },
      {
        "Näringsvärde": "Energi (kJ)",
        "100 Gram": "750 kJ"
      },
      {
        "Näringsvärde": "Fett",
        "100 Gram": "8.3 g"
      },
      {
        "Näringsvärde": "Varav mättat fett",
        "100 Gram": "1.2 g"
      },
      {
        "Näringsvärde": "Kolhydrat",
        "100 Gram": "14 g"
      },
      {
        "Näringsvärde": "Varav sockerarter",
        "100 Gram": "0.5 g"
      },
      {
        "Näringsvärde": "Protein",
        "100 Gram": "13 g"
      },
      {
        "Näringsvärde": "Salt",
        "100 Gram": "1.3 g"
      }
    ],
    "nutritionUnitText": "Näringsvärde per 100 gram",
    "categories": {
      "mainCategory": "Kött, Chark & Fågel",
      "subCategories": [
        {
          "name": "Kyckling & Fågel",
          "subSubCategories": [
            "Förberedd fågel",
            "Förberedd fågel, fryst"
          ]
        }
      ]
    }
  },
  {
    "name": "Skinka extrarökt 105g Lönneberga",
    "weightText": "0.105 kg",
    "caPart": "",
    "weightValue": 0.105,
    "weightUnit": "kg",
    "comparePrice": "266,19 kr/kg",
    "currentPrice": 27.95,
    "attributes": [
      "Kött från Sverige"
    ],
    "imgUrl": "https://handlaprivatkund.ica.se/images-v3/bf7a00ca-390e-4769-865f-dc369586872e/2d3c4b69-907a-4de4-b9ef-327858fe7d15/500x500.jpg",
    "productInformation": "Varmrökt extra länge med alflis, för en fylligare röksmak.",
    "countryText": "",
    "companyText": "Lönneberga",
    "ingrediensText": "Skinka* (95%) (helmuskel), salt, antioxidationsmedel (E325, E301), maltodextrin (majs), druvsocker (majs), stabiliseringsmedel (E451), kryddextrakt (muskotnöt, svartpeppar), konserveringsmedel (E250). *Fött, uppfött och slaktat i Sverige",
    "storage": "Kylvara max +8°C.",
    "allergens": "",
    "usage": "Öppnad förpackning förvaras i kylskåp 5-7 dagar.",
    "nutrition": [
      {
        "Näringsvärde": "Energi (kcal)",
        "100 Gram": "110 kcal"
      },
      {
        "Näringsvärde": "Energi (kJ)",
        "100 Gram": "480 kJ"
      },
      {
        "Näringsvärde": "Fett",
        "100 Gram": "2.8 g"
      },
      {
        "Näringsvärde": "Varav mättat fett",
        "100 Gram": "1.1 g"
      },
      {
        "Näringsvärde": "Kolhydrat",
        "100 Gram": "2.5 g"
      },
      {
        "Näringsvärde": "Varav sockerarter",
        "100 Gram": "0.8 g"
      },
      {
        "Näringsvärde": "Protein",
        "100 Gram": "19 g"
      },
      {
        "Näringsvärde": "Salt",
        "100 Gram": "3 g"
      }
    ],
    "nutritionUnitText": "Näringsvärde per 100 gram",
    "categories": {
      "mainCategory": "Kött, Chark & Fågel",
      "subCategories": [
        {
          "name": "Pålägg",
          "subSubCategories": [
            "Skinka"
          ]
        }
      ]
    }
  },
  {
    "name": "Salsicciafärs 500g ICA",
    "weightText": "0.5 kg",
    "caPart": "",
    "weightValue": 0.5,
    "weightUnit": "kg",
    "comparePrice": "89,80 kr/kg",
    "currentPrice": 44.9,
    "attributes": [
      "Kött från Sverige"
    ],
    "imgUrl": "https://handlaprivatkund.ica.se/images-v3/bf7a00ca-390e-4769-865f-dc369586872e/75568503-ca2c-4361-bfcf-24d96fab0698/500x500.jpg",
    "productInformation": "Ört- och vitlökskryddad färs av svenskt griskött. Perfekt till pasta och på pizzan.",
    "countryText": "",
    "companyText": "ICA",
    "ingrediensText": "INGREDIENSER: Kött av gris* 90%, vatten, salt, konserveringsmedel (E262), kryddor (vitlök, svartpeppar, rosmarin, basilika, mejram, koriander), socker, antioxidations-medel (E301), grönsaksextrakt (vitlök), aromer. *Fött, uppfött, slaktat och styckat i Sverige. Berett (malet) i Sverige.",
    "storage": "Kylvara. Förvaras vid högst 4°C. Högsta förvaringstemperatur 4°C",
    "allergens": "",
    "usage": "",
    "nutrition": [
      {
        "Näringsvärde": "Energi (kcal)",
        "100 Gram": "247 kcal"
      },
      {
        "Näringsvärde": "Energi (kJ)",
        "100 Gram": "1023 kJ"
      },
      {
        "Näringsvärde": "Fett",
        "100 Gram": "21 g"
      },
      {
        "Näringsvärde": "Varav mättat fett",
        "100 Gram": "8.9 g"
      },
      {
        "Näringsvärde": "Kolhydrat",
        "100 Gram": "0.5 g"
      },
      {
        "Näringsvärde": "Varav sockerarter",
        "100 Gram": "0.5 g"
      },
      {
        "Näringsvärde": "Protein",
        "100 Gram": "15 g"
      },
      {
        "Näringsvärde": "Salt",
        "100 Gram": "1.6 g"
      }
    ],
    "nutritionUnitText": "Näringsvärde per 100 gram",
    "categories": {
      "mainCategory": "Kött, Chark & Fågel",
      "subCategories": [
        {
          "name": "Kött",
          "subSubCategories": [
            "Fläsk",
            "Fläskfärs"
          ]
        }
      ]
    }
  },
  {
    "name": "Pepparsalami skivad 150g Göl Pölser",
    "weightText": "0.15 kg",
    "caPart": "",
    "weightValue": 0.15,
    "weightUnit": "kg",
    "comparePrice": "186,33 kr/kg",
    "currentPrice": 27.95,
    "attributes": [],
    "imgUrl": "https://handlaprivatkund.ica.se/images-v3/bf7a00ca-390e-4769-865f-dc369586872e/68ca79b6-056b-47c0-a873-e707ca575a67/500x500.jpg",
    "productInformation": "Gol Pepparsalami är skivad och passar till frukostmackan, mellanmålet och fredagsmyset. Återförslutningsbar förpackning.",
    "countryText": "Danmark",
    "companyText": "Gol Pölser",
    "ingrediensText": "Ingredienser: Griskött, salt, kryddor på ytan (krossad svartpeppar, gelatin, konserveringsmedel (E202)), druvsocker, kryddor, vitlök, antioxidationsmedel (E 300, E 301), torkade grönsaker, (rödbeta, morot, paprika, tomat), hydrolyserat vegetabiliskt protein (majs, raps), kryddextrakt, jästextrakt, starerkultur, konserveringsmedel (E 250). Till 100 g färdigvara har använts 122 g griskött. Rökt och torkat.",
    "storage": "",
    "allergens": "",
    "usage": "",
    "nutrition": [
      {
        "Näringsvärde": "Energi (kcal)",
        "100 Gram": "393 kcal"
      },
      {
        "Näringsvärde": "Energi (kJ)",
        "100 Gram": "1627 kJ"
      },
      {
        "Näringsvärde": "Fett",
        "100 Gram": "35 g"
      },
      {
        "Näringsvärde": "Varav mättat fett",
        "100 Gram": "13 g"
      },
      {
        "Näringsvärde": "Kolhydrat",
        "100 Gram": "0.5 g"
      },
      {
        "Näringsvärde": "Varav sockerarter",
        "100 Gram": "0.5 g"
      },
      {
        "Näringsvärde": "Protein",
        "100 Gram": "19 g"
      },
      {
        "Näringsvärde": "Salt",
        "100 Gram": "5.1 g"
      }
    ],
    "nutritionUnitText": "Näringsvärde per 100 gram",
    "categories": {
      "mainCategory": "Kött, Chark & Fågel",
      "subCategories": [
        {
          "name": "Pålägg",
          "subSubCategories": [
            "Salami"
          ]
        }
      ]
    }
  },
  {
    "name": "Klassisk dansk salami skivad 150g Göl Pölser",
    "weightText": "0.15 kg",
    "caPart": "",
    "weightValue": 0.15,
    "weightUnit": "kg",
    "comparePrice": "186,33 kr/kg",
    "currentPrice": 27.95,
    "attributes": [],
    "imgUrl": "https://handlaprivatkund.ica.se/images-v3/bf7a00ca-390e-4769-865f-dc369586872e/b573f738-956c-4014-b3db-eefc6ea38b81/500x500.jpg",
    "productInformation": "Gol Klassisk Dansk Salami är skivad och passar till frukostmackan, mellanmålet eller på charkbrickan. Återförslutningsbar förpackning.",
    "countryText": "",
    "companyText": "Gol Pölser",
    "ingrediensText": "Ingredienser: Griskött, fett fläsk, salt, potatisstärkelse, druvsocker, peppar, antioxidationsmedel(E 301), torkad glukossirap, vitlök,  , starterkultur, konserveringsmedel (E 250), färgämne (E 120). Till 100 g färdigvara har använts 108 g griskött. Rökt och torkat.",
    "storage": "",
    "allergens": "",
    "usage": "",
    "nutrition": [
      {
        "Näringsvärde": "Energi (kcal)",
        "100 Gram": "421 kcal"
      },
      {
        "Näringsvärde": "Energi (kJ)",
        "100 Gram": "1739 kJ"
      },
      {
        "Näringsvärde": "Fett",
        "100 Gram": "39 g"
      },
      {
        "Näringsvärde": "Varav mättat fett",
        "100 Gram": "15 g"
      },
      {
        "Näringsvärde": "Kolhydrat",
        "100 Gram": "0.5 g"
      },
      {
        "Näringsvärde": "Varav sockerarter",
        "100 Gram": "0.5 g"
      },
      {
        "Näringsvärde": "Protein",
        "100 Gram": "16 g"
      },
      {
        "Näringsvärde": "Salt",
        "100 Gram": "4.6 g"
      }
    ],
    "nutritionUnitText": "Näringsvärde per 100 gram",
    "categories": {
      "mainCategory": "Kött, Chark & Fågel",
      "subCategories": [
        {
          "name": "Pålägg",
          "subSubCategories": [
            "Salami"
          ]
        }
      ]
    }
  },
  {
    "name": "Skinka vår rökigaste 105g Lönneberga",
    "weightText": "0.105 kg",
    "caPart": "",
    "weightValue": 0.105,
    "weightUnit": "kg",
    "comparePrice": "266,19 kr/kg",
    "currentPrice": 27.95,
    "attributes": [
      "Kött från Sverige"
    ],
    "imgUrl": "https://handlaprivatkund.ica.se/images-v3/bf7a00ca-390e-4769-865f-dc369586872e/18a9edf8-3a80-450b-b867-26297e5a0521/500x500.jpg",
    "productInformation": "Varmrökt med alflis under mycket lång tid för en intensiv smak.",
    "countryText": "",
    "companyText": "Lönneberga",
    "ingrediensText": "Skinka* (94%) (helmuskel), salt, antioxidationsmedel (E325, E301), maltodextrin (majs), druvsocker (majs), stabiliseringsmedel (E451), kryddextrakt (muskotnöt, svartpeppar), konserveringsmedel (E250).*Fött, uppfött och slaktat i Sverige.",
    "storage": "Kylvara max +8°C.",
    "allergens": "",
    "usage": "Öppnad förpackning förvaras i kylskåp 5-7 dagar.",
    "nutrition": [
      {
        "Näringsvärde": "Energi (kcal)",
        "100 Gram": "110 kcal"
      },
      {
        "Näringsvärde": "Energi (kJ)",
        "100 Gram": "460 kJ"
      },
      {
        "Näringsvärde": "Fett",
        "100 Gram": "2.8 g"
      },
      {
        "Näringsvärde": "Varav mättat fett",
        "100 Gram": "1.1 g"
      },
      {
        "Näringsvärde": "Kolhydrat",
        "100 Gram": "2.5 g"
      },
      {
        "Näringsvärde": "Varav sockerarter",
        "100 Gram": "0.8 g"
      },
      {
        "Näringsvärde": "Protein",
        "100 Gram": "19 g"
      },
      {
        "Näringsvärde": "Salt",
        "100 Gram": "3.2 g"
      }
    ],
    "nutritionUnitText": "Näringsvärde per 100 gram",
    "categories": {
      "mainCategory": "Kött, Chark & Fågel",
      "subCategories": [
        {
          "name": "Pålägg",
          "subSubCategories": [
            "Skinka"
          ]
        }
      ]
    }
  },
  {
    "name": "Lövbiff innanlår ca 450g KRAV ICA I love eco",
    "weightText": "Ca 0.45 kg",
    "caPart": "Ca",
    "weightValue": 0.45,
    "weightUnit": "kg",
    "comparePrice": "215,01 kr/kg",
    "currentPrice": 96.76,
    "attributes": [
      "EU Ekologiskt",
      "Nyckelhålet",
      "Kött från Sverige",
      "Ursprungsland Sverige",
      "Ekologiskt",
      "KRAV"
    ],
    "imgUrl": "https://handlaprivatkund.ica.se/images-v3/bf7a00ca-390e-4769-865f-dc369586872e/f1e0288e-2677-43bf-a89e-553a4eb2fa69/500x500.jpg",
    "productInformation": "ICA I love eco Lövbiff är skivor av ekologiskt nötinnanlår. Det här är ett lite bortglömt kött som blir fantastiskt gott om du steker det snabbt på hög värme och serverar med äggula, senap, pepparrot och potatismos. Eller varför inte göra klassikern rullader och servera med lite snabbinlagd gurka?",
    "countryText": "Sverige",
    "companyText": "ICA I love eco",
    "ingrediensText": "",
    "storage": "",
    "allergens": "",
    "usage": "",
    "nutrition": [],
    "nutritionUnitText": "",
    "categories": {
      "mainCategory": "Kött, Chark & Fågel",
      "subCategories": [
        {
          "name": "Kött",
          "subSubCategories": [
            "Nötkött",
            "Lövbiff"
          ]
        }
      ]
    }
  },
  {
    "name": "Vitlökssalami skivad 150g Göl Pölser",
    "weightText": "0.15 kg",
    "caPart": "",
    "weightValue": 0.15,
    "weightUnit": "kg",
    "comparePrice": "186,33 kr/kg",
    "currentPrice": 27.95,
    "attributes": [],
    "imgUrl": "https://handlaprivatkund.ica.se/images-v3/bf7a00ca-390e-4769-865f-dc369586872e/4ca18be7-8b08-40da-a0e8-54db3993487f/500x500.jpg",
    "productInformation": "Gol Vitlökssalami med smak av vitlök. Passar till frukostmackan, mellanmålet eller som topping på pizzan. Återförslutningsbar förpackning.",
    "countryText": "Danmark",
    "companyText": "Göl",
    "ingrediensText": "Ingredienser: Griskött, salt, druvsocker, kryddor, vitlök, antioxidationsmedel (E 300, E 301), torkade grönsaker (rödbeta, morot, paprika, tomat), hydrolyserat vegetabiliskt protein (maps, raps), kryddextrakt, jästextrakt, starterkultur,  konserveringsmedel (E 250). Till 100 g färdigvara har använts 124 g griskött. Rökt och torkad.",
    "storage": "",
    "allergens": "",
    "usage": "",
    "nutrition": [
      {
        "Näringsvärde": "Energi (kcal)",
        "100 Gram": "393 kcal"
      },
      {
        "Näringsvärde": "Energi (kJ)",
        "100 Gram": "1627 kJ"
      },
      {
        "Näringsvärde": "Fett",
        "100 Gram": "35 g"
      },
      {
        "Näringsvärde": "Varav mättat fett",
        "100 Gram": "13 g"
      },
      {
        "Näringsvärde": "Kolhydrat",
        "100 Gram": "0.5 g"
      },
      {
        "Näringsvärde": "Varav sockerarter",
        "100 Gram": "0.5 g"
      },
      {
        "Näringsvärde": "Protein",
        "100 Gram": "19 g"
      },
      {
        "Näringsvärde": "Salt",
        "100 Gram": "5.1 g"
      }
    ],
    "nutritionUnitText": "Näringsvärde per 100 gram",
    "categories": {
      "mainCategory": "Kött, Chark & Fågel",
      "subCategories": [
        {
          "name": "Pålägg",
          "subSubCategories": [
            "Salami"
          ]
        }
      ]
    }
  },
  {
    "name": "Skinka Ugnsrostad 105g Lönneberga",
    "weightText": "0.105 kg",
    "caPart": "",
    "weightValue": 0.105,
    "weightUnit": "kg",
    "comparePrice": "266,19 kr/kg",
    "currentPrice": 27.95,
    "attributes": [
      "Kött från Sverige"
    ],
    "imgUrl": "https://handlaprivatkund.ica.se/images-v3/bf7a00ca-390e-4769-865f-dc369586872e/0bd37884-6e8d-4ac3-adbb-4fb0646756d5/500x500.jpg",
    "productInformation": "Varmrökt och ugnsrostad för extra brynta toner på mackan.",
    "countryText": "",
    "companyText": "Lönneberga",
    "ingrediensText": "Skinka* (95%) (helmuskel), salt, antioxidationsmedel (E325, E301), maltodextrin (majs), druvsocker (majs), stabiliseringsmedel (E451), kryddextrakt (muskotnöt, svartpeppar), konserveringsmedel (E250).*Fött, uppfött och slaktat i Sverige.",
    "storage": "Kylvara max +8°C.",
    "allergens": "",
    "usage": "Öppnad förpackning förvaras i kylskåp 5-7 dagar.",
    "nutrition": [
      {
        "Näringsvärde": "Energi (kcal)",
        "100 Gram": "110 kcal"
      },
      {
        "Näringsvärde": "Energi (kJ)",
        "100 Gram": "480 kJ"
      },
      {
        "Näringsvärde": "Fett",
        "100 Gram": "2.8 g"
      },
      {
        "Näringsvärde": "Varav mättat fett",
        "100 Gram": "1.1 g"
      },
      {
        "Näringsvärde": "Kolhydrat",
        "100 Gram": "2.5 g"
      },
      {
        "Näringsvärde": "Varav sockerarter",
        "100 Gram": "0.8 g"
      },
      {
        "Näringsvärde": "Protein",
        "100 Gram": "19 g"
      },
      {
        "Näringsvärde": "Salt",
        "100 Gram": "2.8 g"
      }
    ],
    "nutritionUnitText": "Näringsvärde per 100 gram",
    "categories": {
      "mainCategory": "Kött, Chark & Fågel",
      "subCategories": [
        {
          "name": "Pålägg",
          "subSubCategories": [
            "Skinka"
          ]
        }
      ]
    }
  },
  {
    "name": "Kyckling Grillad 90g Lönneberga",
    "weightText": "0.09 kg",
    "caPart": "",
    "weightValue": 0.09,
    "weightUnit": "kg",
    "comparePrice": "310,56 kr/kg",
    "currentPrice": 27.95,
    "attributes": [
      "Svensk Fågel"
    ],
    "imgUrl": "https://handlaprivatkund.ica.se/images-v3/bf7a00ca-390e-4769-865f-dc369586872e/0e306581-f20d-4585-b32a-4f2b299eb9de/500x500.jpg",
    "productInformation": "Varmrökt med alflis, sedan griljerad med vår egen kryddblandning.",
    "countryText": "",
    "companyText": "Lönneberga",
    "ingrediensText": "Kycklingkött* (92%), salt, stärkelse, druvsocker, socker, kryddor och örtkryddor (paprika, ingefära, chilipeppar, spiskummin, oregano, lagerblad, muskot, cayennepeppar, gurkmeja), lökpulver, vitlökspulver, stabiliseringsmedel (E450, E451), antioxidationsmedel (E301), konserveringsmedel (E261, E250), surhetsreglerande medel (E326), kryddextrakt (ingefära), arom.*Fött, uppfött och slaktat i Sverige.",
    "storage": "Kylvara max +8°C",
    "allergens": "",
    "usage": "Öppnad förpackning förvaras i kylskåp 5-7 dagar.",
    "nutrition": [
      {
        "Näringsvärde": "Energi (kcal)",
        "100 Gram": "120 kcal"
      },
      {
        "Näringsvärde": "Energi (kJ)",
        "100 Gram": "480 kJ"
      },
      {
        "Näringsvärde": "Fett",
        "100 Gram": "1.9 g"
      },
      {
        "Näringsvärde": "Varav mättat fett",
        "100 Gram": "0.7 g"
      },
      {
        "Näringsvärde": "Kolhydrat",
        "100 Gram": "2 g"
      },
      {
        "Näringsvärde": "Varav sockerarter",
        "100 Gram": "0.7 g"
      },
      {
        "Näringsvärde": "Protein",
        "100 Gram": "22 g"
      },
      {
        "Näringsvärde": "Salt",
        "100 Gram": "2.8 g"
      }
    ],
    "nutritionUnitText": "Näringsvärde per 100 gram",
    "categories": {
      "mainCategory": "Kött, Chark & Fågel",
      "subCategories": [
        {
          "name": "Pålägg",
          "subSubCategories": [
            "Fågel"
          ]
        }
      ]
    }
  },
  {
    "name": "Chorizofärs 500g ICA",
    "weightText": "0.5 kg",
    "caPart": "",
    "weightValue": 0.5,
    "weightUnit": "kg",
    "comparePrice": "89,80 kr/kg",
    "currentPrice": 44.9,
    "attributes": [
      "Kött från Sverige"
    ],
    "imgUrl": "https://handlaprivatkund.ica.se/images-v3/bf7a00ca-390e-4769-865f-dc369586872e/6834f6ff-4635-44f3-9013-dc0ca25f243a/500x500.jpg",
    "productInformation": "Het chipotlekryddad färs av svenskt griskött. Gott i en köttfärssås eller att rulla till heta köttbullar.",
    "countryText": "",
    "companyText": "ICA",
    "ingrediensText": "Kött av gris* 90%, vatten, druvsocker, salt, tomat, kryddor (vitpeppar, anchochili, paprikapulver, oregano, cayennepeppar), konserveringsmedel (E262), farinsocker, kryddextrakt, lök, socker, köttbuljong (från gris),rökarom (ek), antioxidationsmedel (E301), majsstärkelse,aromer *Fött, uppfött, slaktat och styckat i Sverige. Berett (malet) i Sverige.",
    "storage": "Kylvara. Förvaras vid högst 4°C. Högsta förvaringstemperatur 4°C",
    "allergens": "",
    "usage": "",
    "nutrition": [
      {
        "Näringsvärde": "Energi (kcal)",
        "100 Gram": "260 kcal"
      },
      {
        "Näringsvärde": "Energi (kJ)",
        "100 Gram": "1079 kJ"
      },
      {
        "Näringsvärde": "Fett",
        "100 Gram": "21 g"
      },
      {
        "Näringsvärde": "Varav mättat fett",
        "100 Gram": "8.9 g"
      },
      {
        "Näringsvärde": "Kolhydrat",
        "100 Gram": "3.3 g"
      },
      {
        "Näringsvärde": "Varav sockerarter",
        "100 Gram": "2.9 g"
      },
      {
        "Näringsvärde": "Protein",
        "100 Gram": "15 g"
      },
      {
        "Näringsvärde": "Salt",
        "100 Gram": "1.6 g"
      }
    ],
    "nutritionUnitText": "Näringsvärde per 100 gram",
    "categories": {
      "mainCategory": "Kött, Chark & Fågel",
      "subCategories": [
        {
          "name": "Kött",
          "subSubCategories": [
            "Fläsk",
            "Fläskfärs"
          ]
        }
      ]
    }
  },
  {
    "name": "Pulled Beef Taco 370g ICA",
    "weightText": "0.37 kg",
    "caPart": "",
    "weightValue": 0.37,
    "weightUnit": "kg",
    "comparePrice": "178,11 kr/kg",
    "currentPrice": 65.9,
    "attributes": [
      "Kött från Sverige",
      "Ursprungsland Sverige"
    ],
    "imgUrl": "https://handlaprivatkund.ica.se/images-v3/bf7a00ca-390e-4769-865f-dc369586872e/fcdf71f8-6985-4c8b-be4d-3d7ce7326da4/500x500.jpg",
    "productInformation": "",
    "countryText": "Sverige",
    "companyText": "ICA",
    "ingrediensText": "Ingredienser: Nötkött*, rapsolja, kryddor (paprikapulver, anchochili, chilipeppar, spiskummin, oregano), havssalt, farinsocker, vitlök, lök, socker, rökextrakt (hickory, ek), kryddextrakt (chili). *Född, uppfödd och slaktad i Sverige.",
    "storage": "Lägsta förvaringstemperatur 0°C Högsta förvaringstemperatur 8°C",
    "allergens": "",
    "usage": "",
    "nutrition": [
      {
        "Näringsvärde": "Energi (kcal)",
        "100 Gram": "160 kcal"
      },
      {
        "Näringsvärde": "Energi (kJ)",
        "100 Gram": "650 kJ"
      },
      {
        "Näringsvärde": "Fett",
        "100 Gram": "7.4 g"
      },
      {
        "Näringsvärde": "Varav mättat fett",
        "100 Gram": "1.7 g"
      },
      {
        "Näringsvärde": "Kolhydrat",
        "100 Gram": "3.3 g"
      },
      {
        "Näringsvärde": "Varav sockerarter",
        "100 Gram": "2 g"
      },
      {
        "Näringsvärde": "Protein",
        "100 Gram": "19 g"
      },
      {
        "Näringsvärde": "Salt",
        "100 Gram": "1.2 g"
      }
    ],
    "nutritionUnitText": "Näringsvärde per 100 gram",
    "categories": {
      "mainCategory": "Kött, Chark & Fågel",
      "subCategories": [
        {
          "name": "Kött",
          "subSubCategories": [
            "Nötkött",
            "Pepparbiff & Färdigkryddat nötkött"
          ]
        }
      ]
    }
  },
  {
    "name": "Hamburgare Färsk Bacon 4-p 452g ICA",
    "weightText": "0.452 kg",
    "caPart": "",
    "weightValue": 0.452,
    "weightUnit": "kg",
    "comparePrice": "99,34 kr/kg",
    "currentPrice": 44.9,
    "attributes": [
      "Kött från Sverige"
    ],
    "imgUrl": "https://handlaprivatkund.ica.se/images-v3/bf7a00ca-390e-4769-865f-dc369586872e/e27cd5e9-a234-4bb5-b47d-360fa7269bc6/500x500.jpg",
    "productInformation": "",
    "countryText": "",
    "companyText": "ICA",
    "ingrediensText": "Nötkött* 80%, vatten, bacon 7% (griskött*, salt, antioxidationsmedel (E301, E331), glukossirap, konserveringsmedel (250)), salt, potatisfiber, lök, svartpeppar, druvsocker, paprikaextrakt, arom, rökarom. *Fött, uppfött, slaktat och styckat i Sverige. Fetthalt 16%",
    "storage": "",
    "allergens": "",
    "usage": "",
    "nutrition": [
      {
        "Näringsvärde": "Energi (kcal)",
        "100 Gram": "201 kcal"
      },
      {
        "Näringsvärde": "Energi (kJ)",
        "100 Gram": "834 kJ"
      },
      {
        "Näringsvärde": "Fett",
        "100 Gram": "16 g"
      },
      {
        "Näringsvärde": "Varav mättat fett",
        "100 Gram": "6.9 g"
      },
      {
        "Näringsvärde": "Kolhydrat",
        "100 Gram": "1.2 g"
      },
      {
        "Näringsvärde": "Varav sockerarter",
        "100 Gram": "1 g"
      },
      {
        "Näringsvärde": "Protein",
        "100 Gram": "13 g"
      },
      {
        "Näringsvärde": "Salt",
        "100 Gram": "1 g"
      }
    ],
    "nutritionUnitText": "Näringsvärde per 100 gram",
    "categories": {
      "mainCategory": "Kött, Chark & Fågel",
      "subCategories": [
        {
          "name": "Matchark",
          "subSubCategories": [
            "Hamburgare",
            "Färska hamburgare"
          ]
        }
      ]
    }
  },
  {
    "name": "Salami Pepperoni skivad 150g Göl Pölser",
    "weightText": "0.15 kg",
    "caPart": "",
    "weightValue": 0.15,
    "weightUnit": "kg",
    "comparePrice": "186,33 kr/kg",
    "currentPrice": 27.95,
    "attributes": [],
    "imgUrl": "https://handlaprivatkund.ica.se/images-v3/bf7a00ca-390e-4769-865f-dc369586872e/3692168d-4830-4086-aa83-cdf792494284/500x500.jpg",
    "productInformation": "",
    "countryText": "",
    "companyText": "Gol Pölser",
    "ingrediensText": "Ingredienser: Griskött, grisfett fläsk, salt, druvsocker, kryddor, svål, paprika, peppar, kryddextrakt, antioxidationsmedel (E 301, E 392), vitlökspulver, örter, startkultur, konserveringsmedel (E 250), surhetsreglerande medel (E 330). Till 100 g färdigvara har 122 g griskött använts . Rökt och torkat.",
    "storage": "",
    "allergens": "",
    "usage": "",
    "nutrition": [
      {
        "Näringsvärde": "Energi (kcal)",
        "100 Gram": "521 kcal"
      },
      {
        "Näringsvärde": "Fett",
        "100 Gram": "49 g"
      },
      {
        "Näringsvärde": "Varav mättat fett",
        "100 Gram": "29 g"
      },
      {
        "Näringsvärde": "Kolhydrat",
        "100 Gram": "0.5 g"
      },
      {
        "Näringsvärde": "Varav sockerarter",
        "100 Gram": "0.5 g"
      },
      {
        "Näringsvärde": "Protein",
        "100 Gram": "19 g"
      },
      {
        "Näringsvärde": "Salt",
        "100 Gram": "4.7 g"
      }
    ],
    "nutritionUnitText": "Näringsvärde per 100 gram",
    "categories": {
      "mainCategory": "Kött, Chark & Fågel",
      "subCategories": [
        {
          "name": "Pålägg",
          "subSubCategories": [
            "Salami"
          ]
        }
      ]
    }
  },
  {
    "name": "Salami Chorizo skivad 150g Göl Pölser",
    "weightText": "0.15 kg",
    "caPart": "",
    "weightValue": 0.15,
    "weightUnit": "kg",
    "comparePrice": "186,33 kr/kg",
    "currentPrice": 27.95,
    "attributes": [],
    "imgUrl": "https://handlaprivatkund.ica.se/images-v3/bf7a00ca-390e-4769-865f-dc369586872e/1187d8a2-38d6-4885-8ac3-c62540add46d/500x500.jpg",
    "productInformation": "Gol Chorizosalami är skivad och har paprika- och chilismak. Passar på en smörgås eller som topping på pizzan. Återförslutningsbar förpackning.",
    "countryText": "",
    "companyText": "Gol Pölser",
    "ingrediensText": "Ingredienser: Griskött, salt, fett fläsk, kryddor (inkl. chili), druvsocker, kryddextrakt, antioxidationsmedel (E 301, E 300), jästextrakt, vitlökspulver, surhetsreglerande medel (E 330), starterkultur, konserveringsmedel (E 250). Till 100 g färdigvara har använts 126 g griskött. Rökt och torkat.",
    "storage": "",
    "allergens": "",
    "usage": "",
    "nutrition": [
      {
        "Näringsvärde": "Energi (kcal)",
        "100 Gram": "447 kcal"
      },
      {
        "Näringsvärde": "Energi (kJ)",
        "100 Gram": "1849 kJ"
      },
      {
        "Näringsvärde": "Fett",
        "100 Gram": "41 g"
      },
      {
        "Näringsvärde": "Varav mättat fett",
        "100 Gram": "16 g"
      },
      {
        "Näringsvärde": "Kolhydrat",
        "100 Gram": "0.5 g"
      },
      {
        "Näringsvärde": "Varav sockerarter",
        "100 Gram": "0.5 g"
      },
      {
        "Näringsvärde": "Protein",
        "100 Gram": "19 g"
      },
      {
        "Näringsvärde": "Salt",
        "100 Gram": "3.7 g"
      }
    ],
    "nutritionUnitText": "Näringsvärde per 100 gram",
    "categories": {
      "mainCategory": "Kött, Chark & Fågel",
      "subCategories": [
        {
          "name": "Pålägg",
          "subSubCategories": [
            "Salami"
          ]
        }
      ]
    }
  },
  {
    "name": "Julskinka Kokt Mor Matildas 100g Jakobsdals",
    "weightText": "0.1 kg",
    "caPart": "",
    "weightValue": 0.1,
    "weightUnit": "kg",
    "comparePrice": "250,00 kr/kg",
    "currentPrice": 25,
    "attributes": [
      "Kött från Sverige"
    ],
    "imgUrl": "https://handlaprivatkund.ica.se/images-v3/bf7a00ca-390e-4769-865f-dc369586872e/e12a18f8-f857-4c59-a16a-c4e2a6d715a0/500x500.jpg",
    "productInformation": "",
    "countryText": "",
    "companyText": "Jakobsdals",
    "ingrediensText": "Ingredienser: Skinka 96% (helmuskel), salt, druvsocker (majs), antioxidationsmedel E325, E301, SENAP (vatten, SENAPSFRÖ, ättiksprit, socker, salt, kryddor), ströbröd (majsgryn), stabiliseringsmedel E451, kryddor, kryddextrakt (muskot), konserveringsmedel E250.",
    "storage": "Lägsta förvaringstemperatur 0°C Högsta förvaringstemperatur 8°C",
    "allergens": "",
    "usage": "",
    "nutrition": [
      {
        "Näringsvärde": "Energi (kcal)",
        "100 Gram": "110 kcal"
      },
      {
        "Näringsvärde": "Energi (kJ)",
        "100 Gram": "440 kJ"
      },
      {
        "Näringsvärde": "Fett",
        "100 Gram": "1.4 g"
      },
      {
        "Näringsvärde": "Varav mättat fett",
        "100 Gram": "0.5 g"
      },
      {
        "Näringsvärde": "Kolhydrat",
        "100 Gram": "2.6 g"
      },
      {
        "Näringsvärde": "Varav sockerarter",
        "100 Gram": "1.4 g"
      },
      {
        "Näringsvärde": "Protein",
        "100 Gram": "20 g"
      },
      {
        "Näringsvärde": "Salt",
        "100 Gram": "3.3 g"
      }
    ],
    "nutritionUnitText": "Näringsvärde per 100 gram",
    "categories": {
      "mainCategory": "Kött, Chark & Fågel",
      "subCategories": [
        {
          "name": "Kött",
          "subSubCategories": [
            "Fläsk",
            "Julskinka"
          ]
        }
      ]
    }
  },
  {
    "name": "Salami Italiensk skivad 150g Göl Pölser",
    "weightText": "0.15 kg",
    "caPart": "",
    "weightValue": 0.15,
    "weightUnit": "kg",
    "comparePrice": "186,33 kr/kg",
    "currentPrice": 27.95,
    "attributes": [],
    "imgUrl": "https://handlaprivatkund.ica.se/images-v3/bf7a00ca-390e-4769-865f-dc369586872e/93399764-ed54-4b0b-bd64-25c12b1c49a2/500x500.jpg",
    "productInformation": "",
    "countryText": "",
    "companyText": "Gol Pölser",
    "ingrediensText": "Ingredienser: Griskött, nötkött, fett fläsk, salt, glukossirap, svartpeppar, antioxidationsmedel (E 301), druvsocker, jästextrakt, vitlök, kryddextrakt, konserveringsmedel (E 250). Till 100g färdigvara har använts 105 g griskött och 14 g nötkött.",
    "storage": "",
    "allergens": "",
    "usage": "",
    "nutrition": [
      {
        "Näringsvärde": "Energi (kcal)",
        "100 Gram": "453 kcal"
      },
      {
        "Näringsvärde": "Energi (kJ)",
        "100 Gram": "1872 kJ"
      },
      {
        "Näringsvärde": "Fett",
        "100 Gram": "41 g"
      },
      {
        "Näringsvärde": "Varav mättat fett",
        "100 Gram": "16 g"
      },
      {
        "Näringsvärde": "Kolhydrat",
        "100 Gram": "2.6 g"
      },
      {
        "Näringsvärde": "Varav sockerarter",
        "100 Gram": "0.7 g"
      },
      {
        "Näringsvärde": "Protein",
        "100 Gram": "18 g"
      },
      {
        "Näringsvärde": "Salt",
        "100 Gram": "4.6 g"
      }
    ],
    "nutritionUnitText": "Näringsvärde per 100 gram",
    "categories": {
      "mainCategory": "Kött, Chark & Fågel",
      "subCategories": [
        {
          "name": "Pålägg",
          "subSubCategories": [
            "Salami"
          ]
        }
      ]
    }
  },
  {
    "name": "Spareribs Naturell ca 1,2kg JMs Kött & Chark",
    "weightText": "Ca 1.2 kg",
    "caPart": "Ca",
    "weightValue": 1.2,
    "weightUnit": "kg",
    "comparePrice": "59,90 kr/kg",
    "currentPrice": 71.88,
    "attributes": [
      "Ursprungsland Sverige"
    ],
    "imgUrl": "https://handlaprivatkund.ica.se/images-v3/bf7a00ca-390e-4769-865f-dc369586872e/62f8bfc9-cc6b-4988-9291-ebf49006ea63/500x500.jpg",
    "productInformation": "",
    "countryText": "Sverige",
    "companyText": "JMs Kött & Chark",
    "ingrediensText": "",
    "storage": "",
    "allergens": "",
    "usage": "",
    "nutrition": [],
    "nutritionUnitText": "",
    "categories": {
      "mainCategory": "Kött, Chark & Fågel",
      "subCategories": [
        {
          "name": "Kött",
          "subSubCategories": [
            "Fläsk",
            "Revbensspjäll"
          ]
        }
      ]
    }
  },
  {
    "name": "Tryffelmix 70g Jakobsdals",
    "weightText": "0.07 kg",
    "caPart": "",
    "weightValue": 0.07,
    "weightUnit": "kg",
    "comparePrice": "357,14 kr/kg",
    "currentPrice": 25,
    "attributes": [],
    "imgUrl": "https://handlaprivatkund.ica.se/images-v3/bf7a00ca-390e-4769-865f-dc369586872e/c3173209-fa5d-46f5-984a-b4ce03872676/500x500.jpg",
    "productInformation": "",
    "countryText": "",
    "companyText": "Jakobsdal",
    "ingrediensText": "Ingredienser: Tryffelskinka: Fläskkött, salt, tryffel 0,7%, maltodextrin, druvsocker, socker, antioxidationsmedel E301, arom, konserveringsmedel E250. Till 100 g färdig vara har 145 g kött använts. Tryffelsalami: Griskött, salt, tryffel 0,6%, kryddor, vitlök, antioxidationsmedel E301, maltodextrin, druvsocker (majs), socker, tryffelarom, konserverings- medel E250. Till 100 g färdig vara har 140 g kött använts.",
    "storage": "",
    "allergens": "",
    "usage": "",
    "nutrition": [
      {
        "Näringsvärde": "Energi (kcal)",
        "100 Gram": "300 kcal"
      },
      {
        "Näringsvärde": "Energi (kJ)",
        "100 Gram": "1325 kJ"
      },
      {
        "Näringsvärde": "Fett",
        "100 Gram": "23 g"
      },
      {
        "Näringsvärde": "Varav mättat fett",
        "100 Gram": "8 g"
      },
      {
        "Näringsvärde": "Kolhydrat",
        "100 Gram": "1.7 g"
      },
      {
        "Näringsvärde": "Varav sockerarter",
        "100 Gram": "0.5 g"
      },
      {
        "Näringsvärde": "Protein",
        "100 Gram": "26 g"
      },
      {
        "Näringsvärde": "Salt",
        "100 Gram": "6.1 g"
      }
    ],
    "nutritionUnitText": "Näringsvärde per 100 gram",
    "categories": {
      "mainCategory": "Kött, Chark & Fågel",
      "subCategories": [
        {
          "name": "Pålägg",
          "subSubCategories": [
            "Påläggskorv"
          ]
        }
      ]
    }
  },
  {
    "name": "Nötfärs Färsk 12% 1kg ICA",
    "weightText": "1 kg",
    "caPart": "",
    "weightValue": 1,
    "weightUnit": "kg",
    "comparePrice": "141,00 kr/kg",
    "currentPrice": 141,
    "attributes": [
      "Kött från Sverige"
    ],
    "imgUrl": "https://handlaprivatkund.ica.se/images-v3/bf7a00ca-390e-4769-865f-dc369586872e/fd5a1dfe-e8d3-47a6-b262-dc53607366c4/500x500.jpg",
    "productInformation": "Nötfärs med 12 % fetthalt från svenska gårdar.",
    "countryText": "",
    "companyText": "ICA",
    "ingrediensText": "Finmald färs av nöt**. **Fött, uppfött, slaktat och styckat i Sverige. Berett (malet) i Sverige 507.",
    "storage": "",
    "allergens": "",
    "usage": "",
    "nutrition": [
      {
        "Näringsvärde": "Energi (kcal)",
        "100 Gram": "184 kcal"
      },
      {
        "Näringsvärde": "Energi (kJ)",
        "100 Gram": "767 kJ"
      },
      {
        "Näringsvärde": "Fett",
        "100 Gram": "12 g"
      },
      {
        "Näringsvärde": "Varav mättat fett",
        "100 Gram": "5.3 g"
      },
      {
        "Näringsvärde": "Kolhydrat",
        "100 Gram": "0.5 g"
      },
      {
        "Näringsvärde": "Varav sockerarter",
        "100 Gram": "0.5 g"
      },
      {
        "Näringsvärde": "Protein",
        "100 Gram": "19 g"
      },
      {
        "Näringsvärde": "Salt",
        "100 Gram": "0.2 g"
      }
    ],
    "nutritionUnitText": "Näringsvärde per 100 gram",
    "categories": {
      "mainCategory": "Kött, Chark & Fågel",
      "subCategories": [
        {
          "name": "Köttfärs",
          "subSubCategories": [
            "Nötfärs"
          ]
        }
      ]
    }
  },
  {
    "name": "Nötfärs Färsk 12% 500g ICA",
    "weightText": "0.5 kg",
    "caPart": "",
    "weightValue": 0.5,
    "weightUnit": "kg",
    "comparePrice": "153,90 kr/kg",
    "currentPrice": 76.95,
    "attributes": [
      "Kött från Sverige"
    ],
    "imgUrl": "https://handlaprivatkund.ica.se/images-v3/bf7a00ca-390e-4769-865f-dc369586872e/0aa2bf8c-62de-473d-94ac-297b05286f22/500x500.jpg",
    "productInformation": "Nötfärs från svenska gårdar.",
    "countryText": "",
    "companyText": "ICA",
    "ingrediensText": "Finmald färs av nöt**. **Fött, uppfött, slaktat och styckat i Sverige. Berett (malet) i Sverige 507.",
    "storage": "Kylvara. Förvaras vid max 4°C. Lägsta förvaringstemperatur 0°C Högsta förvaringstemperatur 4°C",
    "allergens": "",
    "usage": "",
    "nutrition": [
      {
        "Näringsvärde": "Energi (kcal)",
        "100 Gram": "184 kcal"
      },
      {
        "Näringsvärde": "Energi (kJ)",
        "100 Gram": "767 kJ"
      },
      {
        "Näringsvärde": "Fett",
        "100 Gram": "12 g"
      },
      {
        "Näringsvärde": "Varav mättat fett",
        "100 Gram": "5.3 g"
      },
      {
        "Näringsvärde": "Kolhydrat",
        "100 Gram": "0.5 g"
      },
      {
        "Näringsvärde": "Varav sockerarter",
        "100 Gram": "0.5 g"
      },
      {
        "Näringsvärde": "Protein",
        "100 Gram": "19 g"
      },
      {
        "Näringsvärde": "Salt",
        "100 Gram": "0.2 g"
      }
    ],
    "nutritionUnitText": "Näringsvärde per 100 gram",
    "categories": {
      "mainCategory": "Kött, Chark & Fågel",
      "subCategories": [
        {
          "name": "Köttfärs",
          "subSubCategories": [
            "Nötfärs"
          ]
        }
      ]
    }
  },
  {
    "name": "Skinka Källarrökt i skivor ca 14g Scan",
    "weightText": "Ca 0.014 kg",
    "caPart": "Ca",
    "weightValue": 0.014,
    "weightUnit": "kg",
    "comparePrice": "329,50 kr/kg",
    "currentPrice": 4.61,
    "attributes": [
      "Ursprungsland Sverige"
    ],
    "imgUrl": "https://handlaprivatkund.ica.se/images-v3/bf7a00ca-390e-4769-865f-dc369586872e/4235ce37-90a0-4a5f-931a-fbdd24d7db57/500x500.jpg",
    "productInformation": "Skivad skinka rökt med bokved och enris. Passar till frukost, mellanmål eller på en hemlagad pizza tillsammans med tomatsås, oregano och ost.",
    "countryText": "Sverige",
    "companyText": "Scan",
    "ingrediensText": "INGREDIENSER: Svensk skinka 95% (helmuskel), salt, druvsocker, glukossirap, stabiliseringsmedel (E451), antioxidationsmedel (E301), konserveringsmedel (E250).",
    "storage": "Lägsta förvaringstemperatur 0°C Högsta förvaringstemperatur 8°C",
    "allergens": "",
    "usage": "",
    "nutrition": [],
    "nutritionUnitText": "",
    "categories": {
      "mainCategory": "Butikens egna varor",
      "subCategories": [
        {
          "name": "Egen delikatesschark",
          "subSubCategories": []
        }
      ]
    }
  },
  {
    "name": "Gourmetskinka Rökt Tunna Skivor 200g Pärsons",
    "weightText": "0.2 kg",
    "caPart": "",
    "weightValue": 0.2,
    "weightUnit": "kg",
    "comparePrice": "154,75 kr/kg",
    "currentPrice": 30.95,
    "attributes": [
      "Nyckelhålet",
      "Kött från Sverige",
      "Ursprungsland Sverige"
    ],
    "imgUrl": "https://handlaprivatkund.ica.se/images-v3/bf7a00ca-390e-4769-865f-dc369586872e/98df3024-d853-4817-825a-7cb9d6e39cd9/500x500.jpg",
    "productInformation": "Vår klassiska varmrökta gourmetskinka är Sveriges mest köpta – testa den och du förstår varför. Här kombineras en smakrik karaktär med en tunn och mjäll konsistens.",
    "countryText": "Sverige",
    "companyText": "Pärsons",
    "ingrediensText": "INGREDIENSER: Svensk skinka (skinkbitar 90%), koksalt, antioxidationsmedel (E326, E301, E331), druvsocker, socker, stabiliseringsmedel E452, konserveringsmedel E250, rökarom. Varmrökt.",
    "storage": "",
    "allergens": "",
    "usage": "",
    "nutrition": [],
    "nutritionUnitText": "Näringsvärde per styck",
    "categories": {
      "mainCategory": "Kött, Chark & Fågel",
      "subCategories": [
        {
          "name": "Pålägg",
          "subSubCategories": [
            "Skinka"
          ]
        }
      ]
    }
  },
  {
    "name": "Kycklingfilé Fryst 1kg Kronfågel",
    "weightText": "1 kg",
    "caPart": "",
    "weightValue": 1,
    "weightUnit": "kg",
    "comparePrice": "101,00 kr/kg",
    "currentPrice": 101,
    "attributes": [
      "Ursprungsland Sverige",
      "Svensk Fågel"
    ],
    "imgUrl": "https://handlaprivatkund.ica.se/images-v3/bf7a00ca-390e-4769-865f-dc369586872e/cf783a5c-a4bf-4d2f-a577-a73b71e1fa1a/500x500.jpg",
    "productInformation": "Mörad kycklingfilé från Kronfågel är den ädlaste delen på kycklingen. Med sin milda smak lämpar den sig för att marineras och kryddas i det oändliga. Tinas 6-7 timmar före tillagning. Kycklingfilé kan stekas i panna eller ugn samt serveras med potatisgratäng, pasta eller en fräsch sallad. 100 % svensk kyckling omsorgsfullt uppfödd på våra svenska gårdar, vilket innebär god djurhållning, högsta kvalitet och hälsosam, klimatsmart mat på tallriken.",
    "countryText": "Sverige",
    "companyText": "Kronfågel",
    "ingrediensText": "Kycklingbröstfilé 87%, vatten, salt. Ursprung kyckling: Född, uppväxt, slaktad i Sverige.",
    "storage": "",
    "allergens": "",
    "usage": "",
    "nutrition": [
      {
        "Näringsvärde": "Energi (kcal)",
        "100 Gram": "90 kcal"
      },
      {
        "Näringsvärde": "Energi (kJ)",
        "100 Gram": "400 kJ"
      },
      {
        "Näringsvärde": "Fett",
        "100 Gram": "1.5 g"
      },
      {
        "Näringsvärde": "Varav mättat fett",
        "100 Gram": "0.5 g"
      },
      {
        "Näringsvärde": "Kolhydrat",
        "100 Gram": "0.5 g"
      },
      {
        "Näringsvärde": "Varav sockerarter",
        "100 Gram": "0.5 g"
      },
      {
        "Näringsvärde": "Protein",
        "100 Gram": "19 g"
      },
      {
        "Näringsvärde": "Salt",
        "100 Gram": "0.6 g"
      }
    ],
    "nutritionUnitText": "Näringsvärde per 100 gram",
    "categories": {
      "mainCategory": "Kött, Chark & Fågel",
      "subCategories": [
        {
          "name": "Kyckling & Fågel",
          "subSubCategories": [
            "Kycklingfilé"
          ]
        }
      ]
    }
  },
  {
    "name": "Bacon 140g Scan",
    "weightText": "0.14 kg",
    "caPart": "",
    "weightValue": 0.14,
    "weightUnit": "kg",
    "comparePrice": "121,07 kr/kg",
    "currentPrice": 16.95,
    "attributes": [],
    "imgUrl": "https://handlaprivatkund.ica.se/images-v3/bf7a00ca-390e-4769-865f-dc369586872e/90e0200b-c09d-45b6-ac39-23535451f239/500x500.jpg",
    "productInformation": "Stek bacon och ät med äggröra och en frisk sallad, ha i ugnspannkaka eller toppa över en krämig pasta tillsammans med lite riven parmesan.",
    "countryText": "",
    "companyText": "Scan",
    "ingrediensText": "INGREDIENSER: Svenskt sidfläsk av gris (96%), koksalt, antioxidationsmedel E301, konserveringsmedel E250, rökarom.",
    "storage": "",
    "allergens": "",
    "usage": "",
    "nutrition": [],
    "nutritionUnitText": "Näringsvärde per styck",
    "categories": {
      "mainCategory": "Kött, Chark & Fågel",
      "subCategories": [
        {
          "name": "Matchark",
          "subSubCategories": [
            "Bacon & stekfläsk"
          ]
        }
      ]
    }
  },
  {
    "name": "Falukorv Ring 800g ICA",
    "weightText": "0.8 kg",
    "caPart": "",
    "weightValue": 0.8,
    "weightUnit": "kg",
    "comparePrice": "44,94 kr/kg",
    "currentPrice": 35.95,
    "attributes": [
      "Glutenfritt",
      "Kött från Sverige",
      "Ursprungsland Sverige",
      "Laktosfritt"
    ],
    "imgUrl": "https://handlaprivatkund.ica.se/images-v3/bf7a00ca-390e-4769-865f-dc369586872e/0a0ef888-14c8-4673-8646-2835f0cb2569/500x500.jpg",
    "productInformation": "ICA Falukorv Ring är gjord på svenskt kött och blir en bra start till en god middag eftersom den kan varieras i evigheter. En klassisk korv stroganoff ligger förstås nära till hands med den är också perfekt att gratinera i ugn eller varför inte bara steka upp och servera med pasta eller stuvad potatis.",
    "countryText": "Sverige",
    "companyText": "ICA",
    "ingrediensText": "Gris- och nötkött* 59%, vatten, fett från gris*, potatisstärkelse, salt, kryddor och kryddextrakt (muskot, svartpeppar, koriander, cayennepeppar), lökpulver, druvsocker, antioxidationsmedel (E300), konserveringsmedel (E250), rökarom. *Fött, uppfött och slaktat i Sverige.",
    "storage": "",
    "allergens": "",
    "usage": "Kylvara. Förvaras vid högst +8°C. Ej ätbart korvskinn",
    "nutrition": [
      {
        "Näringsvärde": "Energi (kcal)",
        "100 Gram": "260 kcal"
      },
      {
        "Näringsvärde": "Energi (kJ)",
        "100 Gram": "1100 kJ"
      },
      {
        "Näringsvärde": "Fett",
        "100 Gram": "23 g"
      },
      {
        "Näringsvärde": "Varav mättat fett",
        "100 Gram": "11 g"
      },
      {
        "Näringsvärde": "Kolhydrat",
        "100 Gram": "4.5 g"
      },
      {
        "Näringsvärde": "Varav sockerarter",
        "100 Gram": "0.5 g"
      },
      {
        "Näringsvärde": "Protein",
        "100 Gram": "8.8 g"
      },
      {
        "Näringsvärde": "Salt",
        "100 Gram": "1.7 g"
      }
    ],
    "nutritionUnitText": "Näringsvärde per 100 gram",
    "categories": {
      "mainCategory": "Kött, Chark & Fågel",
      "subCategories": [
        {
          "name": "Korv",
          "subSubCategories": [
            "Glutenfri korv"
          ]
        }
      ]
    }
  },
  {
    "name": "Bacon Skivat 3-p 420g ICA",
    "weightText": "0.42 kg",
    "caPart": "",
    "weightValue": 0.42,
    "weightUnit": "kg",
    "comparePrice": "96,43 kr/kg",
    "currentPrice": 40.5,
    "attributes": [
      "Kött från Sverige",
      "Ursprungsland Sverige"
    ],
    "imgUrl": "https://handlaprivatkund.ica.se/images-v3/bf7a00ca-390e-4769-865f-dc369586872e/87633e07-5d3e-48f2-bee8-a9a1bb5eb198/500x500.jpg",
    "productInformation": "ICA Bacon är ett smakrikt och bokspånsrökt bacon med tydlig sälta, tillverkat i Halmstad på svenskt kött. Det passar både till äggröran på morgonen, de amerikanska pannkakorna på brunchen och i pastasåsen till middagen. Du kan också steka det knaperstekt och smula över salladen för lite extra crunch och smak. Stek i het panna några minuter på varje sida och låt droppa av på lite hushållspapper.",
    "countryText": "Sverige",
    "companyText": "ICA",
    "ingrediensText": "Ingredienser: Griskött* 95%, salt, antioxidationsmedel (E301, E331), glukossirap, konserveringsmedel (E250). *Fött, uppfött och slaktat i Sverige.",
    "storage": "Lägsta förvaringstemperatur 0°C Högsta förvaringstemperatur 8°C",
    "allergens": "",
    "usage": "",
    "nutrition": [
      {
        "Näringsvärde": "Energi (kcal)",
        "100 Gram": "259 kcal"
      },
      {
        "Näringsvärde": "Energi (kJ)",
        "100 Gram": "1075 kJ"
      },
      {
        "Näringsvärde": "Fett",
        "100 Gram": "21 g"
      },
      {
        "Näringsvärde": "Varav mättat fett",
        "100 Gram": "8 g"
      },
      {
        "Näringsvärde": "Kolhydrat",
        "100 Gram": "0.5 g"
      },
      {
        "Näringsvärde": "Varav sockerarter",
        "100 Gram": "0.5 g"
      },
      {
        "Näringsvärde": "Protein",
        "100 Gram": "17 g"
      },
      {
        "Näringsvärde": "Salt",
        "100 Gram": "2.2 g"
      }
    ],
    "nutritionUnitText": "",
    "categories": {
      "mainCategory": "Kött, Chark & Fågel",
      "subCategories": [
        {
          "name": "Matchark",
          "subSubCategories": [
            "Bacon & stekfläsk"
          ]
        }
      ]
    }
  },
  {
    "name": "Bacon Skivat 3-pack 420g Scan",
    "weightText": "0.42 kg",
    "caPart": "",
    "weightValue": 0.42,
    "weightUnit": "kg",
    "comparePrice": "105,95 kr/kg",
    "currentPrice": 44.5,
    "attributes": [],
    "imgUrl": "https://handlaprivatkund.ica.se/images-v3/bf7a00ca-390e-4769-865f-dc369586872e/5671fdc0-c625-413c-aca3-3321fb4cff6b/500x500.jpg",
    "productInformation": "Bacon, som är rökt och rimmat sidfläsk, är en riktig svensk klassiker som alltid är lika populär. Just detta bacon tillhör vårt Scan Piggham-sortiment, vilket består av extra gott, saftigt och smakrikt kött. Och självklart innehåller alla våra produkter enbart kött från svenska gårdar.",
    "countryText": "",
    "companyText": "Scan",
    "ingrediensText": "INGREDIENSER: Svenskt sidfläsk av gris (96%), koksalt, antioxidationsmedel E301, konserveringsmedel E250, rökarom.",
    "storage": "Högsta förvaringstemperatur 8°C",
    "allergens": "",
    "usage": "",
    "nutrition": [
      {
        "Näringsvärde": "Energi (kcal)",
        "100 Gram": "300 kcal"
      },
      {
        "Näringsvärde": "Energi (kJ)",
        "100 Gram": "1250 kJ"
      },
      {
        "Näringsvärde": "Fett",
        "100 Gram": "28 g"
      },
      {
        "Näringsvärde": "Varav mättat fett",
        "100 Gram": "11 g"
      },
      {
        "Näringsvärde": "Kolhydrat",
        "100 Gram": "0 g"
      },
      {
        "Näringsvärde": "Varav sockerarter",
        "100 Gram": "0 g"
      },
      {
        "Näringsvärde": "Protein",
        "100 Gram": "13 g"
      },
      {
        "Näringsvärde": "Salt",
        "100 Gram": "2.2 g"
      },
      {
        "Näringsvärde": "Kalcium",
        "100 Gram": "7 mg"
      },
      {
        "Näringsvärde": "Järn",
        "100 Gram": "0.6 mg"
      },
      {
        "Näringsvärde": "Zink",
        "100 Gram": "1.15 mg"
      }
    ],
    "nutritionUnitText": "",
    "categories": {
      "mainCategory": "Kött, Chark & Fågel",
      "subCategories": [
        {
          "name": "Matchark",
          "subSubCategories": [
            "Bacon & stekfläsk"
          ]
        }
      ]
    }
  },
  {
    "name": "Blandfärs Färsk 21% 500g ICA",
    "weightText": "0.5 kg",
    "caPart": "",
    "weightValue": 0.5,
    "weightUnit": "kg",
    "comparePrice": "115,90 kr/kg",
    "currentPrice": 57.95,
    "attributes": [
      "Kött från Sverige"
    ],
    "imgUrl": "https://handlaprivatkund.ica.se/images-v3/bf7a00ca-390e-4769-865f-dc369586872e/6f641322-fafd-46da-b340-ec3b3e97bcd0/500x500.jpg",
    "productInformation": "Blandfärs med 21 % fetthalt från svenska gårdar.",
    "countryText": "",
    "companyText": "ICA",
    "ingrediensText": "Finmald färs av nöt** 50% och gris** 50%. **Fött, uppfött, slaktat och styckat i Sverige. Berett (malet) i Sverige 507.",
    "storage": "",
    "allergens": "",
    "usage": "",
    "nutrition": [
      {
        "Näringsvärde": "Energi (kcal)",
        "100 Gram": "265 kcal"
      },
      {
        "Näringsvärde": "Energi (kJ)",
        "100 Gram": "1100 kJ"
      },
      {
        "Näringsvärde": "Fett",
        "100 Gram": "21 g"
      },
      {
        "Näringsvärde": "Varav mättat fett",
        "100 Gram": "9.2 g"
      },
      {
        "Näringsvärde": "Kolhydrat",
        "100 Gram": "0.5 g"
      },
      {
        "Näringsvärde": "Varav sockerarter",
        "100 Gram": "0.5 g"
      },
      {
        "Näringsvärde": "Protein",
        "100 Gram": "19 g"
      },
      {
        "Näringsvärde": "Salt",
        "100 Gram": "0.2 g"
      }
    ],
    "nutritionUnitText": "Näringsvärde per 100 gram",
    "categories": {
      "mainCategory": "Kött, Chark & Fågel",
      "subCategories": [
        {
          "name": "Köttfärs",
          "subSubCategories": [
            "Blandfärs"
          ]
        }
      ]
    }
  },
  {
    "name": "Grillkorv Extra fin 75% Kötthalt 500g ICA",
    "weightText": "0.5 kg",
    "caPart": "",
    "weightValue": 0.5,
    "weightUnit": "kg",
    "comparePrice": "75,90 kr/kg",
    "currentPrice": 37.95,
    "attributes": [
      "Glutenfritt",
      "Kött från Sverige",
      "Ursprungsland Sverige",
      "Laktosfritt"
    ],
    "imgUrl": "https://handlaprivatkund.ica.se/images-v3/bf7a00ca-390e-4769-865f-dc369586872e/0b8ddd69-f97e-4373-b029-7e861a49d08e/500x500.jpg",
    "productInformation": "ICA Grillkorv är en extra fin svensk korv med hög kötthalt på 75%. Passar perfekt på grillen eller att steka upp. Skär ett par snitt i korven innan du börjar laga.",
    "countryText": "Sverige",
    "companyText": "ICA",
    "ingrediensText": "Gris*- och nötkött* 75%, vatten, potatismjöl, salt, fett från gris*, socker, kryddor (vitpeppar, lökpulver, paprikapulver), antioxidationsmedel (E300), konserveringsmedel (E250), rökarom, korven är skinnfri.*Fött, uppfött och slaktat i Sverige.",
    "storage": "Kylvara: Förvaras vid högst +8°C",
    "allergens": "",
    "usage": "",
    "nutrition": [
      {
        "Näringsvärde": "Energi (kcal)",
        "100 Gram": "265 kcal"
      },
      {
        "Näringsvärde": "Energi (kJ)",
        "100 Gram": "1098 kJ"
      },
      {
        "Näringsvärde": "Fett",
        "100 Gram": "23 g"
      },
      {
        "Näringsvärde": "Varav mättat fett",
        "100 Gram": "9.1 g"
      },
      {
        "Näringsvärde": "Kolhydrat",
        "100 Gram": "3.5 g"
      },
      {
        "Näringsvärde": "Varav sockerarter",
        "100 Gram": "0.7 g"
      },
      {
        "Näringsvärde": "Protein",
        "100 Gram": "11 g"
      },
      {
        "Näringsvärde": "Salt",
        "100 Gram": "1.9 g"
      }
    ],
    "nutritionUnitText": "Näringsvärde per 100 gram",
    "categories": {
      "mainCategory": "Kött, Chark & Fågel",
      "subCategories": [
        {
          "name": "Korv",
          "subSubCategories": [
            "Glutenfri korv"
          ]
        }
      ]
    }
  },
  {
    "name": "Blandfärs Färsk 50/50 1kg ICA",
    "weightText": "1 kg",
    "caPart": "",
    "weightValue": 1,
    "weightUnit": "kg",
    "comparePrice": "113,00 kr/kg",
    "currentPrice": 113,
    "attributes": [
      "Kött från Sverige"
    ],
    "imgUrl": "https://handlaprivatkund.ica.se/images-v3/bf7a00ca-390e-4769-865f-dc369586872e/425371e3-fa92-4937-ba2f-b173d0c3d5ac/500x500.jpg",
    "productInformation": "Blandfärs av 50 % nöt och 50 % fläsk med en fetthalt på 20 %. Från svenska gårdar.",
    "countryText": "",
    "companyText": "ICA",
    "ingrediensText": "Finmald färs av nöt** 50% och gris** 50%. **Fött, uppfött, slaktat och styckat i Sverige. Berett (malet) i Sverige 507.",
    "storage": "",
    "allergens": "",
    "usage": "",
    "nutrition": [
      {
        "Näringsvärde": "Energi (kcal)",
        "100 Gram": "265 kcal"
      },
      {
        "Näringsvärde": "Energi (kJ)",
        "100 Gram": "1100 kJ"
      },
      {
        "Näringsvärde": "Fett",
        "100 Gram": "21 g"
      },
      {
        "Näringsvärde": "Varav mättat fett",
        "100 Gram": "9.2 g"
      },
      {
        "Näringsvärde": "Kolhydrat",
        "100 Gram": "0.5 g"
      },
      {
        "Näringsvärde": "Varav sockerarter",
        "100 Gram": "0.5 g"
      },
      {
        "Näringsvärde": "Protein",
        "100 Gram": "19 g"
      },
      {
        "Näringsvärde": "Salt",
        "100 Gram": "0.2 g"
      }
    ],
    "nutritionUnitText": "Näringsvärde per 100 gram",
    "categories": {
      "mainCategory": "Kött, Chark & Fågel",
      "subCategories": [
        {
          "name": "Köttfärs",
          "subSubCategories": [
            "Blandfärs"
          ]
        }
      ]
    }
  },
  {
    "name": "Kalkon Rökt Tunna Skivor 200g Pärsons",
    "weightText": "0.2 kg",
    "caPart": "",
    "weightValue": 0.2,
    "weightUnit": "kg",
    "comparePrice": "184,75 kr/kg",
    "currentPrice": 36.95,
    "attributes": [
      "Nyckelhålet"
    ],
    "imgUrl": "https://handlaprivatkund.ica.se/images-v3/bf7a00ca-390e-4769-865f-dc369586872e/ae45966b-2153-462f-b815-8d8fa888a236/500x500.jpg",
    "productInformation": "Pärsons rökta kalkon är smak och fettsnålhet i ett! Pålägget är gjort på utvalda kalkonbröst som först saltas innan de röks. Mycket saftig konsistens. Endast 2% fett.",
    "countryText": "",
    "companyText": "Pärsons",
    "ingrediensText": "INGREDIENSER: Kalkonkött* 82%, vatten, koksalt, antioxidationsmedel (E326: E301), stabiliseringsmedel (E451), potatisstärkelse, druvsocker, potatisfiber, socker, konserveringsmedel (E250), rökarom. Varmrökt. *Ursprung: EU.",
    "storage": "",
    "allergens": "",
    "usage": "",
    "nutrition": [
      {
        "Näringsvärde": "Energi (kcal)",
        "100 Gram": "100 kcal"
      },
      {
        "Näringsvärde": "Energi (kJ)",
        "100 Gram": "410 kJ"
      },
      {
        "Näringsvärde": "Fett",
        "100 Gram": "2 g"
      },
      {
        "Näringsvärde": "Varav mättat fett",
        "100 Gram": "0.9 g"
      },
      {
        "Näringsvärde": "Kolhydrat",
        "100 Gram": "1 g"
      },
      {
        "Näringsvärde": "Varav sockerarter",
        "100 Gram": "0.4 g"
      },
      {
        "Näringsvärde": "Protein",
        "100 Gram": "19 g"
      },
      {
        "Näringsvärde": "Salt",
        "100 Gram": "2.2 g"
      }
    ],
    "nutritionUnitText": "Näringsvärde per 100 gram",
    "categories": {
      "mainCategory": "Kött, Chark & Fågel",
      "subCategories": [
        {
          "name": "Pålägg",
          "subSubCategories": [
            "Fågel"
          ]
        }
      ]
    }
  },
  {
    "name": "Fläskytterfilé Färsk Mörmarinerad ca 1kg ICA",
    "weightText": "Ca 1 kg",
    "caPart": "Ca",
    "weightValue": 1,
    "weightUnit": "kg",
    "comparePrice": "97,95 kr/kg",
    "currentPrice": 97.95,
    "attributes": [
      "Kött från Sverige",
      "Ursprungsland Sverige"
    ],
    "imgUrl": "https://handlaprivatkund.ica.se/images-v3/bf7a00ca-390e-4769-865f-dc369586872e/f94071f7-81e1-483d-a09b-3b1b792ecaa3/500x500.jpg",
    "productInformation": "ICA Fläskytterfilé är en mörad filébit från svenska gårdar. Den passar att helsteka i ugn, i pannan eller grilla men den blir också fantastisk att skära ner och låta ta plats i en pastasås eller gryta. Fläsk passar bra med lite sötma, så servera gärna med en cidersås eller varför inte späcka med plommon!",
    "countryText": "Sverige",
    "companyText": "ICA",
    "ingrediensText": "INGREDIENSER: Benfri kotlett av gris* 88%, vatten, salt, druvsocker, vinäger, naturliga aromer, glutenfri HAVREfiber. *Fött, uppfött, slaktat och styckat i Sverige.",
    "storage": "",
    "allergens": "",
    "usage": "",
    "nutrition": [
      {
        "Näringsvärde": "Energi (kcal)",
        "100 Gram": "122 kcal"
      },
      {
        "Näringsvärde": "Energi (kJ)",
        "100 Gram": "511 kJ"
      },
      {
        "Näringsvärde": "Fett",
        "100 Gram": "5.3 g"
      },
      {
        "Näringsvärde": "Varav mättat fett",
        "100 Gram": "2.3 g"
      },
      {
        "Näringsvärde": "Kolhydrat",
        "100 Gram": "0.8 g"
      },
      {
        "Näringsvärde": "Varav sockerarter",
        "100 Gram": "0.5 g"
      },
      {
        "Näringsvärde": "Protein",
        "100 Gram": "18 g"
      },
      {
        "Näringsvärde": "Salt",
        "100 Gram": "1 g"
      }
    ],
    "nutritionUnitText": "Näringsvärde per 100 gram",
    "categories": {
      "mainCategory": "Kött, Chark & Fågel",
      "subCategories": [
        {
          "name": "Kött",
          "subSubCategories": [
            "Fläsk",
            "Fläskytterfilé"
          ]
        }
      ]
    }
  },
  {
    "name": "Lantskinka Rökt 120g ICA",
    "weightText": "0.12 kg",
    "caPart": "",
    "weightValue": 0.12,
    "weightUnit": "kg",
    "comparePrice": "191,25 kr/kg",
    "currentPrice": 22.95,
    "attributes": [
      "Nyckelhålet",
      "Kött från Sverige",
      "Ursprungsland Sverige"
    ],
    "imgUrl": "https://handlaprivatkund.ica.se/images-v3/bf7a00ca-390e-4769-865f-dc369586872e/10494c42-0a4d-43e9-a53b-e42bbad49e03/500x500.jpg",
    "productInformation": "ICA Lantskinka Rökt är en svensk skinka som vi har rökt på alspån och enris för att få en saftig smak. God både på mackan, i pastasås eller på hemgjord pizza. \n \n Alspåns- och enrisrökt.",
    "countryText": "Sverige",
    "companyText": "ICA",
    "ingrediensText": "Ingredienser: Skinka av gris* (helmuskel) 95%, salt, stabiliseringsmedel (E451), potatismjöl, druvsocker, potatisfiber, socker**, antioxidationssmedel (E301), konserveringsmedel (E250). *Fött, uppfött och slaktat i Sverige.**Ursprung Sverige.",
    "storage": "Lägsta förvaringstemperatur 0°C Högsta förvaringstemperatur 8°C",
    "allergens": "",
    "usage": "",
    "nutrition": [
      {
        "Näringsvärde": "Energi (kcal)",
        "100 Gram": "91 kcal"
      },
      {
        "Näringsvärde": "Energi (kJ)",
        "100 Gram": "380 kJ"
      },
      {
        "Näringsvärde": "Fett",
        "100 Gram": "1.4 g"
      },
      {
        "Näringsvärde": "Varav mättat fett",
        "100 Gram": "0.5 g"
      },
      {
        "Näringsvärde": "Kolhydrat",
        "100 Gram": "1.5 g"
      },
      {
        "Näringsvärde": "Varav sockerarter",
        "100 Gram": "0.5 g"
      },
      {
        "Näringsvärde": "Protein",
        "100 Gram": "17 g"
      },
      {
        "Näringsvärde": "Salt",
        "100 Gram": "2.1 g"
      }
    ],
    "nutritionUnitText": "Näringsvärde per 100 gram",
    "categories": {
      "mainCategory": "Kött, Chark & Fågel",
      "subCategories": [
        {
          "name": "Pålägg",
          "subSubCategories": [
            "Skinka"
          ]
        }
      ]
    }
  },
  {
    "name": "Skinka Rökt Tunna Skivor 200g ICA",
    "weightText": "0.2 kg",
    "caPart": "",
    "weightValue": 0.2,
    "weightUnit": "kg",
    "comparePrice": "119,75 kr/kg",
    "currentPrice": 23.95,
    "attributes": [
      "Nyckelhålet",
      "Kött från Sverige",
      "Ursprungsland Sverige"
    ],
    "imgUrl": "https://handlaprivatkund.ica.se/images-v3/bf7a00ca-390e-4769-865f-dc369586872e/0d2d886a-5e5a-48b5-be2f-a86da0267bfe/500x500.jpg",
    "productInformation": "ICA Skinka Rökt är en svensk skivad skinka med mild, rökig smak. Passar perfekt på smörgåsen eller i en sallad tillsammans med en smakrik ost.",
    "countryText": "Sverige",
    "companyText": "ICA",
    "ingrediensText": "Ingredienser: Skinka av gris* (helmuskel) 88%, vatten, salt, stabiliseringsmedel (E451), potatismjöl, druvsocker, potatisfiber, socker, antioxidationsmedel (E301), konserveringsmedel (E250). *Fött, uppfött och slaktat i Sverige.",
    "storage": "Lägsta förvaringstemperatur 0°C Högsta förvaringstemperatur 8°C",
    "allergens": "",
    "usage": "",
    "nutrition": [
      {
        "Näringsvärde": "Energi (kcal)",
        "100 Gram": "90 kcal"
      },
      {
        "Näringsvärde": "Energi (kJ)",
        "100 Gram": "381 kJ"
      },
      {
        "Näringsvärde": "Fett",
        "100 Gram": "1.1 g"
      },
      {
        "Näringsvärde": "Varav mättat fett",
        "100 Gram": "0.4 g"
      },
      {
        "Näringsvärde": "Kolhydrat",
        "100 Gram": "2 g"
      },
      {
        "Näringsvärde": "Varav sockerarter",
        "100 Gram": "0.5 g"
      },
      {
        "Näringsvärde": "Protein",
        "100 Gram": "18 g"
      },
      {
        "Näringsvärde": "Salt",
        "100 Gram": "2.4 g"
      }
    ],
    "nutritionUnitText": "",
    "categories": {
      "mainCategory": "Kött, Chark & Fågel",
      "subCategories": [
        {
          "name": "Pålägg",
          "subSubCategories": [
            "Skinka"
          ]
        }
      ]
    }
  },
  {
    "name": "Köttbullar Mamma Scans 1kg Scan",
    "weightText": "1 kg",
    "caPart": "",
    "weightValue": 1,
    "weightUnit": "kg",
    "comparePrice": "78,95 kr/kg",
    "currentPrice": 78.95,
    "attributes": [
      "Kött från Sverige",
      "Ursprungsland Sverige"
    ],
    "imgUrl": "https://handlaprivatkund.ica.se/images-v3/bf7a00ca-390e-4769-865f-dc369586872e/cb32c975-450c-4de5-a422-e9f577ebe40d/500x500.jpg",
    "productInformation": "Mamma Scans köttbullar är en smakrik klassiker och mångas favorit. De har samma goda smak och har rullats med omsorg i Skara sedan 1970. De är enkla att värma, passar till det mesta och går hem hos de flesta. I våra produkter ingår endast kött från svenska gårdar. Finns i 350 och 1000 gram.",
    "countryText": "Sverige",
    "companyText": "Scan",
    "ingrediensText": "INGREDIENSER: Svenskt gris- och nötkött (73%)*, vatten, potatismjöl, fett från nötkött*, lök, salt jodberikat, mineralsalt med mindre natrium, potatisfiber, druvsocker, socker, kryddor, kryddextrakt. *Ursprung Sverige. Stekta i animaliskt fett.",
    "storage": "Lägsta förvaringstemperatur 0°C Högsta förvaringstemperatur 8°C",
    "allergens": "",
    "usage": "",
    "nutrition": [
      {
        "Näringsvärde": "Energi (kcal)",
        "100 Gram": "220 kcal"
      },
      {
        "Näringsvärde": "Energi (kJ)",
        "100 Gram": "900 kJ"
      },
      {
        "Näringsvärde": "Fett",
        "100 Gram": "15 g"
      },
      {
        "Näringsvärde": "Varav mättat fett",
        "100 Gram": "6 g"
      },
      {
        "Näringsvärde": "Kolhydrat",
        "100 Gram": "8 g"
      },
      {
        "Näringsvärde": "Varav sockerarter",
        "100 Gram": "1.5 g"
      },
      {
        "Näringsvärde": "Protein",
        "100 Gram": "13 g"
      },
      {
        "Näringsvärde": "Salt",
        "100 Gram": "1.4 g"
      }
    ],
    "nutritionUnitText": "Näringsvärde per 100 gram",
    "categories": {
      "mainCategory": "Kött, Chark & Fågel",
      "subCategories": [
        {
          "name": "Matchark",
          "subSubCategories": [
            "Köttbullar & färsprodukter",
            "Köttbullar & färsprodukter, färska"
          ]
        }
      ]
    }
  },
  {
    "name": "Bacon skivat 140g ICA",
    "weightText": "0.14 kg",
    "caPart": "",
    "weightValue": 0.14,
    "weightUnit": "kg",
    "comparePrice": "103,57 kr/kg",
    "currentPrice": 14.5,
    "attributes": [
      "Kött från Sverige",
      "Ursprungsland Sverige"
    ],
    "imgUrl": "https://handlaprivatkund.ica.se/images-v3/bf7a00ca-390e-4769-865f-dc369586872e/c136d1d2-66c6-4596-939c-ebe3bffef1aa/500x500.jpg",
    "productInformation": "ICA Bacon är ett smakrikt och bokspånsrökt bacon med tydlig sälta, tillverkat i Halmstad på svenskt kött. Det passar både till äggröran på morgonen, de amerikanska pannkakorna på brunchen och i pastasåsen till middagen. Du kan också steka det knaperstekt och smula över salladen för lite extra crunch och smak. Stek i het panna några minuter på varje sida och låt droppa av på lite hushållspapper.",
    "countryText": "Sverige",
    "companyText": "ICA",
    "ingrediensText": "Ingredienser: Griskött* 95%, salt, antioxidationsmedel (E301, E331), glukossirap, konserveringsmedel (E250). *Fött, uppfött och slaktat i Sverige.",
    "storage": "Lägsta förvaringstemperatur 0°C Högsta förvaringstemperatur 8°C",
    "allergens": "",
    "usage": "",
    "nutrition": [
      {
        "Näringsvärde": "Energi (kcal)",
        "100 Gram": "230 kcal"
      },
      {
        "Näringsvärde": "Energi (kJ)",
        "100 Gram": "1075 kJ"
      },
      {
        "Näringsvärde": "Fett",
        "100 Gram": "21 g"
      },
      {
        "Näringsvärde": "Varav mättat fett",
        "100 Gram": "8 g"
      },
      {
        "Näringsvärde": "Kolhydrat",
        "100 Gram": "0.5 g"
      },
      {
        "Näringsvärde": "Varav sockerarter",
        "100 Gram": "0.5 g"
      },
      {
        "Näringsvärde": "Protein",
        "100 Gram": "17 g"
      },
      {
        "Näringsvärde": "Salt",
        "100 Gram": "2.2 g"
      }
    ],
    "nutritionUnitText": "",
    "categories": {
      "mainCategory": "Kött, Chark & Fågel",
      "subCategories": [
        {
          "name": "Matchark",
          "subSubCategories": [
            "Bacon & stekfläsk"
          ]
        }
      ]
    }
  },
  {
    "name": "Blodpudding 500g Gea´s",
    "weightText": "0.5 kg",
    "caPart": "",
    "weightValue": 0.5,
    "weightUnit": "kg",
    "comparePrice": "21,90 kr/kg",
    "currentPrice": 10.95,
    "attributes": [],
    "imgUrl": "https://handlaprivatkund.ica.se/images-v3/bf7a00ca-390e-4769-865f-dc369586872e/5bc9322a-d279-412d-a209-a675aec1c986/500x500.jpg",
    "productInformation": "Geas blodpudding skivar du upp och steker till middag. Servera med stekt bacon, rårörda lingon och ett glas apelsinjuice till.",
    "countryText": "",
    "companyText": "Gea s",
    "ingrediensText": "Vatten, fullkornsmjöl av RÅG, VETEmjöl, rapsolja, blodpulver från gris och nöt, socker, salt, kryddor (bl.a. ingefära, kanel, koriander, nejlika,) lök, mejram, arom, konserveringsmedel (E250).",
    "storage": "Kylvara: Högst +8°C.",
    "allergens": "",
    "usage": "Öppnad förpackning förvaras högst +8°C 3-5 dagar.",
    "nutrition": [
      {
        "Näringsvärde": "Energi (kcal)",
        "100 Gram": "200 kcal"
      },
      {
        "Näringsvärde": "Energi (kJ)",
        "100 Gram": "800 kJ"
      },
      {
        "Näringsvärde": "Fett",
        "100 Gram": "8.5 g"
      },
      {
        "Näringsvärde": "Varav mättat fett",
        "100 Gram": "0.6 g"
      },
      {
        "Näringsvärde": "Kolhydrat",
        "100 Gram": "22 g"
      },
      {
        "Näringsvärde": "Varav sockerarter",
        "100 Gram": "5.7 g"
      },
      {
        "Näringsvärde": "Protein",
        "100 Gram": "7.5 g"
      },
      {
        "Näringsvärde": "Salt",
        "100 Gram": "1.8 g"
      },
      {
        "Näringsvärde": "Järn",
        "100 Gram": "16 mg",
        "% av DRI(*)": "114"
      }
    ],
    "nutritionUnitText": "Näringsvärde per 100 gram",
    "categories": {
      "mainCategory": "Kött, Chark & Fågel",
      "subCategories": [
        {
          "name": "Matchark",
          "subSubCategories": [
            "Blodpudding"
          ]
        }
      ]
    }
  },
  {
    "name": "Delikatessköttbullar 450g Scan",
    "weightText": "0.45 kg",
    "caPart": "",
    "weightValue": 0.45,
    "weightUnit": "kg",
    "comparePrice": "117,67 kr/kg",
    "currentPrice": 52.95,
    "attributes": [
      "Kött från Sverige",
      "Ursprungsland Sverige"
    ],
    "imgUrl": "https://handlaprivatkund.ica.se/images-v3/bf7a00ca-390e-4769-865f-dc369586872e/454f8a78-5f4b-47e2-8e6f-f0fadf210335/500x500.jpg",
    "productInformation": "Våra smakrika delikatessköttbullar är lite mindre köttbullar som är allergenfria och har en hög kötthalt som bjuder på en härligt god och fyllig smak. Och självklart kommer köttet enbart från djur på svenska gårdar.",
    "countryText": "Sverige",
    "companyText": "Scan",
    "ingrediensText": "INGREDIENSER: Svenskt gris- och nötkött (76%)*, vatten, potatismjöl, fett från nötkött*, lök, potatisfiber, salt jodberikat, salt med mindre natrium, kryddor (bl.a. svartpeppar, spiskummin) socker, dextros, kryddextrakt (bl.a. chili). Stekta i animaliskt fett. *Ursprung: Sverige.",
    "storage": "Lägsta förvaringstemperatur -40°C Högsta förvaringstemperatur -18°C",
    "allergens": "",
    "usage": "",
    "nutrition": [
      {
        "Näringsvärde": "Energi (kcal)",
        "100 Gram": "220 kcal"
      },
      {
        "Näringsvärde": "Energi (kJ)",
        "100 Gram": "900 kJ"
      },
      {
        "Näringsvärde": "Fett",
        "100 Gram": "15 g"
      },
      {
        "Näringsvärde": "Varav mättat fett",
        "100 Gram": "6 g"
      },
      {
        "Näringsvärde": "Kolhydrat",
        "100 Gram": "8.5 g"
      },
      {
        "Näringsvärde": "Varav sockerarter",
        "100 Gram": "1.5 g"
      },
      {
        "Näringsvärde": "Protein",
        "100 Gram": "13 g"
      },
      {
        "Näringsvärde": "Salt",
        "100 Gram": "1.5 g"
      }
    ],
    "nutritionUnitText": "",
    "categories": {
      "mainCategory": "Jul",
      "subCategories": [
        {
          "name": "Julmat",
          "subSubCategories": [
            "Korv, Köttbullar & Rödbetssallad",
            "Köttbullar & Rödbetssallad"
          ]
        }
      ]
    }
  },
  {
    "name": "Kyckling bröstfile Fryst mörad 1kg ICA",
    "weightText": "1 kg",
    "caPart": "",
    "weightValue": 1,
    "weightUnit": "kg",
    "comparePrice": "90,95 kr/kg",
    "currentPrice": 90.95,
    "attributes": [
      "Nyckelhålet",
      "Ursprungsland Sverige",
      "Svensk Fågel"
    ],
    "imgUrl": "https://handlaprivatkund.ica.se/images-v3/bf7a00ca-390e-4769-865f-dc369586872e/1a8affa1-bd8d-4cfa-ad98-d7046fdced52/500x500.jpg",
    "productInformation": "ICA Kycklingbröstfilé Mörad kommer från utvalda gårdar runtom i Sverige och är en mör och mångsidig styckdetalj som du i princip kan göra vad du vill med. Helstek, koka, grilla, marinera, banka, tärna, puttra… alla sätt är rätt. Om du helsteker filén bör den få en innertemperatur på 72 grader och tillaga den gärna långsamt på lite lägre värme (cirka 150 grader).",
    "countryText": "Sverige",
    "companyText": "ICA",
    "ingrediensText": "Kycklingbröstfilé* 87%, vatten, salt. *Född, uppfödd och slaktad i Sverige. Var observant på att det kan förekomma enstaka ben.",
    "storage": "Frysvara: Förvaras vid -18°C.",
    "allergens": "",
    "usage": "Bör ej frysas efter upptining.",
    "nutrition": [
      {
        "Näringsvärde": "Energi (kcal)",
        "100 Gram": "91 kcal"
      },
      {
        "Näringsvärde": "Energi (kJ)",
        "100 Gram": "386 kJ"
      },
      {
        "Näringsvärde": "Fett",
        "100 Gram": "1 g"
      },
      {
        "Näringsvärde": "Varav mättat fett",
        "100 Gram": "0.5 g"
      },
      {
        "Näringsvärde": "Kolhydrat",
        "100 Gram": "0.5 g"
      },
      {
        "Näringsvärde": "Varav sockerarter",
        "100 Gram": "0.5 g"
      },
      {
        "Näringsvärde": "Protein",
        "100 Gram": "20 g"
      },
      {
        "Näringsvärde": "Salt",
        "100 Gram": "0.5 g"
      }
    ],
    "nutritionUnitText": "Näringsvärde per 100 gram",
    "categories": {
      "mainCategory": "Kött, Chark & Fågel",
      "subCategories": [
        {
          "name": "Kyckling & Fågel",
          "subSubCategories": [
            "Kycklingfilé"
          ]
        }
      ]
    }
  },
  {
    "name": "Grillkorv Kyckling 400g ICA",
    "weightText": "0.4 kg",
    "caPart": "",
    "weightValue": 0.4,
    "weightUnit": "kg",
    "comparePrice": "56,25 kr/kg",
    "currentPrice": 22.5,
    "attributes": [
      "Från Sverige",
      "Glutenfritt",
      "Laktosfritt"
    ],
    "imgUrl": "https://handlaprivatkund.ica.se/images-v3/bf7a00ca-390e-4769-865f-dc369586872e/56847609-88b3-43a5-8f77-5924cca16c42/500x500.jpg",
    "productInformation": "ICA Grillkorv Kyckling är en svensk korv med mild rökig smak. Passar utmärkt att grilla eller steka och blir god i både bröd eller pytt i panna.",
    "countryText": "",
    "companyText": "ICA",
    "ingrediensText": "Maskinurbenat kycklingkött* 64%, vatten, potatismjöl, fett från kyckling*, salt, druvsocker, lökpulver, kryddor (ingefära, vitpeppar), kryddextrakt(svartpeppar, koriander), antioxidationsmedel (E300), konserveringsmedel (E250), rökarom.*Fött, uppfött och slaktat i Sverige.Korven är skinnfri.",
    "storage": "Kylvara; max +8°C",
    "allergens": "",
    "usage": "",
    "nutrition": [
      {
        "Näringsvärde": "Energi (kcal)",
        "100 Gram": "205 kcal"
      },
      {
        "Näringsvärde": "Energi (kJ)",
        "100 Gram": "855 kJ"
      },
      {
        "Näringsvärde": "Fett",
        "100 Gram": "14 g"
      },
      {
        "Näringsvärde": "Varav mättat fett",
        "100 Gram": "4.4 g"
      },
      {
        "Näringsvärde": "Kolhydrat",
        "100 Gram": "8.8 g"
      },
      {
        "Näringsvärde": "Varav sockerarter",
        "100 Gram": "0.6 g"
      },
      {
        "Näringsvärde": "Protein",
        "100 Gram": "11 g"
      },
      {
        "Näringsvärde": "Salt",
        "100 Gram": "1.8 g"
      }
    ],
    "nutritionUnitText": "Näringsvärde per 100 gram",
    "categories": {
      "mainCategory": "Kött, Chark & Fågel",
      "subCategories": [
        {
          "name": "Korv",
          "subSubCategories": [
            "Glutenfri korv"
          ]
        }
      ]
    }
  },
  {
    "name": "Lövbiff Innanlår ca 450g ICA",
    "weightText": "Ca 0.45 kg",
    "caPart": "Ca",
    "weightValue": 0.45,
    "weightUnit": "kg",
    "comparePrice": "229,00 kr/kg",
    "currentPrice": 103.05,
    "attributes": [
      "Nyckelhålet",
      "Kött från Sverige",
      "Ursprungsland Sverige"
    ],
    "imgUrl": "https://handlaprivatkund.ica.se/images-v3/bf7a00ca-390e-4769-865f-dc369586872e/beafa044-f238-4745-a692-5c326a071d7f/500x500.jpg",
    "productInformation": "ICA Lövbiff är tunna skivor av nötinnanlår som kräver lite passning vid spisen. Steks den för länge kan det bli lite segt. Den passar dock perfekt att steka snabbt på hög värme och servera med kryddsmör eller att göra rullader på.",
    "countryText": "Sverige",
    "companyText": "ICA",
    "ingrediensText": "",
    "storage": "",
    "allergens": "",
    "usage": "",
    "nutrition": [],
    "nutritionUnitText": "",
    "categories": {
      "mainCategory": "Kött, Chark & Fågel",
      "subCategories": [
        {
          "name": "Kött",
          "subSubCategories": [
            "Nötkött",
            "Lövbiff"
          ]
        }
      ]
    }
  },
  {
    "name": "Pastej Original Skivbar 250g Arboga",
    "weightText": "0.25 kg",
    "caPart": "",
    "weightValue": 0.25,
    "weightUnit": "kg",
    "comparePrice": "55,80 kr/kg",
    "currentPrice": 13.95,
    "attributes": [],
    "imgUrl": "https://handlaprivatkund.ica.se/images-v3/bf7a00ca-390e-4769-865f-dc369586872e/5c0b327a-c656-4fe9-9a79-cea5af994eb9/500x500.jpg",
    "productInformation": "Arbogapastej skivbar är en klassisker på frukostmackan och svenskarnas absoluta favorit bland skivbara pastejer. Mild smak av lever och härlig tryffered med svamp.",
    "countryText": "",
    "companyText": "Arboga",
    "ingrediensText": "Grislever* (31 %), fett från gris*, MJÖLK, vatten, VETEmjöl, potatismjöl, rapsolja, MJÖLKpulver, salt, socker, tryffelersättning (fårticka), kryddor och kryddextrakt (bl. a. ingefära, muskotnöt, nejlika), druvsocker, maltodextrin, antioxidationsmedel (E300), konserveringsmedel (E250). *Fött, uppfött och slaktat i Sverige och Finland.",
    "storage": "Kylvara: Förvaring högst +8°C",
    "allergens": "",
    "usage": "",
    "nutrition": [
      {
        "Näringsvärde": "Energi (kcal)",
        "100 Gram": "270 kcal"
      },
      {
        "Näringsvärde": "Energi (kJ)",
        "100 Gram": "1100 kJ"
      },
      {
        "Näringsvärde": "Fett",
        "100 Gram": "22 g"
      },
      {
        "Näringsvärde": "Varav mättat fett",
        "100 Gram": "8.8 g"
      },
      {
        "Näringsvärde": "Kolhydrat",
        "100 Gram": "8.5 g"
      },
      {
        "Näringsvärde": "Varav sockerarter",
        "100 Gram": "2.4 g"
      },
      {
        "Näringsvärde": "Protein",
        "100 Gram": "10 g"
      },
      {
        "Näringsvärde": "Salt",
        "100 Gram": "2 g"
      },
      {
        "Näringsvärde": "Järn",
        "100 Gram": "7 mg",
        "% av DRI(*)": "50"
      }
    ],
    "nutritionUnitText": "Näringsvärde per 100 gram",
    "categories": {
      "mainCategory": "Kött, Chark & Fågel",
      "subCategories": [
        {
          "name": "Pålägg",
          "subSubCategories": [
            "Pastej & paté",
            "Pastej"
          ]
        }
      ]
    }
  },
  {
    "name": "Kycklingbröstfilé Färsk 720g ICA Gott Liv",
    "weightText": "0.72 kg",
    "caPart": "",
    "weightValue": 0.72,
    "weightUnit": "kg",
    "comparePrice": "126,32 kr/kg",
    "currentPrice": 90.95,
    "attributes": [
      "Nyckelhålet",
      "Ursprungsland Sverige",
      "Svensk Fågel"
    ],
    "imgUrl": "https://images.ctfassets.net/l3dfc9zfaimi/qZc37LgTPPuZhIUMEbPJx/d4918e773827f51582d837109cfcb604/jul-25-produktdetaljbanner-insamlingen-desktop.jpg",
    "productInformation": "ICA Gott liv färsk kycklingbröstfilé, en favorit på middagsbordet. Stek, grilla eller tillaga i ugnen och servera med goda tillbehör.",
    "countryText": "Sverige",
    "companyText": "ICA Gott Liv",
    "ingrediensText": "Kycklingfilé av bröst.* *Född, uppfödd och slaktad i Sverige.",
    "storage": "Kylvara: Förvaras vid högst +4°C. Lägsta förvaringstemperatur 2°C Högsta förvaringstemperatur 4°C",
    "allergens": "",
    "usage": "",
    "nutrition": [
      {
        "Näringsvärde": "Energi (kcal)",
        "100 Gram": "105 kcal"
      },
      {
        "Näringsvärde": "Energi (kJ)",
        "100 Gram": "437 kJ"
      },
      {
        "Näringsvärde": "Fett",
        "100 Gram": "1.2 g"
      },
      {
        "Näringsvärde": "Varav mättat fett",
        "100 Gram": "0.38 g"
      },
      {
        "Näringsvärde": "Kolhydrat",
        "100 Gram": "0.5 g"
      },
      {
        "Näringsvärde": "Varav sockerarter",
        "100 Gram": "0.1 g"
      },
      {
        "Näringsvärde": "Protein",
        "100 Gram": "23.1 g"
      },
      {
        "Näringsvärde": "Salt",
        "100 Gram": "0.16 g"
      }
    ],
    "nutritionUnitText": "Näringsvärde per 100 gram",
    "categories": {
      "mainCategory": "Jul",
      "subCategories": [
        {
          "name": "Julens godaste varor",
          "subSubCategories": []
        }
      ]
    }
  },
  {
    "name": "Leverpastej Bredbar 200g Pastejköket",
    "weightText": "0.2 kg",
    "caPart": "",
    "weightValue": 0.2,
    "weightUnit": "kg",
    "comparePrice": "64,75 kr/kg",
    "currentPrice": 12.95,
    "attributes": [
      "Kött från Sverige",
      "Ursprungsland Sverige"
    ],
    "imgUrl": "https://handlaprivatkund.ica.se/images-v3/bf7a00ca-390e-4769-865f-dc369586872e/188c9b38-af26-4068-90ce-5fda8ee7f029/500x500.jpg",
    "productInformation": "Pastejköket bredbar leverpastej, favoriten på svenskarnas frukostbord sdan 1970. Krämig med en mild leversmak och bra källa till järn.",
    "countryText": "Sverige",
    "companyText": "Pastejköket",
    "ingrediensText": "Fett från gris*, grislever* (30%), MJÖLK*, vatten, potatismjöl, socker, salt, lök, maltodextrin, kryddor och kryddextrakt (bl.a. pomerans, ingefära, kryddpeppar, lagerblad, cayenne, kryddnejlika, muskotnöt, muskotblomma, svartpeppar), konserveringsmedel (E250).*Svensk råvara.",
    "storage": "Kylvara: Förvaras vid högst +8°C.",
    "allergens": "",
    "usage": "Öppnad förpackning högst +8°C , 5-7 dagar.",
    "nutrition": [],
    "nutritionUnitText": "Näringsvärde per styck",
    "categories": {
      "mainCategory": "Kött, Chark & Fågel",
      "subCategories": [
        {
          "name": "Pålägg",
          "subSubCategories": [
            "Pastej & paté",
            "Pastej"
          ]
        }
      ]
    }
  },
  {
    "name": "Emilskinka Rökt 120g Pärsons",
    "weightText": "0.12 kg",
    "caPart": "",
    "weightValue": 0.12,
    "weightUnit": "kg",
    "comparePrice": "241,25 kr/kg",
    "currentPrice": 28.95,
    "attributes": [
      "Nyckelhålet",
      "Kött från Sverige",
      "Ursprungsland Sverige"
    ],
    "imgUrl": "https://handlaprivatkund.ica.se/images-v3/bf7a00ca-390e-4769-865f-dc369586872e/10a68760-4ab9-417b-ad31-99b930912676/500x500.jpg",
    "productInformation": "Vår klassiska Emilskinka är en välputsad helmuskelskinka där endast de finaste delarna av skinkan används. Den är gjord för hand och röks varsamt på traditionellt sätt över flis. Emilskinkan har en fyllig och fin karaktär.",
    "countryText": "Sverige",
    "companyText": "Pärsons",
    "ingrediensText": "INGREDIENSER: Svensk skinka helmuskel 89%, vatten, koksalt, antioxidationsmedel (E326, E301), stabiliseringsmedel (E451), potatisstärkelse, druvsocker, potatisfiber, socker, konserveringsmedel (E250). Varmrökt.",
    "storage": "",
    "allergens": "",
    "usage": "",
    "nutrition": [
      {
        "Näringsvärde": "Energi (kcal)",
        "100 Gram": "105 kcal"
      },
      {
        "Näringsvärde": "Energi (kJ)",
        "100 Gram": "440 kJ"
      },
      {
        "Näringsvärde": "Fett",
        "100 Gram": "2.7 g"
      },
      {
        "Näringsvärde": "Varav mättat fett",
        "100 Gram": "0.9 g"
      },
      {
        "Näringsvärde": "Kolhydrat",
        "100 Gram": "0.9 g"
      },
      {
        "Näringsvärde": "Varav sockerarter",
        "100 Gram": "0.4 g"
      },
      {
        "Näringsvärde": "Fiber",
        "100 Gram": "1 g"
      },
      {
        "Näringsvärde": "Protein",
        "100 Gram": "19 g"
      },
      {
        "Näringsvärde": "Salt",
        "100 Gram": "2.4 g"
      },
      {
        "Näringsvärde": "Natrium",
        "100 Gram": "1.5 g"
      }
    ],
    "nutritionUnitText": "Näringsvärde per 100 gram",
    "categories": {
      "mainCategory": "Kött, Chark & Fågel",
      "subCategories": [
        {
          "name": "Pålägg",
          "subSubCategories": [
            "Skinka"
          ]
        }
      ]
    }
  },
  {
    "name": "Hamburgare 90g 6-p Scan",
    "weightText": "0.54 kg",
    "caPart": "",
    "weightValue": 0.54,
    "weightUnit": "kg",
    "comparePrice": "116,57 kr/kg",
    "currentPrice": 62.95,
    "attributes": [
      "Kött från Sverige",
      "Ursprungsland Sverige"
    ],
    "imgUrl": "https://handlaprivatkund.ica.se/images-v3/bf7a00ca-390e-4769-865f-dc369586872e/91748726-2be3-4637-a10c-9d809bd10e75/500x500.jpg",
    "productInformation": "En riktig favorit tillagad på svenskt nötkött som passar till såväl vardag som till helg. Våra smakrika hamburgare är enkla och går fort att tillaga. Alla våra produkter innehåller enbart kött från djur på svenska gårdar.",
    "countryText": "Sverige",
    "companyText": "Scan",
    "ingrediensText": "Ingredienser: Svenskt nötkött* (80%), vatten, potatis*, potatismjöl, salt, druvsocker, potatisfiber, svartpeppar, kryddextrakt (svartpeppar). *Ursprung: Sverige.",
    "storage": "Lägsta förvaringstemperatur -40°C Högsta förvaringstemperatur -18°C",
    "allergens": "",
    "usage": "",
    "nutrition": [
      {
        "Näringsvärde": "Energi (kcal)",
        "100 Gram": "240 kcal"
      },
      {
        "Näringsvärde": "Energi (kJ)",
        "100 Gram": "1000 kJ"
      },
      {
        "Näringsvärde": "Fett",
        "100 Gram": "18 g"
      },
      {
        "Näringsvärde": "Varav mättat fett",
        "100 Gram": "9 g"
      },
      {
        "Näringsvärde": "Kolhydrat",
        "100 Gram": "4 g"
      },
      {
        "Näringsvärde": "Varav sockerarter",
        "100 Gram": "1 g"
      },
      {
        "Näringsvärde": "Protein",
        "100 Gram": "15 g"
      },
      {
        "Näringsvärde": "Salt",
        "100 Gram": "1.5 g"
      }
    ],
    "nutritionUnitText": "",
    "categories": {
      "mainCategory": "Fryst",
      "subCategories": [
        {
          "name": "Fryst kött & burgare",
          "subSubCategories": [
            "Frysta hamburgare"
          ]
        }
      ]
    }
  },
  {
    "name": "Bacon Tärnad 140g ICA",
    "weightText": "0.14 kg",
    "caPart": "",
    "weightValue": 0.14,
    "weightUnit": "kg",
    "comparePrice": "117,86 kr/kg",
    "currentPrice": 16.5,
    "attributes": [
      "Kött från Sverige",
      "Ursprungsland Sverige"
    ],
    "imgUrl": "https://handlaprivatkund.ica.se/images-v3/bf7a00ca-390e-4769-865f-dc369586872e/0817ec78-6250-41ee-a87f-e41970a73004/500x500.jpg",
    "productInformation": "ICA Tärnat bacon är fina tärningar med rökig smak och tydlig sälta, tillverkat i Halmstad på svenskt kött. Stek och blanda som en extra krydda i sallader och pastarätter.",
    "countryText": "Sverige",
    "companyText": "ICA",
    "ingrediensText": "Ingredienser: Griskött* 95%, salt, antioxidationsmedel (E301, E331), glukossirap, konserveringsmedel (E250). *Fött, uppfött och slaktat i Sverige.",
    "storage": "Lägsta förvaringstemperatur 0°C Högsta förvaringstemperatur 8°C",
    "allergens": "",
    "usage": "",
    "nutrition": [
      {
        "Näringsvärde": "Energi (kcal)",
        "100 Gram": "259 kcal"
      },
      {
        "Näringsvärde": "Energi (kJ)",
        "100 Gram": "1075 kJ"
      },
      {
        "Näringsvärde": "Fett",
        "100 Gram": "21 g"
      },
      {
        "Näringsvärde": "Varav mättat fett",
        "100 Gram": "8 g"
      },
      {
        "Näringsvärde": "Kolhydrat",
        "100 Gram": "0.5 g"
      },
      {
        "Näringsvärde": "Varav sockerarter",
        "100 Gram": "0.5 g"
      },
      {
        "Näringsvärde": "Protein",
        "100 Gram": "17 g"
      },
      {
        "Näringsvärde": "Salt",
        "100 Gram": "2.2 g"
      }
    ],
    "nutritionUnitText": "",
    "categories": {
      "mainCategory": "Kött, Chark & Fågel",
      "subCategories": [
        {
          "name": "Matchark",
          "subSubCategories": [
            "Bacon & stekfläsk"
          ]
        }
      ]
    }
  },
  {
    "name": "Bacon Rökt Skivad 125g Tulip",
    "weightText": "0.125 kg",
    "caPart": "",
    "weightValue": 0.125,
    "weightUnit": "kg",
    "comparePrice": "151,60 kr/kg",
    "currentPrice": 18.95,
    "attributes": [
      "Ursprungsland Sverige"
    ],
    "imgUrl": "https://handlaprivatkund.ica.se/images-v3/bf7a00ca-390e-4769-865f-dc369586872e/719a7a3e-d39a-4bc0-b4e1-bd72129169c0/500x500.jpg",
    "productInformation": "Tulip bacon i skivor är rökt med bokspån. Passar till frukosten med äggröra, till potatisbullarna, i en kycklingsallad eller club sandwich.",
    "countryText": "Sverige",
    "companyText": "Tulip",
    "ingrediensText": "Ingredienser: Sidfläsk, salt, antioxidationsmedel (E 301), konserveringsmedel (E 250).",
    "storage": "Högsta förvaringstemperatur 8°C",
    "allergens": "",
    "usage": "",
    "nutrition": [
      {
        "Näringsvärde": "Energi (kcal)",
        "100 Gram": "290 kcal"
      },
      {
        "Näringsvärde": "Energi (kJ)",
        "100 Gram": "1200 kJ"
      },
      {
        "Näringsvärde": "Fett",
        "100 Gram": "26 g"
      },
      {
        "Näringsvärde": "Varav mättat fett",
        "100 Gram": "10 g"
      },
      {
        "Näringsvärde": "Kolhydrat",
        "100 Gram": "0 g"
      },
      {
        "Näringsvärde": "Varav sockerarter",
        "100 Gram": "0 g"
      },
      {
        "Näringsvärde": "Protein",
        "100 Gram": "14 g"
      },
      {
        "Näringsvärde": "Salt",
        "100 Gram": "2.5 g"
      }
    ],
    "nutritionUnitText": "Näringsvärde per 100 gram",
    "categories": {
      "mainCategory": "Kött, Chark & Fågel",
      "subCategories": [
        {
          "name": "Matchark",
          "subSubCategories": [
            "Bacon & stekfläsk"
          ]
        }
      ]
    }
  },
  {
    "name": "Skinka Kokt Tunna Skivor 200g ICA",
    "weightText": "0.2 kg",
    "caPart": "",
    "weightValue": 0.2,
    "weightUnit": "kg",
    "comparePrice": "119,75 kr/kg",
    "currentPrice": 23.95,
    "attributes": [
      "Nyckelhålet",
      "Kött från Sverige"
    ],
    "imgUrl": "https://handlaprivatkund.ica.se/images-v3/bf7a00ca-390e-4769-865f-dc369586872e/f69f2488-98ee-4b11-b3ab-3e5a7838f16c/500x500.jpg",
    "productInformation": "ICA Skinka Kokt är en svensk, kokt och skivad skinka som passar både på smörgåsen och i matlagningen. Den gör sig till exempel väldigt bra på den hemlagade pizzan eller i en omelett tillsammans med någon smakrik ost.",
    "countryText": "",
    "companyText": "ICA",
    "ingrediensText": "Ingredienser: Skinka av gris* (helmuskel) 88%, vatten, salt, stabiliseringsmedel (E451), potatis-mjöl, druvsocker, potatisfiber, socker, antioxidationsmedel (E301), konserveringsmedel (E250). *Fött, uppfött och slaktat i Sverige.",
    "storage": "Lägsta förvaringstemperatur 0°C Högsta förvaringstemperatur 8°C",
    "allergens": "",
    "usage": "",
    "nutrition": [
      {
        "Näringsvärde": "Energi (kcal)",
        "100 Gram": "91 kcal"
      },
      {
        "Näringsvärde": "Energi (kJ)",
        "100 Gram": "385 kJ"
      },
      {
        "Näringsvärde": "Fett",
        "100 Gram": "1.1 g"
      },
      {
        "Näringsvärde": "Varav mättat fett",
        "100 Gram": "0.4 g"
      },
      {
        "Näringsvärde": "Kolhydrat",
        "100 Gram": "2 g"
      },
      {
        "Näringsvärde": "Varav sockerarter",
        "100 Gram": "0.5 g"
      },
      {
        "Näringsvärde": "Protein",
        "100 Gram": "18 g"
      },
      {
        "Näringsvärde": "Salt",
        "100 Gram": "2.1 g"
      }
    ],
    "nutritionUnitText": "",
    "categories": {
      "mainCategory": "Kött, Chark & Fågel",
      "subCategories": [
        {
          "name": "Pålägg",
          "subSubCategories": [
            "Skinka"
          ]
        }
      ]
    }
  },
  {
    "name": "Falukorv Extra fin 71% Kötthalt 550g ICA",
    "weightText": "0.55 kg",
    "caPart": "",
    "weightValue": 0.55,
    "weightUnit": "kg",
    "comparePrice": "68,18 kr/kg",
    "currentPrice": 37.5,
    "attributes": [
      "Kött från Sverige",
      "Ursprungsland Sverige"
    ],
    "imgUrl": "https://handlaprivatkund.ica.se/images-v3/bf7a00ca-390e-4769-865f-dc369586872e/cf2d5f19-d2b9-481d-860b-f5973b0deea8/500x500.jpg",
    "productInformation": "ICA Extra fin Falukorv är gjord på svenskt kött och har en hög kötthalt på 71%. Ett bra val om du har barn hemma som svarar \"korv\" på varje fråga om vad de vill ha för middag. Baka den i ugn, stek eller gör korv stroganoff och servera med potatis, pasta, ris och/eller sallad. Vill du sätta lite guldkant på vardagsmiddagen kan du ju testa att göra egen ketchup till.",
    "countryText": "Sverige",
    "companyText": "ICA",
    "ingrediensText": "Gris*- och nötkött* 71 %, vatten, potatismjöl, salt, kryddor (lökpulver, ingefära, svartpeppar, vitpeppar, cayennepeppar), druvsocker, kryddextrakt (muskotnöt, svartpeppar), antioxidationsmedel (E300), konserveringsmedel (E250), rökarom. *Fött, uppfött och slaktat i Sverige. Ej ätbart korvskinn.",
    "storage": "Kylvara: Förvaras vid högst +8°C.",
    "allergens": "",
    "usage": "Ej ätbart korvskinn.",
    "nutrition": [
      {
        "Näringsvärde": "Energi (kcal)",
        "100 Gram": "220 kcal"
      },
      {
        "Näringsvärde": "Energi (kJ)",
        "100 Gram": "913 kJ"
      },
      {
        "Näringsvärde": "Fett",
        "100 Gram": "18 g"
      },
      {
        "Näringsvärde": "Varav mättat fett",
        "100 Gram": "7.5 g"
      },
      {
        "Näringsvärde": "Kolhydrat",
        "100 Gram": "3.5 g"
      },
      {
        "Näringsvärde": "Varav sockerarter",
        "100 Gram": "0.5 g"
      },
      {
        "Näringsvärde": "Protein",
        "100 Gram": "11 g"
      },
      {
        "Näringsvärde": "Salt",
        "100 Gram": "1.6 g"
      }
    ],
    "nutritionUnitText": "Näringsvärde per 100 gram",
    "categories": {
      "mainCategory": "Kött, Chark & Fågel",
      "subCategories": [
        {
          "name": "Korv",
          "subSubCategories": [
            "Falukorv"
          ]
        }
      ]
    }
  },
  {
    "name": "Falukorv Extra fin 71% kötthalt 800g ICA",
    "weightText": "0.8 kg",
    "caPart": "",
    "weightValue": 0.8,
    "weightUnit": "kg",
    "comparePrice": "66,19 kr/kg",
    "currentPrice": 52.95,
    "attributes": [
      "Glutenfritt",
      "Kött från Sverige",
      "Ursprungsland Sverige",
      "Laktosfritt"
    ],
    "imgUrl": "https://handlaprivatkund.ica.se/images-v3/bf7a00ca-390e-4769-865f-dc369586872e/4ff1c4b1-4b67-4778-b0cb-81f09ef1d849/500x500.jpg",
    "productInformation": "ICA Extra fin Falukorv är gjord på svenskt kött och har en hög kötthalt på 71%. Ett bra val om du har barn hemma som svarar \"korv\" på varje fråga om vad de vill ha för middag. Baka den i ugn, stek eller gör korv stroganoff och servera med potatis, pasta, ris och/eller sallad. Vill du sätta lite guldkant på vardagsmiddagen kan du ju testa att göra egen ketchup till.",
    "countryText": "Sverige",
    "companyText": "ICA",
    "ingrediensText": "Gris*- och nötkött* 71 %, vatten, potatismjöl, salt, kryddor (lökpulver, ingefära, svartpeppar, vitpeppar, cayennepeppar), druvsocker, kryddextrakt (muskotnöt, svartpeppar), antioxidationsmedel (E300), konserveringsmedel (E250), rökarom. *Fött, uppfött och slaktat i Sverige. Ej ätbart korvskinn.",
    "storage": "",
    "allergens": "",
    "usage": "Kylvara. Förvaras vid högst +8°C. Ej ätbart korvskinn.",
    "nutrition": [
      {
        "Näringsvärde": "Energi (kcal)",
        "100 Gram": "220 kcal"
      },
      {
        "Näringsvärde": "Energi (kJ)",
        "100 Gram": "913 kJ"
      },
      {
        "Näringsvärde": "Fett",
        "100 Gram": "18 g"
      },
      {
        "Näringsvärde": "Varav mättat fett",
        "100 Gram": "7.5 g"
      },
      {
        "Näringsvärde": "Kolhydrat",
        "100 Gram": "3.5 g"
      },
      {
        "Näringsvärde": "Varav sockerarter",
        "100 Gram": "0.5 g"
      },
      {
        "Näringsvärde": "Protein",
        "100 Gram": "11 g"
      },
      {
        "Näringsvärde": "Salt",
        "100 Gram": "1.6 g"
      }
    ],
    "nutritionUnitText": "Näringsvärde per 100 gram",
    "categories": {
      "mainCategory": "Kött, Chark & Fågel",
      "subCategories": [
        {
          "name": "Korv",
          "subSubCategories": [
            "Falukorv"
          ]
        }
      ]
    }
  },
  {
    "name": "Bacon Tärnat 140g Scan",
    "weightText": "0.14 kg",
    "caPart": "",
    "weightValue": 0.14,
    "weightUnit": "kg",
    "comparePrice": "135,36 kr/kg",
    "currentPrice": 18.95,
    "attributes": [],
    "imgUrl": "https://handlaprivatkund.ica.se/images-v3/bf7a00ca-390e-4769-865f-dc369586872e/0605890d-f188-4ef3-8f86-454d9fffbc1a/500x500.jpg",
    "productInformation": "Scan Piggham är ett sortiment bestående av extra gott, saftigt och smakrikt kött. Med vår goda tärnade bacon kombinerar vi kvalitet med enkelhet. Bitarna är i lagom storlek och passar utmärkt till exempelvis pasta carbonara.",
    "countryText": "",
    "companyText": "Scan",
    "ingrediensText": "INGREDIENSER: Svenskt griskött, salt, antioxidationsmedel (E301), konserveringsmedel (E250), rökarom. Bacon är en rå produkt som ska tillagas före användning.",
    "storage": "",
    "allergens": "",
    "usage": "",
    "nutrition": [
      {
        "Näringsvärde": "Energi (kcal)",
        "100 Gram": "300 kcal"
      },
      {
        "Näringsvärde": "Energi (kJ)",
        "100 Gram": "1250 kJ"
      },
      {
        "Näringsvärde": "Fett",
        "100 Gram": "28 g"
      },
      {
        "Näringsvärde": "Varav mättat fett",
        "100 Gram": "11 g"
      },
      {
        "Näringsvärde": "Kolhydrat",
        "100 Gram": "0 g"
      },
      {
        "Näringsvärde": "Varav sockerarter",
        "100 Gram": "0 g"
      },
      {
        "Näringsvärde": "Protein",
        "100 Gram": "13 g"
      },
      {
        "Näringsvärde": "Salt",
        "100 Gram": "2.4 g"
      }
    ],
    "nutritionUnitText": "Näringsvärde per 100 gram",
    "categories": {
      "mainCategory": "Kött, Chark & Fågel",
      "subCategories": [
        {
          "name": "Matchark",
          "subSubCategories": [
            "Bacon & stekfläsk"
          ]
        }
      ]
    }
  },
  {
    "name": "Kalkon Rökt 120g ICA",
    "weightText": "0.12 kg",
    "caPart": "",
    "weightValue": 0.12,
    "weightUnit": "kg",
    "comparePrice": "216,25 kr/kg",
    "currentPrice": 25.95,
    "attributes": [
      "Från Sverige",
      "Nyckelhålet",
      "Ursprungsland Sverige"
    ],
    "imgUrl": "https://handlaprivatkund.ica.se/images-v3/bf7a00ca-390e-4769-865f-dc369586872e/57915064-ca5c-4180-83d8-cba3ecb6f92c/500x500.jpg",
    "productInformation": "ICA Kalkon Rökt är en svensk kalkon som har fått sin smak från att ha blivit rökt över alpspån och enris. Den är skuren i tunna skivor. Den milda smaken gör sig till det mesta, till exempel en lyxig frukost, smarrig lunchmacka eller varför inte på hemgjorda pizzan? \n \n Alspåns- och enrisrökt.",
    "countryText": "Sverige",
    "companyText": "ICA",
    "ingrediensText": "Ingredienser: Kalkonbröst* 87%, vatten, salt, antioxidationsmedel (E301, E331), stabiliseringsmedel (E450), socker**, konserveringsmedel (E250). *Fött, uppfött och slaktat i Sverige. **Ursprung Sverige.",
    "storage": "Lägsta förvaringstemperatur 0°C Högsta förvaringstemperatur 8°C",
    "allergens": "",
    "usage": "",
    "nutrition": [
      {
        "Näringsvärde": "Energi (kcal)",
        "100 Gram": "98 kcal"
      },
      {
        "Näringsvärde": "Energi (kJ)",
        "100 Gram": "410 kJ"
      },
      {
        "Näringsvärde": "Fett",
        "100 Gram": "1.1 g"
      },
      {
        "Näringsvärde": "Varav mättat fett",
        "100 Gram": "0.4 g"
      },
      {
        "Näringsvärde": "Kolhydrat",
        "100 Gram": "0.9 g"
      },
      {
        "Näringsvärde": "Varav sockerarter",
        "100 Gram": "0.8 g"
      },
      {
        "Näringsvärde": "Protein",
        "100 Gram": "20 g"
      },
      {
        "Näringsvärde": "Salt",
        "100 Gram": "2 g"
      }
    ],
    "nutritionUnitText": "Näringsvärde per 100 gram",
    "categories": {
      "mainCategory": "Kött, Chark & Fågel",
      "subCategories": [
        {
          "name": "Pålägg",
          "subSubCategories": [
            "Fågel"
          ]
        }
      ]
    }
  },
  {
    "name": "Leverpastej Ugnsbakad 200g Scan",
    "weightText": "0.2 kg",
    "caPart": "",
    "weightValue": 0.2,
    "weightUnit": "kg",
    "comparePrice": "74,75 kr/kg",
    "currentPrice": 14.95,
    "attributes": [
      "Kött från Sverige",
      "Ursprungsland Sverige"
    ],
    "imgUrl": "https://handlaprivatkund.ica.se/images-v3/bf7a00ca-390e-4769-865f-dc369586872e/ece7cf4a-c353-458d-8479-351092639677/500x500.jpg",
    "productInformation": "En lite elegantare pastej med fin färg och smidig konsistens. Med sin välbalanserade krydd- och leversmak har den en härlig smak som passar till det mesta. Alla våra produkter innehåller enbart kött från djur på svenska gårdar.",
    "countryText": "Sverige",
    "companyText": "Scan",
    "ingrediensText": "INGREDIENSER: Svenskt fett fläsk, svensk grislever (31%), vatten, potatismjöl, socker, salt, lök, kryddor, druvsocker, arom, antioxidationsmedel E300, konserveringsmedel E250.",
    "storage": "",
    "allergens": "",
    "usage": "",
    "nutrition": [
      {
        "Näringsvärde": "Energi (kcal)",
        "100 Gram": "300 kcal"
      },
      {
        "Näringsvärde": "Energi (kJ)",
        "100 Gram": "1250 kJ"
      },
      {
        "Näringsvärde": "Fett",
        "100 Gram": "23 g"
      },
      {
        "Näringsvärde": "Varav mättat fett",
        "100 Gram": "15 g"
      },
      {
        "Näringsvärde": "Kolhydrat",
        "100 Gram": "12 g"
      },
      {
        "Näringsvärde": "Varav sockerarter",
        "100 Gram": "2.6 g"
      },
      {
        "Näringsvärde": "Protein",
        "100 Gram": "11 g"
      },
      {
        "Näringsvärde": "Salt",
        "100 Gram": "1.9 g"
      },
      {
        "Näringsvärde": "Järn",
        "100 Gram": "7 mg"
      }
    ],
    "nutritionUnitText": "Näringsvärde per 100 gram",
    "categories": {
      "mainCategory": "Kött, Chark & Fågel",
      "subCategories": [
        {
          "name": "Pålägg",
          "subSubCategories": [
            "Pastej & paté",
            "Pastej"
          ]
        }
      ]
    }
  },
  {
    "name": "Köttbullar Stekta Färska 1kg ICA",
    "weightText": "1 kg",
    "caPart": "",
    "weightValue": 1,
    "weightUnit": "kg",
    "comparePrice": "71,95 kr/kg",
    "currentPrice": 71.95,
    "attributes": [
      "Kött från Sverige"
    ],
    "imgUrl": "https://handlaprivatkund.ica.se/images-v3/bf7a00ca-390e-4769-865f-dc369586872e/0e3af387-00b2-489e-9234-36a9c85ded27/500x500.jpg",
    "productInformation": "ICA Köttbullar färska 1 kg är klassiska köttbullar med fyllig smak och mild sälta. De passar både till vardag och till fest. Köttet kommer från våra svenska gårdar.",
    "countryText": "",
    "companyText": "ICA",
    "ingrediensText": "INGREDIENSER: Gris*- och nötkött* 73%, vatten, potatismjöl, fett från nötkött*, potatis, potatisflingor, druvsocker, joderat salt, potatisfiber, lök, pepparextrakt, svartpeppar. Friterade i animaliskt fett. *Fött, uppfött och slaktat i Sverige.",
    "storage": "",
    "allergens": "",
    "usage": "",
    "nutrition": [
      {
        "Näringsvärde": "Energi (kcal)",
        "100 Gram": "250 kcal"
      },
      {
        "Näringsvärde": "Energi (kJ)",
        "100 Gram": "1050 kJ"
      },
      {
        "Näringsvärde": "Fett",
        "100 Gram": "18 g"
      },
      {
        "Näringsvärde": "Varav mättat fett",
        "100 Gram": "7 g"
      },
      {
        "Näringsvärde": "Kolhydrat",
        "100 Gram": "9 g"
      },
      {
        "Näringsvärde": "Varav sockerarter",
        "100 Gram": "1.8 g"
      },
      {
        "Näringsvärde": "Protein",
        "100 Gram": "12 g"
      },
      {
        "Näringsvärde": "Salt",
        "100 Gram": "1.5 g"
      }
    ],
    "nutritionUnitText": "Näringsvärde per 100 gram",
    "categories": {
      "mainCategory": "Jul",
      "subCategories": [
        {
          "name": "Julmat",
          "subSubCategories": [
            "Korv, Köttbullar & Rödbetssallad",
            "Köttbullar & Rödbetssallad"
          ]
        }
      ]
    }
  },
  {
    "name": "Pulled pork med BBQ glaze 550g ICA",
    "weightText": "0.55 kg",
    "caPart": "",
    "weightValue": 0.55,
    "weightUnit": "kg",
    "comparePrice": "121,73 kr/kg",
    "currentPrice": 66.95,
    "attributes": [
      "Kött från Sverige",
      "Ursprungsland Sverige"
    ],
    "imgUrl": "https://handlaprivatkund.ica.se/images-v3/bf7a00ca-390e-4769-865f-dc369586872e/08d4deeb-7f9c-4025-9f7c-c22f50314fc3/500x500.jpg",
    "productInformation": "ICA Pulled pork låter dig få smaken av äkta tex-mex, utan besväret att koka kött i timtal. Du värmer helt enkelt upp den i ugnen, eller mikron, tillsammans med den tillhörande såsen och serverar i ett tortilliabröd tillsammans med en sallad. Toppa med syrad grädde, färsk koriander och lite färsk lime och du kan känna smaken av Mexiko!",
    "countryText": "Sverige",
    "companyText": "ICA",
    "ingrediensText": "Ingredienser:Pulled Pork: Griskött*, kryddor (paprika, chilipeppar, spiskummin, oregano, cayennepeppar, libbsticka), rapsolja, farinsocker, salt, lök, vitlök, socker, kryddextrakt (chilipeppar), rökextrakt (hickory). *Fött, uppfött och slaktat i Sverige.BBQ-sås: Vatten, socker, äppeljuicekoncentrat, tomatpuré, salt, senap (vatten, ättiksprit, SENAPSFRÖ, socker, salt, kryddor), modifierad stärkelse (E1442), krydda, lök, invertsockersirap, vitvinvinäger, färgämne (E150c, E150a), rökarom, ättiksprit, förtjockningsmedel (E415), konserveringsmedel (E202, E211), kryddextrakt (paprika, gurkmeja), arom, surhetsreglerande medel (E296), citronjuicepulver",
    "storage": "Lägsta förvaringstemperatur 0°C Högsta förvaringstemperatur 8°C",
    "allergens": "",
    "usage": "",
    "nutrition": [
      {
        "Näringsvärde": "Energi (kcal)",
        "100 Gram": "150 kcal"
      },
      {
        "Näringsvärde": "Energi (kJ)",
        "100 Gram": "600 kJ"
      },
      {
        "Näringsvärde": "Fett",
        "100 Gram": "5.8 g"
      },
      {
        "Näringsvärde": "Varav mättat fett",
        "100 Gram": "1.8 g"
      },
      {
        "Näringsvärde": "Kolhydrat",
        "100 Gram": "7.9 g"
      },
      {
        "Näringsvärde": "Varav sockerarter",
        "100 Gram": "6.5 g"
      },
      {
        "Näringsvärde": "Protein",
        "100 Gram": "16 g"
      },
      {
        "Näringsvärde": "Salt",
        "100 Gram": "1.3 g"
      }
    ],
    "nutritionUnitText": "Näringsvärde per 100 gram",
    "categories": {
      "mainCategory": "Kött, Chark & Fågel",
      "subCategories": [
        {
          "name": "Kött",
          "subSubCategories": [
            "Fläsk",
            "Färdigkryddat fläskkött"
          ]
        }
      ]
    }
  },
  {
    "name": "Kycklingkebab 275g Schysst käk",
    "weightText": "0.275 kg",
    "caPart": "",
    "weightValue": 0.275,
    "weightUnit": "kg",
    "comparePrice": "188,91 kr/kg",
    "currentPrice": 51.95,
    "attributes": [
      "Kött från Sverige",
      "Ursprungsland Sverige"
    ],
    "imgUrl": "https://handlaprivatkund.ica.se/images-v3/bf7a00ca-390e-4769-865f-dc369586872e/9cd4d0fe-ed78-4644-a1cf-89a48dd80f14/500x500.jpg",
    "productInformation": "Saftig och färsk Kycklingkebab där kyckling omsorgsfullt varvats med kryddor, lager på lager för att du ska kunna käka den godaste kycklingkebaben hemma!",
    "countryText": "Sverige",
    "companyText": "Schysst käk",
    "ingrediensText": "Kyckling* (90 %), vatten, salt, kryddor, potatisfiber, potatisstärkelse, lök, socker, jästextrakter, vitlök, druvsocker, örtkryddor, tomat, maltodextrin, kryddextrakter, konserveringsmedel (E262, E301), stabiliseringsmedel (E450, E451) , surhetsreglerandemedel (E270, E327, E330). *Ursprung: Sverige",
    "storage": "Förvaras kylt. +2°C - +8°C Lägsta förvaringstemperatur 2°C Högsta förvaringstemperatur 8°C",
    "allergens": "",
    "usage": "",
    "nutrition": [
      {
        "Näringsvärde": "Energi (kcal)",
        "100 Gram": "200 kcal"
      },
      {
        "Näringsvärde": "Energi (kJ)",
        "100 Gram": "850 kJ"
      },
      {
        "Näringsvärde": "Fett",
        "100 Gram": "13 g"
      },
      {
        "Näringsvärde": "Varav mättat fett",
        "100 Gram": "3.4 g"
      },
      {
        "Näringsvärde": "Kolhydrat",
        "100 Gram": "2.1 g"
      },
      {
        "Näringsvärde": "Varav sockerarter",
        "100 Gram": "0.9 g"
      },
      {
        "Näringsvärde": "Protein",
        "100 Gram": "18 g"
      },
      {
        "Näringsvärde": "Salt",
        "100 Gram": "2.6 g"
      }
    ],
    "nutritionUnitText": "Näringsvärde per 100 gram",
    "categories": {
      "mainCategory": "Kött, Chark & Fågel",
      "subCategories": [
        {
          "name": "Kyckling & Fågel",
          "subSubCategories": [
            "Kycklingdelar",
            "Kycklingdelar, färsk"
          ]
        }
      ]
    }
  },
  {
    "name": "Gourmetskinka Kokt Tunna Skivor 200g Pärsons",
    "weightText": "0.2 kg",
    "caPart": "",
    "weightValue": 0.2,
    "weightUnit": "kg",
    "comparePrice": "154,75 kr/kg",
    "currentPrice": 30.95,
    "attributes": [
      "Nyckelhålet",
      "Kött från Sverige",
      "Ursprungsland Sverige"
    ],
    "imgUrl": "https://handlaprivatkund.ica.se/images-v3/bf7a00ca-390e-4769-865f-dc369586872e/d762b321-0ee7-4d7f-a10d-750a08b182a4/500x500.jpg",
    "productInformation": "Varför ändra något som redan är bra? Så har vi resonerat under åren när vår kokta gourmetskinka kommit på tal. Denna svenska klassiker är en av våra mest sålda produkter. Och det är inte så konstigt, skinkan saltas och kokas mycket varsamt för att bli precis så mild och mager som du och vi vill ha den.",
    "countryText": "Sverige",
    "companyText": "Pärsons",
    "ingrediensText": "INGREDIENSER: Svensk skinka (skinkbitar 90%), koksalt, antioxidationsmedel (E326: E301: E331), druvsocker, socker, stabiliseringsmedel (E452), konserveringsmedel (E250).",
    "storage": "",
    "allergens": "",
    "usage": "",
    "nutrition": [
      {
        "Näringsvärde": "Energi (kcal)",
        "100 Gram": "90 kcal"
      },
      {
        "Näringsvärde": "Energi (kJ)",
        "100 Gram": "390 kJ"
      },
      {
        "Näringsvärde": "Fett",
        "100 Gram": "3 g"
      },
      {
        "Näringsvärde": "Varav mättat fett",
        "100 Gram": "1.4 g"
      },
      {
        "Näringsvärde": "Kolhydrat",
        "100 Gram": "1 g"
      },
      {
        "Näringsvärde": "Varav sockerarter",
        "100 Gram": "0.8 g"
      },
      {
        "Näringsvärde": "Protein",
        "100 Gram": "18 g"
      },
      {
        "Näringsvärde": "Salt",
        "100 Gram": "2.4 g"
      }
    ],
    "nutritionUnitText": "Näringsvärde per 100 gram",
    "categories": {
      "mainCategory": "Kött, Chark & Fågel",
      "subCategories": [
        {
          "name": "Pålägg",
          "subSubCategories": [
            "Skinka"
          ]
        }
      ]
    }
  },
  {
    "name": "Salami Milano 120g ICA",
    "weightText": "0.12 kg",
    "caPart": "",
    "weightValue": 0.12,
    "weightUnit": "kg",
    "comparePrice": "232,92 kr/kg",
    "currentPrice": 27.95,
    "attributes": [],
    "imgUrl": "https://handlaprivatkund.ica.se/images-v3/bf7a00ca-390e-4769-865f-dc369586872e/a162cf6d-bfac-4997-9f4e-21bc5f8c5b1e/500x500.jpg",
    "productInformation": "ICA Salami Milano är en smakrik och kryddig korv som har fått torka i den italienska solen. Perfekt på en matig lunchmacka eller på buffébordet tillsammans med andra italienska delikatesser.",
    "countryText": "",
    "companyText": "ICA",
    "ingrediensText": "Ingredienser: Griskött*, salt, druv-socker, kryddor (vitpeppar, kanel, muskot,muskotblomma, koriander, kryddnejlilka,stjärnanis, enbär, rosmarin, kummin, lagerblad), antioxidationsmedel (E301), konserveringsmedel (E252, E250), torkadvitlök, mjölksyrakultur. Till 100 g färdig produkt har 143 g köttråvara använts.*Fött, uppfött och slaktat i Italien.",
    "storage": "Lägsta förvaringstemperatur 0°C Högsta förvaringstemperatur 8°C",
    "allergens": "",
    "usage": "",
    "nutrition": [
      {
        "Näringsvärde": "Energi (kcal)",
        "100 Gram": "358 kcal"
      },
      {
        "Näringsvärde": "Energi (kJ)",
        "100 Gram": "1485 kJ"
      },
      {
        "Näringsvärde": "Fett",
        "100 Gram": "28 g"
      },
      {
        "Näringsvärde": "Varav mättat fett",
        "100 Gram": "9.8 g"
      },
      {
        "Näringsvärde": "Kolhydrat",
        "100 Gram": "0.5 g"
      },
      {
        "Näringsvärde": "Varav sockerarter",
        "100 Gram": "0.5 g"
      },
      {
        "Näringsvärde": "Protein",
        "100 Gram": "27 g"
      },
      {
        "Näringsvärde": "Salt",
        "100 Gram": "3.9 g"
      }
    ],
    "nutritionUnitText": "",
    "categories": {
      "mainCategory": "Kött, Chark & Fågel",
      "subCategories": [
        {
          "name": "Pålägg",
          "subSubCategories": [
            "Salami"
          ]
        }
      ]
    }
  },
  {
    "name": "Lindösalami Peppar i skivor ca 3g Lönneberga",
    "weightText": "Ca 0.003 kg",
    "caPart": "Ca",
    "weightValue": 0.003,
    "weightUnit": "kg",
    "comparePrice": "329,50 kr/kg",
    "currentPrice": 0.99,
    "attributes": [],
    "imgUrl": "https://handlaprivatkund.ica.se/images-v3/bf7a00ca-390e-4769-865f-dc369586872e/2bb6605f-9ce4-44b0-a405-5f600a5b0074/500x500.jpg",
    "productInformation": "En mager salami, tillverkad av fint fläsk- och nötkött, som röks i en hel vecka. Salamin får hänga och lufttorka i ytterligare 5-6 veckor för att smaken ska kunna mogna fram i lugn och ro. Till sist får salamin ett pikant hölje av peppar.",
    "countryText": "",
    "companyText": "Lönneberga",
    "ingrediensText": "Griskött*, nötkött*, salt, svartpeppar (2,2%), gelatin, druvsocker, kryddor (koriander, vitpeppar, vitlök), surhetsreglerande medel (E575), antioxidationsmedel (E300, E301), konserveringsmedel (E250). *Fött, uppfött och slaktat i Sverige. Till 100g färdig produkt har använts 130g köttråvara.",
    "storage": "Förvaring: Rumstemperatur",
    "allergens": "",
    "usage": "",
    "nutrition": [],
    "nutritionUnitText": "",
    "categories": {
      "mainCategory": "Butikens egna varor",
      "subCategories": [
        {
          "name": "Egen delikatesschark",
          "subSubCategories": [
            "Salami"
          ]
        }
      ]
    }
  },
  {
    "name": "Grillad kyckling 120g ICA",
    "weightText": "0.12 kg",
    "caPart": "",
    "weightValue": 0.12,
    "weightUnit": "kg",
    "comparePrice": "216,25 kr/kg",
    "currentPrice": 25.95,
    "attributes": [
      "Från Sverige",
      "Nyckelhålet",
      "Ursprungsland Sverige"
    ],
    "imgUrl": "https://handlaprivatkund.ica.se/images-v3/bf7a00ca-390e-4769-865f-dc369586872e/1d8bb64d-d223-46a1-9e1d-8c8e5e04d240/500x500.jpg",
    "productInformation": "ICA Grillad kyckling är omsorgsfullt grillad för att få saftig smak och fin konsistens. Den passar både på smörgåsen, pizzan eller i en sallad. Dessutom lyfter den snabbt mellanmålsknäcket till en ny nivå tillsammans med lite cottage cheese och någon skiva paprika. Smarrigt och enkelt!",
    "countryText": "Sverige",
    "companyText": "ICA",
    "ingrediensText": "Ingredienser: Kyckling* 95%, salt, grillkrydda (salt, glukossirap, lök, druvsocker, socker**, vitlök, kryddextrakt, antioxidationsmedel (E330)), socker**, antioxidationsmedel (E331, E301), stabiliseringsmedel (E450), konserveringsmedel (E250).*Fött, uppfött och slaktat i Sverige.**Ursprung Sverige.",
    "storage": "Lägsta förvaringstemperatur 0°C Högsta förvaringstemperatur 8°C",
    "allergens": "",
    "usage": "",
    "nutrition": [
      {
        "Näringsvärde": "Energi (kcal)",
        "100 Gram": "92 kcal"
      },
      {
        "Näringsvärde": "Energi (kJ)",
        "100 Gram": "390 kJ"
      },
      {
        "Näringsvärde": "Fett",
        "100 Gram": "1.5 g"
      },
      {
        "Näringsvärde": "Varav mättat fett",
        "100 Gram": "0.5 g"
      },
      {
        "Näringsvärde": "Kolhydrat",
        "100 Gram": "2.2 g"
      },
      {
        "Näringsvärde": "Varav sockerarter",
        "100 Gram": "0.8 g"
      },
      {
        "Näringsvärde": "Protein",
        "100 Gram": "17 g"
      },
      {
        "Näringsvärde": "Salt",
        "100 Gram": "2.5 g"
      }
    ],
    "nutritionUnitText": "Näringsvärde per 100 gram",
    "categories": {
      "mainCategory": "Kött, Chark & Fågel",
      "subCategories": [
        {
          "name": "Pålägg",
          "subSubCategories": [
            "Fågel"
          ]
        }
      ]
    }
  },
  {
    "name": "Chicken nuggets Fryst 1kg ICA Basic",
    "weightText": "1 kg",
    "caPart": "",
    "weightValue": 1,
    "weightUnit": "kg",
    "comparePrice": "42,95 kr/kg",
    "currentPrice": 42.95,
    "attributes": [],
    "imgUrl": "https://handlaprivatkund.ica.se/images-v3/bf7a00ca-390e-4769-865f-dc369586872e/86be73ff-9926-4015-9e63-e4026c0619e0/500x500.jpg",
    "productInformation": "Goda och krispiga chicken nuggets som alla gillar. Servera med till exempel ris eller potatis samt valfri dipsås. Halal.",
    "countryText": "Tyskland",
    "companyText": "ICA Basic",
    "ingrediensText": "Maskinurbenat kycklingkött* (44%), panering (VETEMJÖL, vatten, modifierad VETESTÄRKELSE, majsmjöl, salt, bakpulver, jäst, druvsocker), rapsolja, vatten, VETEMJÖL, VETESTÄRKELSE, salt, jästextrakt, druvsocker, jäst. *Fött, uppfött och slaktat i Tyskland.",
    "storage": "Lägsta förvaringstemperatur -25°C Högsta förvaringstemperatur -18°C",
    "allergens": "Innehåller Spannmål som innehåller gluten Innehåller Vete",
    "usage": "",
    "nutrition": [
      {
        "Näringsvärde": "Energi (kcal)",
        "100 Gram": "238 kcal"
      },
      {
        "Näringsvärde": "Energi (kJ)",
        "100 Gram": "995 kJ"
      },
      {
        "Näringsvärde": "Fett",
        "100 Gram": "12 g"
      },
      {
        "Näringsvärde": "Varav mättat fett",
        "100 Gram": "1.8 g"
      },
      {
        "Näringsvärde": "Kolhydrat",
        "100 Gram": "22 g"
      },
      {
        "Näringsvärde": "Varav sockerarter",
        "100 Gram": "0.6 g"
      },
      {
        "Näringsvärde": "Protein",
        "100 Gram": "10 g"
      },
      {
        "Näringsvärde": "Salt",
        "100 Gram": "1.1 g"
      }
    ],
    "nutritionUnitText": "Näringsvärde per 100 gram",
    "categories": {
      "mainCategory": "Fryst",
      "subCategories": [
        {
          "name": "Fryst fågel",
          "subSubCategories": [
            "Fryst kyckling färdigmat"
          ]
        }
      ]
    }
  },
  {
    "name": "Leverpastej Original Bredbar 200g ICA",
    "weightText": "0.2 kg",
    "caPart": "",
    "weightValue": 0.2,
    "weightUnit": "kg",
    "comparePrice": "64,75 kr/kg",
    "currentPrice": 12.95,
    "attributes": [
      "Kött från Sverige",
      "Ursprungsland Sverige"
    ],
    "imgUrl": "https://handlaprivatkund.ica.se/images-v3/bf7a00ca-390e-4769-865f-dc369586872e/7be75f97-5169-446b-9828-a555a543a160/500x500.jpg",
    "productInformation": "ICA Leverpastej passar perfekt på frukostmackan med smörgåsgurka eller varför inte i smörgåstårtan. Leverpastej är en källa till järn.",
    "countryText": "Sverige",
    "companyText": "ICA",
    "ingrediensText": "Grislever* (30%), fett från gris*, vatten, potatismjöl, MJÖLK**, socker, salt, rapsolja, lökpulver, lökpulver, kryddor (ingefära, kardemumma), kryddextrakt (muskotnöt, nejlika, svartpeppar, timjan), antioxidationsmedel (E300), konserveringsmedel (E250). *Fött, uppfött och slaktat i Sverige. **Ursprung Sverige.",
    "storage": "Kylvara högst +8°CBäst före: datumstämpel på sidan.Bäst före-datum avser oöppnad förpackning.",
    "allergens": "",
    "usage": "",
    "nutrition": [
      {
        "Näringsvärde": "Energi (kcal)",
        "100 Gram": "274 kcal"
      },
      {
        "Näringsvärde": "Energi (kJ)",
        "100 Gram": "1135 kJ"
      },
      {
        "Näringsvärde": "Fett",
        "100 Gram": "23 g"
      },
      {
        "Näringsvärde": "Varav mättat fett",
        "100 Gram": "8.7 g"
      },
      {
        "Näringsvärde": "Kolhydrat",
        "100 Gram": "8.1 g"
      },
      {
        "Näringsvärde": "Varav sockerarter",
        "100 Gram": "2.5 g"
      },
      {
        "Näringsvärde": "Protein",
        "100 Gram": "8.6 g"
      },
      {
        "Näringsvärde": "Salt",
        "100 Gram": "1.4 g"
      },
      {
        "Näringsvärde": "Järn",
        "100 Gram": "5.6 mg",
        "% av DRI(*)": "40"
      }
    ],
    "nutritionUnitText": "Näringsvärde per 100 gram",
    "categories": {
      "mainCategory": "Kött, Chark & Fågel",
      "subCategories": [
        {
          "name": "Pålägg",
          "subSubCategories": [
            "Pastej & paté",
            "Pastej"
          ]
        }
      ]
    }
  },
  {
    "name": "Leverpastej Bredbar 2x75g Pastejköket",
    "weightText": "0.15 kg",
    "caPart": "",
    "weightValue": 0.15,
    "weightUnit": "kg",
    "comparePrice": "93,00 kr/kg",
    "currentPrice": 13.95,
    "attributes": [
      "Kött från Sverige",
      "Ursprungsland Sverige"
    ],
    "imgUrl": "https://handlaprivatkund.ica.se/images-v3/bf7a00ca-390e-4769-865f-dc369586872e/3cc0fc2e-f731-4b6e-8a81-bd30e17af42a/500x500.jpg",
    "productInformation": "Pastejköket bredbar leverpastej, favoriten på svenskarnas frukostbord sdan 1970. Krämig med en mild leversmak och bra källa till järn. Denna variant i vår populära duopack för den som vill spara lite till ett senare tillfälle.",
    "countryText": "Sverige",
    "companyText": "Pastejköket",
    "ingrediensText": "Fett från gris*, grislever* (30%), MJÖLK*, vatten, potatismjöl, socker, salt, lök, maltodextrin, kryddor och kryddextrakt (bl.a. pomerans, ingefära, kryddpeppar, lagerblad, cayenne, kryddnejlika, muskotnöt, muskotblomma, svartpeppar), konserveringsmedel (E250). *Svensk råvara.",
    "storage": "Kylvara: Förvaras vid högst +8°C.",
    "allergens": "",
    "usage": "Öppnad förpackning högst +8°C , 5-7 dagar.",
    "nutrition": [
      {
        "Näringsvärde": "Energi (kcal)",
        "100 Gram": "280 kcal"
      },
      {
        "Näringsvärde": "Energi (kJ)",
        "100 Gram": "1200 kJ"
      },
      {
        "Näringsvärde": "Fett",
        "100 Gram": "24 g"
      },
      {
        "Näringsvärde": "Varav mättat fett",
        "100 Gram": "9.4 g"
      },
      {
        "Näringsvärde": "Kolhydrat",
        "100 Gram": "9 g"
      },
      {
        "Näringsvärde": "Varav sockerarter",
        "100 Gram": "4 g"
      },
      {
        "Näringsvärde": "Protein",
        "100 Gram": "9 g"
      },
      {
        "Näringsvärde": "Salt",
        "100 Gram": "2 g"
      },
      {
        "Näringsvärde": "Järn",
        "100 Gram": "5.6 mg",
        "% av DRI(*)": "40"
      }
    ],
    "nutritionUnitText": "Näringsvärde per 100 gram",
    "categories": {
      "mainCategory": "Kött, Chark & Fågel",
      "subCategories": [
        {
          "name": "Pålägg",
          "subSubCategories": [
            "Pastej & paté",
            "Pastej"
          ]
        }
      ]
    }
  },
  {
    "name": "Lantskinka Kokt 120g ICA",
    "weightText": "0.12 kg",
    "caPart": "",
    "weightValue": 0.12,
    "weightUnit": "kg",
    "comparePrice": "191,25 kr/kg",
    "currentPrice": 22.95,
    "attributes": [
      "Nyckelhålet",
      "Kött från Sverige",
      "Ursprungsland Sverige"
    ],
    "imgUrl": "https://handlaprivatkund.ica.se/images-v3/bf7a00ca-390e-4769-865f-dc369586872e/45ad4d1a-6391-4a5f-b292-2f9e9e779110/500x500.jpg",
    "productInformation": "ICA Lantskinka Kokt är en svensk skinka med mild och fin smak. Den passar till det mesta, både på frukostmackan och i maten.",
    "countryText": "Sverige",
    "companyText": "ICA",
    "ingrediensText": "Ingredienser: Skinka av gris* (helmuskel) 95%, salt, stabiliseringsmedel (E451), potatismjöl, druvsocker, potatisfiber, socker**, antioxidationssmedel (E301), konserveringsmedel (E250).*Fött uppfött och slaktat i Sverige.**Ursprung Sverige.",
    "storage": "Lägsta förvaringstemperatur 0°C Högsta förvaringstemperatur 8°C",
    "allergens": "",
    "usage": "",
    "nutrition": [
      {
        "Näringsvärde": "Energi (kcal)",
        "100 Gram": "96 kcal"
      },
      {
        "Näringsvärde": "Energi (kJ)",
        "100 Gram": "400 kJ"
      },
      {
        "Näringsvärde": "Fett",
        "100 Gram": "1.9 g"
      },
      {
        "Näringsvärde": "Varav mättat fett",
        "100 Gram": "0.4 g"
      },
      {
        "Näringsvärde": "Kolhydrat",
        "100 Gram": "1 g"
      },
      {
        "Näringsvärde": "Varav sockerarter",
        "100 Gram": "0.5 g"
      },
      {
        "Näringsvärde": "Protein",
        "100 Gram": "18 g"
      },
      {
        "Näringsvärde": "Salt",
        "100 Gram": "2.1 g"
      }
    ],
    "nutritionUnitText": "Näringsvärde per 100 gram",
    "categories": {
      "mainCategory": "Kött, Chark & Fågel",
      "subCategories": [
        {
          "name": "Pålägg",
          "subSubCategories": [
            "Skinka"
          ]
        }
      ]
    }
  },
  {
    "name": "Nötfärs Färsk 15% 500g KRAV ICA I love eco",
    "weightText": "0.5 kg",
    "caPart": "",
    "weightValue": 0.5,
    "weightUnit": "kg",
    "comparePrice": "165,90 kr/kg",
    "currentPrice": 82.95,
    "attributes": [
      "EU Ekologiskt",
      "Kött från Sverige",
      "Ekologiskt",
      "KRAV"
    ],
    "imgUrl": "https://handlaprivatkund.ica.se/images-v3/bf7a00ca-390e-4769-865f-dc369586872e/8eedd6b5-9e4e-48f3-954e-68b8424e4d9c/500x500.jpg",
    "productInformation": "KRAV-märkt nötfärs med 15 % fetthalt från svenska gårdar.",
    "countryText": "",
    "companyText": "ICA I love eco",
    "ingrediensText": "Finmald färs av nöt**. **Fött, uppfött, slaktat och styckat i Sverige. Berett (malet) i Sverige 507.",
    "storage": "",
    "allergens": "",
    "usage": "",
    "nutrition": [
      {
        "Näringsvärde": "Energi (kcal)",
        "100 Gram": "213 kcal"
      },
      {
        "Näringsvärde": "Energi (kJ)",
        "100 Gram": "884 kJ"
      },
      {
        "Näringsvärde": "Fett",
        "100 Gram": "15 g"
      },
      {
        "Näringsvärde": "Varav mättat fett",
        "100 Gram": "6.6 g"
      },
      {
        "Näringsvärde": "Kolhydrat",
        "100 Gram": "0.5 g"
      },
      {
        "Näringsvärde": "Varav sockerarter",
        "100 Gram": "0.5 g"
      },
      {
        "Näringsvärde": "Protein",
        "100 Gram": "19 g"
      },
      {
        "Näringsvärde": "Salt",
        "100 Gram": "0.2 g"
      }
    ],
    "nutritionUnitText": "Näringsvärde per 100 gram",
    "categories": {
      "mainCategory": "Kött, Chark & Fågel",
      "subCategories": [
        {
          "name": "Köttfärs",
          "subSubCategories": [
            "Nötfärs"
          ]
        }
      ]
    }
  },
  {
    "name": "Skinka Extrarökt Tunna Skivor 200g ICA",
    "weightText": "0.2 kg",
    "caPart": "",
    "weightValue": 0.2,
    "weightUnit": "kg",
    "comparePrice": "119,75 kr/kg",
    "currentPrice": 23.95,
    "attributes": [
      "Nyckelhålet",
      "Kött från Sverige"
    ],
    "imgUrl": "https://handlaprivatkund.ica.se/images-v3/bf7a00ca-390e-4769-865f-dc369586872e/b2ef2dd8-56c7-4272-8d2a-601633fd5314/500x500.jpg",
    "productInformation": "ICA Extrarökt Skinka är skivad och har tydlig röksmak. Skinkan passar på smörgås och gärna i en broccolipaj med lagrad smakrik ost.",
    "countryText": "",
    "companyText": "ICA",
    "ingrediensText": "Ingredienser: Skinka av gris* (helmuskel) 88%, vatten, salt, stabiliseringsmedel (E451), potatismjöl, druvsocker, potatisfiber, socker, antioxidationsmedel (E301), konserveringsmedel (E250). *Fött, uppfött och slaktat i Sverige.",
    "storage": "Lägsta förvaringstemperatur 0°C Högsta förvaringstemperatur 8°C",
    "allergens": "",
    "usage": "",
    "nutrition": [
      {
        "Näringsvärde": "Energi (kcal)",
        "100 Gram": "90 kcal"
      },
      {
        "Näringsvärde": "Energi (kJ)",
        "100 Gram": "381 kJ"
      },
      {
        "Näringsvärde": "Fett",
        "100 Gram": "1.1 g"
      },
      {
        "Näringsvärde": "Varav mättat fett",
        "100 Gram": "0.4 g"
      },
      {
        "Näringsvärde": "Kolhydrat",
        "100 Gram": "2 g"
      },
      {
        "Näringsvärde": "Varav sockerarter",
        "100 Gram": "0.5 g"
      },
      {
        "Näringsvärde": "Protein",
        "100 Gram": "18 g"
      },
      {
        "Näringsvärde": "Salt",
        "100 Gram": "2.1 g"
      }
    ],
    "nutritionUnitText": "",
    "categories": {
      "mainCategory": "Kött, Chark & Fågel",
      "subCategories": [
        {
          "name": "Pålägg",
          "subSubCategories": [
            "Skinka"
          ]
        }
      ]
    }
  },
  {
    "name": "Chorizo Cayenne Paprika 75% Kötthalt 300g Scan",
    "weightText": "0.3 kg",
    "caPart": "",
    "weightValue": 0.3,
    "weightUnit": "kg",
    "comparePrice": "116,50 kr/kg",
    "currentPrice": 34.95,
    "attributes": [
      "Glutenfritt",
      "Kött från Sverige",
      "Ursprungsland Sverige",
      "Laktosfritt"
    ],
    "imgUrl": "https://handlaprivatkund.ica.se/images-v3/bf7a00ca-390e-4769-865f-dc369586872e/fb738536-a5d7-4af9-bc26-22c5e1aa65c8/500x500.jpg",
    "productInformation": "Chorizo är en kryddstarkare varmrökt korv som är smaksatt med vitlök, cayenne och paprika. En favorit bland våra kryddiga korvar. Perfekt på grillen på sommaren eller i stekpannan till hösten. Våra korvar innehåller bara svenskt kött från våra gårdar. Denna korv är fri från gluten, laktos, ägg-, soja-, mjölk- och ärtprotein",
    "countryText": "Sverige",
    "companyText": "Scan",
    "ingrediensText": "INGREDIENSER: Svenskt gris- och nötkött (75%)*, vatten, potatismjöl, salt, fett från nötkött*, kryddor, druvsocker, paprika, cayennepeppar, vitlök, lök, kryddextrakt (rosmarin), arom, stabiliseringsmedel E450, antioxidationsmedel E300, konserveringsmedel E250, grisfjälster, rökarom. *Ursprung: Sverige.",
    "storage": "",
    "allergens": "",
    "usage": "",
    "nutrition": [
      {
        "Näringsvärde": "Energi (kcal)",
        "100 Gram": "250 kcal"
      },
      {
        "Näringsvärde": "Energi (kJ)",
        "100 Gram": "1050 kJ"
      },
      {
        "Näringsvärde": "Fett",
        "100 Gram": "21 g"
      },
      {
        "Näringsvärde": "Varav mättat fett",
        "100 Gram": "7.5 g"
      },
      {
        "Näringsvärde": "Kolhydrat",
        "100 Gram": "4.9 g"
      },
      {
        "Näringsvärde": "Varav sockerarter",
        "100 Gram": "0.6 g"
      },
      {
        "Näringsvärde": "Protein",
        "100 Gram": "12 g"
      },
      {
        "Näringsvärde": "Salt",
        "100 Gram": "1.8 g"
      }
    ],
    "nutritionUnitText": "Näringsvärde per 100 gram",
    "categories": {
      "mainCategory": "Kött, Chark & Fågel",
      "subCategories": [
        {
          "name": "Korv",
          "subSubCategories": [
            "Kryddkorv"
          ]
        }
      ]
    }
  },
  {
    "name": "Kycklingfärs 500g ICA Gott Liv",
    "weightText": "0.5 kg",
    "caPart": "",
    "weightValue": 0.5,
    "weightUnit": "kg",
    "comparePrice": "97,00 kr/kg",
    "currentPrice": 48.5,
    "attributes": [
      "Nyckelhålet",
      "Ursprungsland Sverige",
      "Svensk Fågel"
    ],
    "imgUrl": "https://images.ctfassets.net/l3dfc9zfaimi/qZc37LgTPPuZhIUMEbPJx/d4918e773827f51582d837109cfcb604/jul-25-produktdetaljbanner-insamlingen-desktop.jpg",
    "productInformation": "Kycklingfärs passar att använda på samma sätt som vanlig köttfärs, gör till exempel en kycklngfärssås eller prova biffar på kycklingfärs!",
    "countryText": "Sverige",
    "companyText": "ICA Gott Liv",
    "ingrediensText": "Kycklingfärs av 100% kycklingkött*Fetthalt lägre än 7%.Förhållandet mellan kollagen och köttprotein lägre än 12%.*Född, uppfödd och slaktad i Sverige.",
    "storage": "Kylvara förvaras i max 4° C.",
    "allergens": "",
    "usage": "Sista förbrukningsdag gäller obruten förpackning.",
    "nutrition": [
      {
        "Näringsvärde": "Energi (kcal)",
        "100 Gram": "110 kcal"
      },
      {
        "Näringsvärde": "Energi (kJ)",
        "100 Gram": "480 kJ"
      },
      {
        "Näringsvärde": "Fett",
        "100 Gram": "4 g"
      },
      {
        "Näringsvärde": "Varav mättat fett",
        "100 Gram": "1.1 g"
      },
      {
        "Näringsvärde": "Kolhydrat",
        "100 Gram": "0.5 g"
      },
      {
        "Näringsvärde": "Varav sockerarter",
        "100 Gram": "0.5 g"
      },
      {
        "Näringsvärde": "Protein",
        "100 Gram": "19 g"
      },
      {
        "Näringsvärde": "Salt",
        "100 Gram": "0.2 g"
      }
    ],
    "nutritionUnitText": "Näringsvärde per 100 gram",
    "categories": {
      "mainCategory": "Jul",
      "subCategories": [
        {
          "name": "Julens godaste varor",
          "subSubCategories": []
        }
      ]
    }
  },
  {
    "name": "Rostbiff 100g ICA",
    "weightText": "0.1 kg",
    "caPart": "",
    "weightValue": 0.1,
    "weightUnit": "kg",
    "comparePrice": "345,00 kr/kg",
    "currentPrice": 34.5,
    "attributes": [
      "Nyckelhålet",
      "Kött från Sverige",
      "Ursprungsland Sverige"
    ],
    "imgUrl": "https://handlaprivatkund.ica.se/images-v3/bf7a00ca-390e-4769-865f-dc369586872e/dfce483b-1c1c-4db7-be0a-a849194239d9/500x500.jpg",
    "productInformation": "ICA Rostbiff har den klassiska kryddningen som för tankarna till sommarens picknickar, där den är i gott sällskap av en krämig potatissallad. Men rostbiff har så många fler användningsområden än så. Den blir till exempel perfekt på ett smörrebröd som du enkelt gör på en skiva danskt rågbröd tillsammans med äpple, rostad lök och en handfull hackad persilja. Den passar också utmärkt att servera till en potatisgratäng och sallad.",
    "countryText": "Sverige",
    "companyText": "ICA",
    "ingrediensText": "Ingredienser: Nötkött* 95%, salt, kryddor (svartpeppar, chilipulver, spiskummin, vitlök) kryddextrakt (libbsticka), stabiliseringsmedel (E451), potatismjöl, druvsocker, potatisfiber, antioxidationsmedel (E301), socker**. *Fött, uppfött och slaktat i Sverige.**Ursprung Sverige.",
    "storage": "Lägsta förvaringstemperatur 0°C Högsta förvaringstemperatur 8°C",
    "allergens": "",
    "usage": "",
    "nutrition": [
      {
        "Näringsvärde": "Energi (kcal)",
        "100 Gram": "130 kcal"
      },
      {
        "Näringsvärde": "Energi (kJ)",
        "100 Gram": "540 kJ"
      },
      {
        "Näringsvärde": "Fett",
        "100 Gram": "1.2 g"
      },
      {
        "Näringsvärde": "Varav mättat fett",
        "100 Gram": "0.5 g"
      },
      {
        "Näringsvärde": "Kolhydrat",
        "100 Gram": "0.5 g"
      },
      {
        "Näringsvärde": "Varav sockerarter",
        "100 Gram": "0.5 g"
      },
      {
        "Näringsvärde": "Protein",
        "100 Gram": "27 g"
      },
      {
        "Näringsvärde": "Salt",
        "100 Gram": "1.7 g"
      }
    ],
    "nutritionUnitText": "Näringsvärde per 100 gram",
    "categories": {
      "mainCategory": "Kött, Chark & Fågel",
      "subCategories": [
        {
          "name": "Pålägg",
          "subSubCategories": [
            "Rostbiff & pastrami"
          ]
        }
      ]
    }
  },
  {
    "name": "Prosciutto Crudo 120g ICA",
    "weightText": "0.12 kg",
    "caPart": "",
    "weightValue": 0.12,
    "weightUnit": "kg",
    "comparePrice": "507,92 kr/kg",
    "currentPrice": 60.95,
    "attributes": [],
    "imgUrl": "https://handlaprivatkund.ica.se/images-v3/bf7a00ca-390e-4769-865f-dc369586872e/1bb5af29-4aef-4c82-a396-77769cdd1404/500x500.jpg",
    "productInformation": "ICA Prosciutto Crudo är en lufttorkad och lagrad skinka som nästan är ett måste på charkbrickan. Duka fram den rumstempererad på en bricka tillsammans med andra italienska delikatesser och förrätten är klar. Använd det som blir över som topping på pizzan, i salladen eller till helgens lyxiga frukost.",
    "countryText": "Italien",
    "companyText": "ICA",
    "ingrediensText": "Ingredienser: Skinka av gris (helmuskel)*, salt. *Fött, uppfött och slaktat i Danmark. Till 100 g färdig produkt har 140 g köttråvara använts.",
    "storage": "",
    "allergens": "",
    "usage": "",
    "nutrition": [],
    "nutritionUnitText": "Näringsvärde per 100 gram",
    "categories": {
      "mainCategory": "Kött, Chark & Fågel",
      "subCategories": [
        {
          "name": "Delikatesschark",
          "subSubCategories": [
            "Lufttorkad skinka"
          ]
        }
      ]
    }
  },
  {
    "name": "Kycklingbröstfilé grillad skivad 200g Guldfågeln",
    "weightText": "0.2 kg",
    "caPart": "",
    "weightValue": 0.2,
    "weightUnit": "kg",
    "comparePrice": "227,50 kr/kg",
    "currentPrice": 45.5,
    "attributes": [
      "Nyckelhålet",
      "Svensk Fågel"
    ],
    "imgUrl": "https://handlaprivatkund.ica.se/images-v3/bf7a00ca-390e-4769-865f-dc369586872e/ab83b345-3087-4027-83bb-0daa6a35aea3/500x500.jpg",
    "productInformation": "",
    "countryText": "",
    "companyText": "Guldfågeln",
    "ingrediensText": "Kycklingbröstfilé, potatisstärkelse, salt, kryddor och kryddextrakter (cayenne, ingefära, koriander, lagerblad, muskotnöt, paprika, peppar, rosmarin, spiskummin, vitlök), rapsolja, glukossirap, lök, vinäger, kycklingbuljong, stabiliseringsmedel (E451, E450), jästextrakt, antioxidationsmedel (E301). Till 100 g produkt har använts 100 g kycklingbröstfilé.",
    "storage": "",
    "allergens": "",
    "usage": "",
    "nutrition": [
      {
        "Näringsvärde": "Energi (kcal)",
        "100 Gram": "140 kcal"
      },
      {
        "Näringsvärde": "Energi (kJ)",
        "100 Gram": "600 kJ"
      },
      {
        "Näringsvärde": "Fett",
        "100 Gram": "3.5 g"
      },
      {
        "Näringsvärde": "Varav mättat fett",
        "100 Gram": "1.1 g"
      },
      {
        "Näringsvärde": "Kolhydrat",
        "100 Gram": "3.4 g"
      },
      {
        "Näringsvärde": "Varav sockerarter",
        "100 Gram": "0.5 g"
      },
      {
        "Näringsvärde": "Protein",
        "100 Gram": "23 g"
      },
      {
        "Näringsvärde": "Salt",
        "100 Gram": "1.7 g"
      }
    ],
    "nutritionUnitText": "Näringsvärde per 100 gram",
    "categories": {
      "mainCategory": "Kött, Chark & Fågel",
      "subCategories": [
        {
          "name": "Kyckling & Fågel",
          "subSubCategories": [
            "Förberedd fågel",
            "Grillad fågel"
          ]
        }
      ]
    }
  },
  {
    "name": "Köttbullar Delikatess Stekta 75% Kötthalt 450g Scan",
    "weightText": "0.45 kg",
    "caPart": "",
    "weightValue": 0.45,
    "weightUnit": "kg",
    "comparePrice": "151,00 kr/kg",
    "currentPrice": 67.95,
    "attributes": [
      "Kött från Sverige",
      "Ursprungsland Sverige"
    ],
    "imgUrl": "https://handlaprivatkund.ica.se/images-v3/bf7a00ca-390e-4769-865f-dc369586872e/ed4c23e7-ca62-42b0-a362-91947059a16e/500x500.jpg",
    "productInformation": "Våra smakrika delikatessköttbullar är lite mindre köttbullar som har en extra hög kötthalt och bjuder på en härligt god och fyllig smak. Och självklart kommer köttet enbart från djur på svenska gårdar.",
    "countryText": "Sverige",
    "companyText": "Scan",
    "ingrediensText": "INGREDIENSER: Svenskt nöt- och griskött (75%), potatis, lök, ÄGG, MJÖLKPULVER, VASSLEPULVER, salt, kryddor, arom. Stekta i animaliskt fett. *Ursprung: Sverige.",
    "storage": "",
    "allergens": "",
    "usage": "",
    "nutrition": [
      {
        "Näringsvärde": "Energi (kcal)",
        "100 Gram": "250 kcal"
      },
      {
        "Näringsvärde": "Energi (kJ)",
        "100 Gram": "1000 kJ"
      },
      {
        "Näringsvärde": "Fett",
        "100 Gram": "18 g"
      },
      {
        "Näringsvärde": "Varav mättat fett",
        "100 Gram": "8 g"
      },
      {
        "Näringsvärde": "Kolhydrat",
        "100 Gram": "5 g"
      },
      {
        "Näringsvärde": "Varav sockerarter",
        "100 Gram": "0.5 g"
      },
      {
        "Näringsvärde": "Protein",
        "100 Gram": "15 g"
      },
      {
        "Näringsvärde": "Salt",
        "100 Gram": "2 g"
      }
    ],
    "nutritionUnitText": "Näringsvärde per 100 gram",
    "categories": {
      "mainCategory": "Jul",
      "subCategories": [
        {
          "name": "Julmat",
          "subSubCategories": [
            "Korv, Köttbullar & Rödbetssallad",
            "Köttbullar & Rödbetssallad"
          ]
        }
      ]
    }
  },
  {
    "name": "Grillkorv Bacon & Ost 59% Kötthalt 480g Scan",
    "weightText": "0.48 kg",
    "caPart": "",
    "weightValue": 0.48,
    "weightUnit": "kg",
    "comparePrice": "99,90 kr/kg",
    "currentPrice": 47.95,
    "attributes": [],
    "imgUrl": "https://handlaprivatkund.ica.se/images-v3/bf7a00ca-390e-4769-865f-dc369586872e/1297e74b-daff-4c16-9cb3-0630060b7151/500x500.jpg",
    "productInformation": "Grillkorv som innehåller bacon och ost. Passar för grill och stekpanna. Gör en pastasallad med grillad korv och stekt bacon, parmesan och grönsaker.",
    "countryText": "",
    "companyText": "Scan",
    "ingrediensText": "INGREDIENSER: Svenskt gris-och nötkött (54%), OST (11%), vatten, potatismjöl, fett från gris- och nötkött, bacon (5%), salt, lök, kryddor, baconarom, koriander, bockhornsklöverfrö, kryddextrakt, jästextrakt, druvsocker, socker, köttextrakt, vegetabiliskt koncentrat, balsamvinäger, surhetsreglerande medel E330, antioxidationsmedel E326:E300, konserveringsmedel E261:E250, kollagentarm, rökarom.",
    "storage": "",
    "allergens": "",
    "usage": "",
    "nutrition": [
      {
        "Näringsvärde": "Energi (kcal)",
        "100 Gram": "270 kcal"
      },
      {
        "Näringsvärde": "Energi (kJ)",
        "100 Gram": "1140 kJ"
      },
      {
        "Näringsvärde": "Fett",
        "100 Gram": "22 g"
      },
      {
        "Näringsvärde": "Varav mättat fett",
        "100 Gram": "9 g"
      },
      {
        "Näringsvärde": "Kolhydrat",
        "100 Gram": "7 g"
      },
      {
        "Näringsvärde": "Varav sockerarter",
        "100 Gram": "0.5 g"
      },
      {
        "Näringsvärde": "Protein",
        "100 Gram": "12 g"
      },
      {
        "Näringsvärde": "Salt",
        "100 Gram": "2.1 g"
      }
    ],
    "nutritionUnitText": "Näringsvärde per 100 gram",
    "categories": {
      "mainCategory": "Kött, Chark & Fågel",
      "subCategories": [
        {
          "name": "Korv",
          "subSubCategories": [
            "Grillkorv"
          ]
        }
      ]
    }
  },
  {
    "name": "Kalkon Rökt Tunna Skivor 200g ICA",
    "weightText": "0.2 kg",
    "caPart": "",
    "weightValue": 0.2,
    "weightUnit": "kg",
    "comparePrice": "199,75 kr/kg",
    "currentPrice": 39.95,
    "attributes": [
      "Från Sverige",
      "Nyckelhålet"
    ],
    "imgUrl": "https://handlaprivatkund.ica.se/images-v3/bf7a00ca-390e-4769-865f-dc369586872e/e264f027-41c2-40fb-ac28-24cfb2ea105b/500x500.jpg",
    "productInformation": "ICA Kalkonbröst är svensk, rökt och skivad kalkon som passar både på smörgåsen och i matlagning. Testa till exempel att ha den i en pastasås eller på den hemgjorda pizzan.",
    "countryText": "",
    "companyText": "ICA",
    "ingrediensText": "Ingredienser:Kalkonbröst* 81%, vatten, salt, antioxidationsmedel (E331, E301), socker, stabiliseringsmedel (E450), konserveringsmedel (E250). *Fött, uppfött och slaktat i Sverige.",
    "storage": "Lägsta förvaringstemperatur 0°C Högsta förvaringstemperatur 8°C",
    "allergens": "",
    "usage": "",
    "nutrition": [
      {
        "Näringsvärde": "Energi (kcal)",
        "100 Gram": "100 kcal"
      },
      {
        "Näringsvärde": "Energi (kJ)",
        "100 Gram": "422 kJ"
      },
      {
        "Näringsvärde": "Fett",
        "100 Gram": "1.1 g"
      },
      {
        "Näringsvärde": "Varav mättat fett",
        "100 Gram": "0.3 g"
      },
      {
        "Näringsvärde": "Kolhydrat",
        "100 Gram": "1.2 g"
      },
      {
        "Näringsvärde": "Varav sockerarter",
        "100 Gram": "0.7 g"
      },
      {
        "Näringsvärde": "Protein",
        "100 Gram": "21 g"
      },
      {
        "Näringsvärde": "Salt",
        "100 Gram": "2.2 g"
      }
    ],
    "nutritionUnitText": "",
    "categories": {
      "mainCategory": "Kött, Chark & Fågel",
      "subCategories": [
        {
          "name": "Pålägg",
          "subSubCategories": [
            "Fågel"
          ]
        }
      ]
    }
  },
  {
    "name": "Kycklingbröstfilé 2kg ICA Basic",
    "weightText": "2 kg",
    "caPart": "",
    "weightValue": 2,
    "weightUnit": "kg",
    "comparePrice": "64,50 kr/kg",
    "currentPrice": 129,
    "attributes": [],
    "imgUrl": "https://handlaprivatkund.ica.se/images-v3/bf7a00ca-390e-4769-865f-dc369586872e/5e10a99f-1c91-4d23-a4b4-0a7fcb164cb6/500x500.jpg",
    "productInformation": "Vardagsfavoriter i storpack, enkla att tillaga i stekpanna eller ugn.",
    "countryText": "Danmark",
    "companyText": "ICA Basic",
    "ingrediensText": "Kycklingbröstfilé* 87%, vatten, salt. *Fött, uppfött, slaktat i Danmark.",
    "storage": "I frysutrymme (–18°C eller kallare). Bör ej frysas om efter upptining.",
    "allergens": "",
    "usage": "",
    "nutrition": [
      {
        "Näringsvärde": "Energi (kcal)",
        "100 Gram": "95 kcal"
      },
      {
        "Näringsvärde": "Energi (kJ)",
        "100 Gram": "400 kJ"
      },
      {
        "Näringsvärde": "Fett",
        "100 Gram": "1 g"
      },
      {
        "Näringsvärde": "Varav mättat fett",
        "100 Gram": "0.3 g"
      },
      {
        "Näringsvärde": "Kolhydrat",
        "100 Gram": "0 g"
      },
      {
        "Näringsvärde": "Varav sockerarter",
        "100 Gram": "0 g"
      },
      {
        "Näringsvärde": "Protein",
        "100 Gram": "21 g"
      },
      {
        "Näringsvärde": "Salt",
        "100 Gram": "0.43 g"
      }
    ],
    "nutritionUnitText": "Näringsvärde per 100 gram",
    "categories": {
      "mainCategory": "Kött, Chark & Fågel",
      "subCategories": [
        {
          "name": "Kyckling & Fågel",
          "subSubCategories": [
            "Kycklingfilé",
            "Kycklingfilé, fryst"
          ]
        }
      ]
    }
  },
  {
    "name": "Salami Milano 70g ICA",
    "weightText": "0.07 kg",
    "caPart": "",
    "weightValue": 0.07,
    "weightUnit": "kg",
    "comparePrice": "335,71 kr/kg",
    "currentPrice": 23.5,
    "attributes": [],
    "imgUrl": "https://handlaprivatkund.ica.se/images-v3/bf7a00ca-390e-4769-865f-dc369586872e/49fca817-1fd0-490e-b847-0ac658093f6c/500x500.jpg",
    "productInformation": "ICA Salami Milano är en smakrik och kryddig korv som har fått torka i den italienska solen. Perfekt på en matig lunchmacka eller på buffébordet tillsammans med andra italienska delikatesser.Kylvara. 0 - +8°C",
    "countryText": "Italien",
    "companyText": "ICA",
    "ingrediensText": "Griskött*, salt, druvsocker, kryddor (vitpeppar, kanel, muskot, muskotblomma, koriander, kryddnejlilka, stjärnanis, enbär, rosmarin, kummin, lagerblad), antioxidationsmedel (E301), konserveringsmedel (E252, E250), torkad vitlök, mjölksyrakultur. *Fött, uppfött och slaktat i Italien. Till 100g färdig produkt har 146g köttråvara använts.",
    "storage": "",
    "allergens": "",
    "usage": "",
    "nutrition": [],
    "nutritionUnitText": "",
    "categories": {
      "mainCategory": "Kött, Chark & Fågel",
      "subCategories": [
        {
          "name": "Delikatesschark",
          "subSubCategories": [
            "Salami delikatess"
          ]
        }
      ]
    }
  },
  {
    "name": "Grillad kyckling i skivor 170g ICA",
    "weightText": "0.17 kg",
    "caPart": "",
    "weightValue": 0.17,
    "weightUnit": "kg",
    "comparePrice": "217,35 kr/kg",
    "currentPrice": 36.95,
    "attributes": [
      "Från Sverige",
      "Nyckelhålet"
    ],
    "imgUrl": "https://handlaprivatkund.ica.se/images-v3/bf7a00ca-390e-4769-865f-dc369586872e/3c4fb5d3-e338-4f7c-858c-7396cd4f1166/500x500.jpg",
    "productInformation": "ICA Grillad kyckling passar både på smörgåsen eller i en matig sallad. Dessutom lyfter den snabbt mellanmålsknäcket till en ny nivå tillsammans med lite cottage cheese och någon skiva paprika. Smarrigt och enkelt!",
    "countryText": "",
    "companyText": "ICA",
    "ingrediensText": "Ingredienser: Kycklingbröst* 95%, salt, kryddor (lök, vitlök), glukossirap, druvsocker, socker, kryddextrakt, anti-oxidationsmedel (E330, E331, E301), stabiliseringsmedel (E450), konserveringsmedel (E250).*Uppfött och slaktat i Sverige.",
    "storage": "Lägsta förvaringstemperatur 0°C Högsta förvaringstemperatur 8°C",
    "allergens": "",
    "usage": "",
    "nutrition": [
      {
        "Näringsvärde": "Energi (kcal)",
        "100 Gram": "94 kcal"
      },
      {
        "Näringsvärde": "Energi (kJ)",
        "100 Gram": "398 kJ"
      },
      {
        "Näringsvärde": "Fett",
        "100 Gram": "1.1 g"
      },
      {
        "Näringsvärde": "Varav mättat fett",
        "100 Gram": "0.4 g"
      },
      {
        "Näringsvärde": "Kolhydrat",
        "100 Gram": "2 g"
      },
      {
        "Näringsvärde": "Varav sockerarter",
        "100 Gram": "0.5 g"
      },
      {
        "Näringsvärde": "Protein",
        "100 Gram": "19 g"
      },
      {
        "Näringsvärde": "Salt",
        "100 Gram": "2.4 g"
      }
    ],
    "nutritionUnitText": "",
    "categories": {
      "mainCategory": "Kött, Chark & Fågel",
      "subCategories": [
        {
          "name": "Pålägg",
          "subSubCategories": [
            "Fågel"
          ]
        }
      ]
    }
  },
  {
    "name": "Lantskinka Extrarökt 120g ICA",
    "weightText": "0.12 kg",
    "caPart": "",
    "weightValue": 0.12,
    "weightUnit": "kg",
    "comparePrice": "191,25 kr/kg",
    "currentPrice": 22.95,
    "attributes": [
      "Nyckelhålet",
      "Kött från Sverige",
      "Ursprungsland Sverige"
    ],
    "imgUrl": "https://handlaprivatkund.ica.se/images-v3/bf7a00ca-390e-4769-865f-dc369586872e/3736014c-d757-4d11-944c-aa75141342f1/500x500.jpg",
    "productInformation": "ICA Lantskinka Extrarökt är en svensk skinka som är perfekt för dig som gillar en kraftig, rökig smak. Den har fått sin smak av alspån och enris och är god på en frukost- eller lunchmacka men också som plockmat tillsammans med ett saftigt päron, gräddig ädelost och valnötter. \n \n Alspåns- och enrisrökt.",
    "countryText": "Sverige",
    "companyText": "ICA",
    "ingrediensText": "Ingredienser: Skinka av gris* (helmuskel) 95%, salt, stabiliseringsmedel (E451), potatismjöl, druvsocker, potatisfiber, socker**, antioxidationssmedel (E301), konserveringsmedel (E250). *Fött, uppfött och slaktat i Sverige.**Ursprung Sverige.",
    "storage": "Lägsta förvaringstemperatur 0°C Högsta förvaringstemperatur 8°C",
    "allergens": "",
    "usage": "",
    "nutrition": [
      {
        "Näringsvärde": "Energi (kcal)",
        "100 Gram": "91 kcal"
      },
      {
        "Näringsvärde": "Energi (kJ)",
        "100 Gram": "380 kJ"
      },
      {
        "Näringsvärde": "Fett",
        "100 Gram": "2.1 g"
      },
      {
        "Näringsvärde": "Varav mättat fett",
        "100 Gram": "0.8 g"
      },
      {
        "Näringsvärde": "Kolhydrat",
        "100 Gram": "1.1 g"
      },
      {
        "Näringsvärde": "Varav sockerarter",
        "100 Gram": "0.5 g"
      },
      {
        "Näringsvärde": "Protein",
        "100 Gram": "17 g"
      },
      {
        "Näringsvärde": "Salt",
        "100 Gram": "2.1 g"
      }
    ],
    "nutritionUnitText": "Näringsvärde per 100 gram",
    "categories": {
      "mainCategory": "Kött, Chark & Fågel",
      "subCategories": [
        {
          "name": "Pålägg",
          "subSubCategories": [
            "Skinka"
          ]
        }
      ]
    }
  },
  {
    "name": "Kabanoss Smal 89% kötthalt 225g ICA",
    "weightText": "0.225 kg",
    "caPart": "",
    "weightValue": 0.225,
    "weightUnit": "kg",
    "comparePrice": "150,89 kr/kg",
    "currentPrice": 33.95,
    "attributes": [
      "Kött från Sverige",
      "Ursprungsland Sverige"
    ],
    "imgUrl": "https://handlaprivatkund.ica.se/images-v3/bf7a00ca-390e-4769-865f-dc369586872e/8fbbef5f-cefa-432f-8f96-80bfd98152f5/500x500.jpg",
    "productInformation": "ICA Kabanoss Smal är en tunn och smakrik korv som är gjord på svenskt kött. Den är kryddad med paprika, peppar och vitlök, vilket gör att den får tillräckligt med karaktär för att ge smak åt en pytt i panna, serveras till en italiensk brödsallad eller tillsammans med lyxigt mos. Men för den som vill ha lite extra smak funkar den lika bra som grillad i bröd.",
    "countryText": "Sverige",
    "companyText": "ICA",
    "ingrediensText": "Ingredienser: Griskött* 89 %, vatten, potatisstärkelse, fett från gris*, salt, kryddor (paprika, vitpeppar, svartpeppar, cayennepeppar, kryddpeppar, chilipulver, spiskummin, kryddnejlika), stabiliseringsmedel (E452), druvsocker, vitlök, antioxidationsmedel (E300), konserveringsmedel (E250). Stoppad i naturtarm från får. *Uppfött och slaktat i Sverige.",
    "storage": "",
    "allergens": "",
    "usage": "",
    "nutrition": [
      {
        "Näringsvärde": "Energi (kcal)",
        "100 Gram": "270 kcal"
      },
      {
        "Näringsvärde": "Energi (kJ)",
        "100 Gram": "1100 kJ"
      },
      {
        "Näringsvärde": "Fett",
        "100 Gram": "22 g"
      },
      {
        "Näringsvärde": "Varav mättat fett",
        "100 Gram": "9.7 g"
      },
      {
        "Näringsvärde": "Kolhydrat",
        "100 Gram": "5 g"
      },
      {
        "Näringsvärde": "Varav sockerarter",
        "100 Gram": "1.4 g"
      },
      {
        "Näringsvärde": "Protein",
        "100 Gram": "13 g"
      },
      {
        "Näringsvärde": "Salt",
        "100 Gram": "2 g"
      },
      {
        "Näringsvärde": "Natrium",
        "100 Gram": "0.8 g"
      }
    ],
    "nutritionUnitText": "Näringsvärde per 100 gram",
    "categories": {
      "mainCategory": "Kött, Chark & Fågel",
      "subCategories": [
        {
          "name": "Korv",
          "subSubCategories": [
            "Kryddkorv"
          ]
        }
      ]
    }
  },
  {
    "name": "Chorizo 300g ICA",
    "weightText": "0.3 kg",
    "caPart": "",
    "weightValue": 0.3,
    "weightUnit": "kg",
    "comparePrice": "101,67 kr/kg",
    "currentPrice": 30.5,
    "attributes": [
      "Kött från Sverige",
      "Ursprungsland Sverige"
    ],
    "imgUrl": "https://handlaprivatkund.ica.se/images-v3/bf7a00ca-390e-4769-865f-dc369586872e/207eccaa-259e-4b2b-b0f1-347edbf40fa3/500x500.jpg",
    "productInformation": "ICA Chorizo är en kryddstark korv som är gjord på svenskt kött. Den har smak av chili och paprika och passar både i en pytt i panna eller grillad med bröd. Skär några snitt i korven och stek på medelvärme i cirka 12 minuter.",
    "countryText": "Sverige",
    "companyText": "ICA",
    "ingrediensText": "Ingredienser: Gris*- och nötkött* 78%, vatten, potatisstärkelse, salt, kryddor (paprika, lök, druvsocker, tomat, vitlök, svartpeppar, cayennepeppar), kryddextrakt (paprika), antioxidationsmedel (E300), konserveringsmedel (E250). Alspånsrökt. Stoppad i naturtarm från gris. *Fött, uppfött och slaktat i Sverige.",
    "storage": "",
    "allergens": "",
    "usage": "Kylvara: Förvaras vid högst +8°C",
    "nutrition": [
      {
        "Näringsvärde": "Energi (kcal)",
        "100 Gram": "250 kcal"
      },
      {
        "Näringsvärde": "Energi (kJ)",
        "100 Gram": "1050 kJ"
      },
      {
        "Näringsvärde": "Fett",
        "100 Gram": "21 g"
      },
      {
        "Näringsvärde": "Varav mättat fett",
        "100 Gram": "7 g"
      },
      {
        "Näringsvärde": "Kolhydrat",
        "100 Gram": "4 g"
      },
      {
        "Näringsvärde": "Varav sockerarter",
        "100 Gram": "1.8 g"
      },
      {
        "Näringsvärde": "Protein",
        "100 Gram": "12 g"
      },
      {
        "Näringsvärde": "Salt",
        "100 Gram": "1.9 g"
      }
    ],
    "nutritionUnitText": "Näringsvärde per 100 gram",
    "categories": {
      "mainCategory": "Kött, Chark & Fågel",
      "subCategories": [
        {
          "name": "Korv",
          "subSubCategories": [
            "Kryddkorv"
          ]
        }
      ]
    }
  },
  {
    "name": "Strimlad Skinka Rökt 500g ICA",
    "weightText": "0.5 kg",
    "caPart": "",
    "weightValue": 0.5,
    "weightUnit": "kg",
    "comparePrice": "117,90 kr/kg",
    "currentPrice": 58.95,
    "attributes": [
      "Nyckelhålet",
      "Kött från Sverige"
    ],
    "imgUrl": "https://handlaprivatkund.ica.se/images-v3/bf7a00ca-390e-4769-865f-dc369586872e/6989b470-690e-4bd2-8299-e1b9cbf4872e/500x500.jpg",
    "productInformation": "ICA Strimlad rökt skinka gjord på svensk råvara i ett storpack på 500 g. Strimlad skinka kan kombineras på många sätt – i en sallad, i pastasås eller toppa på pizzan. Det är bara fantasin som sätter gränser. \n \n Alspånsrökt.",
    "countryText": "",
    "companyText": "ICA",
    "ingrediensText": "Ingredienser: Skinka av gris* 95% (skinkbitar),salt, antioxidationsmedel (E331, E301), stabiliseringsmedel (E450), socker**, konserveringsmedel (E250). *Fött, uppfött och slaktat i Sverige. **Ursprung Sverige.",
    "storage": "Lägsta förvaringstemperatur 0°C Högsta förvaringstemperatur 8°C",
    "allergens": "",
    "usage": "",
    "nutrition": [
      {
        "Näringsvärde": "Energi (kcal)",
        "100 Gram": "100 kcal"
      },
      {
        "Näringsvärde": "Energi (kJ)",
        "100 Gram": "421 kJ"
      },
      {
        "Näringsvärde": "Fett",
        "100 Gram": "2.3 g"
      },
      {
        "Näringsvärde": "Varav mättat fett",
        "100 Gram": "0.7 g"
      },
      {
        "Näringsvärde": "Kolhydrat",
        "100 Gram": "0.5 g"
      },
      {
        "Näringsvärde": "Varav sockerarter",
        "100 Gram": "0.5 g"
      },
      {
        "Näringsvärde": "Protein",
        "100 Gram": "19 g"
      },
      {
        "Näringsvärde": "Salt",
        "100 Gram": "2 g"
      }
    ],
    "nutritionUnitText": "Näringsvärde per 100 gram",
    "categories": {
      "mainCategory": "Kött, Chark & Fågel",
      "subCategories": [
        {
          "name": "Kött",
          "subSubCategories": [
            "Fläsk",
            "Strimlat fläskkött"
          ]
        }
      ]
    }
  },
  {
    "name": "Skinka Basturökt 120g Pärsons",
    "weightText": "0.12 kg",
    "caPart": "",
    "weightValue": 0.12,
    "weightUnit": "kg",
    "comparePrice": "241,25 kr/kg",
    "currentPrice": 28.95,
    "attributes": [
      "Nyckelhålet",
      "Kött från Sverige",
      "Ursprungsland Sverige"
    ],
    "imgUrl": "https://handlaprivatkund.ica.se/images-v3/bf7a00ca-390e-4769-865f-dc369586872e/f73e2068-9428-4e2e-925f-086b2a3e841b/500x500.jpg",
    "productInformation": "Rökt skinka av helmuskel. Smörgåspålägg som passar till frukost, varma mackor eller på en hemgjord pizza med tomatsås, oregano och ost.",
    "countryText": "Sverige",
    "companyText": "Pärsons",
    "ingrediensText": "INGREDIENSER: Svensk skinka helmuskel 89%, vatten, koksalt, antioxidationsmedel (E326, E301), stabiliseringsmedel (E451), potatisstärkelse, druvsocker, potatisfiber, socker, konserveringsmedel (E250). Varmrökt.",
    "storage": "",
    "allergens": "",
    "usage": "",
    "nutrition": [
      {
        "Näringsvärde": "Energi (kcal)",
        "100 Gram": "105 kcal"
      },
      {
        "Näringsvärde": "Energi (kJ)",
        "100 Gram": "440 kJ"
      },
      {
        "Näringsvärde": "Fett",
        "100 Gram": "2.7 g"
      },
      {
        "Näringsvärde": "Varav mättat fett",
        "100 Gram": "0.9 g"
      },
      {
        "Näringsvärde": "Kolhydrat",
        "100 Gram": "0.9 g"
      },
      {
        "Näringsvärde": "Varav sockerarter",
        "100 Gram": "0.4 g"
      },
      {
        "Näringsvärde": "Fiber",
        "100 Gram": "1 g"
      },
      {
        "Näringsvärde": "Protein",
        "100 Gram": "19 g"
      },
      {
        "Näringsvärde": "Salt",
        "100 Gram": "2.4 g"
      },
      {
        "Näringsvärde": "Natrium",
        "100 Gram": "1.5 g"
      }
    ],
    "nutritionUnitText": "Näringsvärde per 100 gram",
    "categories": {
      "mainCategory": "Kött, Chark & Fågel",
      "subCategories": [
        {
          "name": "Pålägg",
          "subSubCategories": [
            "Skinka"
          ]
        }
      ]
    }
  },
  {
    "name": "Lindösalami Vitlök i skivor ca 3g Lönneberga",
    "weightText": "Ca 0.003 kg",
    "caPart": "Ca",
    "weightValue": 0.003,
    "weightUnit": "kg",
    "comparePrice": "329,50 kr/kg",
    "currentPrice": 0.99,
    "attributes": [],
    "imgUrl": "https://handlaprivatkund.ica.se/images-v3/bf7a00ca-390e-4769-865f-dc369586872e/cafdac52-8c58-4127-a76e-547a842148e1/500x500.jpg",
    "productInformation": "",
    "countryText": "",
    "companyText": "Lönneberga",
    "ingrediensText": "Griskött*, nötkött*, salt, vitlök (3,1%), gelatin, druvsocker, kryddor (koriander, vitpeppar), surhetsreglerande medel (E575), antioxidationsmedel (E300, E301), konserveringsmedel (E250). *Fött, uppfött och slaktat i Sverige. Till 100g färdig produkt har använts 130g köttråvara.",
    "storage": "Förvaring: Rumstemperatur",
    "allergens": "",
    "usage": "",
    "nutrition": [],
    "nutritionUnitText": "Näringsvärde per styck",
    "categories": {
      "mainCategory": "Butikens egna varor",
      "subCategories": [
        {
          "name": "Egen delikatesschark",
          "subSubCategories": [
            "Salami"
          ]
        }
      ]
    }
  },
  {
    "name": "Kycklingklubba Fryst 1kg Kronfågel",
    "weightText": "1 kg",
    "caPart": "",
    "weightValue": 1,
    "weightUnit": "kg",
    "comparePrice": "38,50 kr/kg",
    "currentPrice": 38.5,
    "attributes": [
      "Ursprungsland Sverige",
      "Svensk Fågel"
    ],
    "imgUrl": "https://handlaprivatkund.ica.se/images-v3/bf7a00ca-390e-4769-865f-dc369586872e/18bba2e0-beba-45ef-afc2-068964e2ca58/500x500.jpg",
    "productInformation": "Mörad kycklingklubba från Kronfågel har en härlig smak som passar perfekt till grillade grönsaker, pasta eller sallad. Kycklingen tinas i kylskåp 10?12 timmar innan tillagning. Stek eller grilla och servera med valfria tillbehör. 100 % svensk kyckling omsorgsfullt uppfödd på våra svenska gårdar, vilket innebär god djurhållning, högsta kvalitet och hälsosam, klimatsmart mat på tallriken.",
    "countryText": "Sverige",
    "companyText": "Kronfågel",
    "ingrediensText": "Kycklingklubba med del av ryggben 87%, vatten, salt.",
    "storage": "",
    "allergens": "",
    "usage": "",
    "nutrition": [
      {
        "Näringsvärde": "Energi (kcal)",
        "100 Gram": "190 kcal"
      },
      {
        "Näringsvärde": "Energi (kJ)",
        "100 Gram": "800 kJ"
      },
      {
        "Näringsvärde": "Fett",
        "100 Gram": "14 g"
      },
      {
        "Näringsvärde": "Varav mättat fett",
        "100 Gram": "4 g"
      },
      {
        "Näringsvärde": "Kolhydrat",
        "100 Gram": "0.5 g"
      },
      {
        "Näringsvärde": "Varav sockerarter",
        "100 Gram": "0.5 g"
      },
      {
        "Näringsvärde": "Protein",
        "100 Gram": "16 g"
      },
      {
        "Näringsvärde": "Salt",
        "100 Gram": "0.6 g"
      }
    ],
    "nutritionUnitText": "Näringsvärde per 100 gram",
    "categories": {
      "mainCategory": "Fryst",
      "subCategories": [
        {
          "name": "Fryst fågel",
          "subSubCategories": [
            "Frysta kycklingdelar"
          ]
        }
      ]
    }
  },
  {
    "name": "Wienerkorv 15-pack 66% Kötthalt 750g Lithells",
    "weightText": "0.75 kg",
    "caPart": "",
    "weightValue": 0.75,
    "weightUnit": "kg",
    "comparePrice": "97,27 kr/kg",
    "currentPrice": 72.95,
    "attributes": [
      "Glutenfritt",
      "Kött från Sverige",
      "Laktosfritt"
    ],
    "imgUrl": "https://handlaprivatkund.ica.se/images-v3/bf7a00ca-390e-4769-865f-dc369586872e/062c9b6d-1358-47ee-a174-b2449e1ddb87/500x500.jpg",
    "productInformation": "En alspånsrökt legendar med lång korvtradition och gjord på svenskt kött.",
    "countryText": "",
    "companyText": "Lithells",
    "ingrediensText": "Gris*- och nötkött* (66%), vatten, fett från gris*, potatismjöl, salt, druvsocker, lökpulver, kryddor och kryddextrakt (svartpeppar, vitpeppar, cayennepeppar, ingefära, muskotnöt, koriander, paprika), arom, antioxidationsmedel (E300), konserveringsmedel (E250). Stoppad i kollagentarm. *Fött, uppfött och slaktat i Sverige.",
    "storage": "Kylvara: max +8°C.",
    "allergens": "",
    "usage": "Öppnad förpackning: max +8°C, 3-5 dagar.",
    "nutrition": [
      {
        "Näringsvärde": "Energi (kcal)",
        "100 Gram": "280 kcal"
      },
      {
        "Näringsvärde": "Energi (kJ)",
        "100 Gram": "1200 kJ"
      },
      {
        "Näringsvärde": "Fett",
        "100 Gram": "25 g"
      },
      {
        "Näringsvärde": "Varav mättat fett",
        "100 Gram": "9.8 g"
      },
      {
        "Näringsvärde": "Kolhydrat",
        "100 Gram": "6 g"
      },
      {
        "Näringsvärde": "Varav sockerarter",
        "100 Gram": "0.9 g"
      },
      {
        "Näringsvärde": "Protein",
        "100 Gram": "9.8 g"
      },
      {
        "Näringsvärde": "Salt",
        "100 Gram": "2.1 g"
      }
    ],
    "nutritionUnitText": "Näringsvärde per 100 gram",
    "categories": {
      "mainCategory": "Kött, Chark & Fågel",
      "subCategories": [
        {
          "name": "Korv",
          "subSubCategories": [
            "Varmkorv"
          ]
        }
      ]
    }
  },
  {
    "name": "Grillkorv Klassisk 640g Scan",
    "weightText": "0.64 kg",
    "caPart": "",
    "weightValue": 0.64,
    "weightUnit": "kg",
    "comparePrice": "81,17 kr/kg",
    "currentPrice": 51.95,
    "attributes": [
      "Kött från Sverige",
      "Ursprungsland Sverige"
    ],
    "imgUrl": "https://handlaprivatkund.ica.se/images-v3/bf7a00ca-390e-4769-865f-dc369586872e/55228145-877d-42cf-80c4-0e4a1bba53d2/500x500.jpg",
    "productInformation": "Härligt smakrika grillkorvar med tunt skinn som passar perfekt på grillen på sommaren eller i stekpannan till hösten. Våra korvar innehåller bara svenskt kött från våra gårdar.",
    "countryText": "Sverige",
    "companyText": "Scan",
    "ingrediensText": "INGREDIENSER: Svenskt gris- och nötkött (57%)*, vatten, potatismjöl, fett från gris- och nötkött*, salt, bindväv från gris*, lök, kryddor, koriander, bockhornsklöverfrö, kryddextrakt, jästextrakt, druvsocker, socker, köttextrakt, vegetabiliskt koncentrat, balsamvinäger, surhetsreglerande medel (E330), antioxidationsmedel (E326:E300), konserveringsmedel (E261:E250), kollagentarm, rökarom. *Ursprung: Sverige.",
    "storage": "",
    "allergens": "",
    "usage": "",
    "nutrition": [
      {
        "Näringsvärde": "Energi (kcal)",
        "100 Gram": "250 kcal"
      },
      {
        "Näringsvärde": "Energi (kJ)",
        "100 Gram": "1050 kJ"
      },
      {
        "Näringsvärde": "Fett",
        "100 Gram": "20 g"
      },
      {
        "Näringsvärde": "Varav mättat fett",
        "100 Gram": "7.3 g"
      },
      {
        "Näringsvärde": "Kolhydrat",
        "100 Gram": "9.8 g"
      },
      {
        "Näringsvärde": "Varav sockerarter",
        "100 Gram": "0.5 g"
      },
      {
        "Näringsvärde": "Protein",
        "100 Gram": "9.5 g"
      },
      {
        "Näringsvärde": "Salt",
        "100 Gram": "2.2 g"
      }
    ],
    "nutritionUnitText": "Näringsvärde per 100 gram",
    "categories": {
      "mainCategory": "Kött, Chark & Fågel",
      "subCategories": [
        {
          "name": "Korv",
          "subSubCategories": [
            "Grillkorv"
          ]
        }
      ]
    }
  },
  {
    "name": "Blodpudding Färdigskivad 380g Gea's",
    "weightText": "0.38 kg",
    "caPart": "",
    "weightValue": 0.38,
    "weightUnit": "kg",
    "comparePrice": "39,34 kr/kg",
    "currentPrice": 14.95,
    "attributes": [],
    "imgUrl": "https://handlaprivatkund.ica.se/images-v3/bf7a00ca-390e-4769-865f-dc369586872e/346a8d65-705e-45a9-8d08-007027178e66/500x500.jpg",
    "productInformation": "Gea´s klassiska blodpudding, redan färdigskivad och klar att steka. Tack vare de färdigskurna jämna skivorna blir tillagningen både smidigare och tar mindre tid - samma goda smak som originalet och alltid med ett perfekt resultat.",
    "countryText": "",
    "companyText": "Gea s",
    "ingrediensText": "Vatten, fullkornsmjöl av RÅG, VETEmjöl, rapsolja, blodpulver från gris*, socker, salt, kryddor och örtkryddor (ingefära, kanel, koriander, kryddpeppar, nejlika, peppar, mejram), lökpulver, arom, konserveringsmedel (E250).*EU-råvara.",
    "storage": "Kylvara: Förvaras vid högst +8°C.Öppnad förpackning förvaras högst +8°C 3-5 dagar.",
    "allergens": "",
    "usage": "",
    "nutrition": [
      {
        "Näringsvärde": "Energi (kcal)",
        "100 Gram": "190 kcal"
      },
      {
        "Näringsvärde": "Energi (kJ)",
        "100 Gram": "800 kJ"
      },
      {
        "Näringsvärde": "Fett",
        "100 Gram": "8.4 g"
      },
      {
        "Näringsvärde": "Varav mättat fett",
        "100 Gram": "0.6 g"
      },
      {
        "Näringsvärde": "Kolhydrat",
        "100 Gram": "22 g"
      },
      {
        "Näringsvärde": "Varav sockerarter",
        "100 Gram": "5.8 g"
      },
      {
        "Näringsvärde": "Protein",
        "100 Gram": "7.3 g"
      },
      {
        "Näringsvärde": "Salt",
        "100 Gram": "1.9 g"
      },
      {
        "Näringsvärde": "Järn",
        "100 Gram": "16 mg",
        "% av DRI(*)": "114"
      }
    ],
    "nutritionUnitText": "Näringsvärde per 100 gram",
    "categories": {
      "mainCategory": "Kött, Chark & Fågel",
      "subCategories": [
        {
          "name": "Matchark",
          "subSubCategories": [
            "Blodpudding"
          ]
        }
      ]
    }
  },
  {
    "name": "Leverpastej Bredbar 200g Arboga",
    "weightText": "0.2 kg",
    "caPart": "",
    "weightValue": 0.2,
    "weightUnit": "kg",
    "comparePrice": "74,75 kr/kg",
    "currentPrice": 14.95,
    "attributes": [],
    "imgUrl": "https://handlaprivatkund.ica.se/images-v3/bf7a00ca-390e-4769-865f-dc369586872e/fd00169a-65bf-483e-8507-d21049a9d904/500x500.jpg",
    "productInformation": "Arboga Bredbar är en bredbar leverpastej som passar på mackan med några skivor smörgåsgurka eller som ingrediens i smörgåstårta.",
    "countryText": "",
    "companyText": "Arboga",
    "ingrediensText": "Fett från gris, grislever (30%), MJÖLK, vatten, potatismjöl, socker, koksalt, tryffelersättning (champinjoner, fårticka), kryddor och kryddextrakt (bl.a ingefära, muskotnöt, nejlika), lök, timjan, druvsocker, maltodextrin, antioxidationsmedel (E300), konserveringsmedel (E250).",
    "storage": "",
    "allergens": "",
    "usage": "",
    "nutrition": [
      {
        "Näringsvärde": "Energi (kcal)",
        "100 Gram": "280 kcal"
      },
      {
        "Näringsvärde": "Energi (kJ)",
        "100 Gram": "1150 kJ"
      },
      {
        "Näringsvärde": "Fett",
        "100 Gram": "23 g"
      },
      {
        "Näringsvärde": "Varav mättat fett",
        "100 Gram": "12 g"
      },
      {
        "Näringsvärde": "Kolhydrat",
        "100 Gram": "9 g"
      },
      {
        "Näringsvärde": "Varav sockerarter",
        "100 Gram": "4.1 g"
      },
      {
        "Näringsvärde": "Protein",
        "100 Gram": "9 g"
      },
      {
        "Näringsvärde": "Salt",
        "100 Gram": "2 g"
      },
      {
        "Näringsvärde": "Järn",
        "100 Gram": "7 mg",
        "% av DRI(*)": "50"
      }
    ],
    "nutritionUnitText": "Näringsvärde per 100 gram",
    "categories": {
      "mainCategory": "Kött, Chark & Fågel",
      "subCategories": [
        {
          "name": "Pålägg",
          "subSubCategories": [
            "Pastej & paté",
            "Pastej"
          ]
        }
      ]
    }
  },
  {
    "name": "Grillkorv Hot Dogs Orginal 500g Scan",
    "weightText": "0.5 kg",
    "caPart": "",
    "weightValue": 0.5,
    "weightUnit": "kg",
    "comparePrice": "57,90 kr/kg",
    "currentPrice": 28.95,
    "attributes": [
      "Glutenfritt",
      "Kött från Sverige",
      "Ursprungsland Sverige",
      "Laktosfritt"
    ],
    "imgUrl": "https://handlaprivatkund.ica.se/images-v3/bf7a00ca-390e-4769-865f-dc369586872e/71275366-0e2b-4cc1-ba2a-f57ce66c0a4a/500x500.jpg",
    "productInformation": "",
    "countryText": "Sverige",
    "companyText": "Scan",
    "ingrediensText": "INGREDIENSER: Svenskt gris- och nötkött (34%), vatten, potatismjöl, potatisfiber, lök, kryddor, salt, druvsocker, bindväv från gris, fett från gris, örtkryddor, kryddextrakt, blodprotein från gris och nöt, vegetabilisk buljong, antioxidationsmedel E326:E300, konserveringsmedel E261:E250, rökarom.",
    "storage": "Lägsta förvaringstemperatur 0°C Högsta förvaringstemperatur 8°C",
    "allergens": "",
    "usage": "",
    "nutrition": [
      {
        "Näringsvärde": "Energi (kcal)",
        "100 Gram": "220 kcal"
      },
      {
        "Näringsvärde": "Energi (kJ)",
        "100 Gram": "930 kJ"
      },
      {
        "Näringsvärde": "Fett",
        "100 Gram": "15 g"
      },
      {
        "Näringsvärde": "Varav mättat fett",
        "100 Gram": "6 g"
      },
      {
        "Näringsvärde": "Kolhydrat",
        "100 Gram": "14 g"
      },
      {
        "Näringsvärde": "Varav sockerarter",
        "100 Gram": "1 g"
      },
      {
        "Näringsvärde": "Protein",
        "100 Gram": "8 g"
      },
      {
        "Näringsvärde": "Salt",
        "100 Gram": "1.9 g"
      }
    ],
    "nutritionUnitText": "Näringsvärde per 100 gram",
    "categories": {
      "mainCategory": "Kött, Chark & Fågel",
      "subCategories": [
        {
          "name": "Korv",
          "subSubCategories": [
            "Grillkorv"
          ]
        }
      ]
    }
  },
  {
    "name": "Salsiccia vitlök och örter 300g ICA Selection",
    "weightText": "0.3 kg",
    "caPart": "",
    "weightValue": 0.3,
    "weightUnit": "kg",
    "comparePrice": "159,83 kr/kg",
    "currentPrice": 47.95,
    "attributes": [
      "Kött från Sverige",
      "Ursprungsland Sverige"
    ],
    "imgUrl": "https://handlaprivatkund.ica.se/images-v3/bf7a00ca-390e-4769-865f-dc369586872e/1ed223d3-9c71-4e1e-9857-a5067d4bc1f1/500x500.jpg",
    "productInformation": "Förvaras kylt",
    "countryText": "Sverige",
    "companyText": "ICA Selection",
    "ingrediensText": "Ingredienser: Kött av gris** 90%, vatten, salt, vitlök, kryddor (svartpeppar, rosmarin, basilika, mejram, koriander), antioxidationsmedel (E 300, E 325), konserveringsmedel (E 250). **Fött i, uppfött i, slaktat i, styckat i Sverige",
    "storage": "Lägsta förvaringstemperatur 0°C Högsta förvaringstemperatur 4°C",
    "allergens": "",
    "usage": "",
    "nutrition": [
      {
        "Näringsvärde": "Energi (kcal)",
        "100 Gram": "280 kcal"
      },
      {
        "Näringsvärde": "Energi (kJ)",
        "100 Gram": "1200 kJ"
      },
      {
        "Näringsvärde": "Fett",
        "100 Gram": "25 g"
      },
      {
        "Näringsvärde": "Varav mättat fett",
        "100 Gram": "9.9 g"
      },
      {
        "Näringsvärde": "Kolhydrat",
        "100 Gram": "1.4 g"
      },
      {
        "Näringsvärde": "Varav sockerarter",
        "100 Gram": "0.5 g"
      },
      {
        "Näringsvärde": "Protein",
        "100 Gram": "14 g"
      },
      {
        "Näringsvärde": "Salt",
        "100 Gram": "2.1 g"
      }
    ],
    "nutritionUnitText": "",
    "categories": {
      "mainCategory": "Kött, Chark & Fågel",
      "subCategories": [
        {
          "name": "Korv",
          "subSubCategories": [
            "Färsk korv"
          ]
        }
      ]
    }
  },
  {
    "name": "Kycklinglårfilé Färsk 720g ICA Gott Liv",
    "weightText": "0.72 kg",
    "caPart": "",
    "weightValue": 0.72,
    "weightUnit": "kg",
    "comparePrice": "136,04 kr/kg",
    "currentPrice": 97.95,
    "attributes": [
      "Nyckelhålet",
      "Svensk Fågel"
    ],
    "imgUrl": "https://handlaprivatkund.ica.se/images-v3/bf7a00ca-390e-4769-865f-dc369586872e/2c64ab88-3e13-491e-9b64-ec4b0438e7a3/500x500.jpg",
    "productInformation": "Färsk kycklinglårfilé som du kan tillaga i stekpanna, ugn eller på grillen. Passar också bra i asiatiska rätter som exempelvis wok. Född, uppfödd och slaktad i Sverige.",
    "countryText": "",
    "companyText": "ICA Gott Liv",
    "ingrediensText": "Kycklinglårfilé.* * Född, uppfödd och slaktad i Sverige",
    "storage": "Kylvara: Förvaras vid högst +4°C. Lägsta förvaringstemperatur 2°C Högsta förvaringstemperatur 4°C",
    "allergens": "",
    "usage": "",
    "nutrition": [
      {
        "Näringsvärde": "Energi (kcal)",
        "100 Gram": "134 kcal"
      },
      {
        "Näringsvärde": "Energi (kJ)",
        "100 Gram": "563 kJ"
      },
      {
        "Näringsvärde": "Fett",
        "100 Gram": "6.4 g"
      },
      {
        "Näringsvärde": "Varav mättat fett",
        "100 Gram": "1.6 g"
      },
      {
        "Näringsvärde": "Kolhydrat",
        "100 Gram": "0.5 g"
      },
      {
        "Näringsvärde": "Varav sockerarter",
        "100 Gram": "0 g"
      },
      {
        "Näringsvärde": "Protein",
        "100 Gram": "19 g"
      },
      {
        "Näringsvärde": "Salt",
        "100 Gram": "0.2 g"
      }
    ],
    "nutritionUnitText": "Näringsvärde per 100 gram",
    "categories": {
      "mainCategory": "Kött, Chark & Fågel",
      "subCategories": [
        {
          "name": "Kyckling & Fågel",
          "subSubCategories": [
            "Kycklingfilé",
            "Kycklingfilé, färsk"
          ]
        }
      ]
    }
  },
  {
    "name": "Onsalakorv Original Bit 300g Onsala",
    "weightText": "0.3 kg",
    "caPart": "",
    "weightValue": 0.3,
    "weightUnit": "kg",
    "comparePrice": "129,83 kr/kg",
    "currentPrice": 38.95,
    "attributes": [],
    "imgUrl": "https://handlaprivatkund.ica.se/images-v3/bf7a00ca-390e-4769-865f-dc369586872e/926ad91a-13ff-4408-9584-20b110619be5/500x500.jpg",
    "productInformation": "Onsalakorv har rökig och lite syrlig smak. Skiva i valfri tjocklek och lägg på smörgåsen eller ät den som den är. Passar att tärna ner i en fläskfilé gryta.",
    "countryText": "",
    "companyText": "Onsala",
    "ingrediensText": "Griskött 36%, fett från gris, nötkött 15%, potatisflingor, vatten, nöthjärta, mjölkpulver, koksalt, druvsocker (majs), lök, socker, blodprotein från gris, vitpeppar, antioxidationsmedel (E300, E301), konserveringsmedel (E250). Köttmängd: 51% Fetthalt: 31%",
    "storage": "Kylvara, bör förvaras vid högst +8°C",
    "allergens": "",
    "usage": "",
    "nutrition": [
      {
        "Näringsvärde": "Energi (kcal)",
        "100 Gram": "360 kcal"
      },
      {
        "Näringsvärde": "Energi (kJ)",
        "100 Gram": "1500 kJ"
      },
      {
        "Näringsvärde": "Fett",
        "100 Gram": "31 g"
      },
      {
        "Näringsvärde": "Varav mättat fett",
        "100 Gram": "12.4 g"
      },
      {
        "Näringsvärde": "Kolhydrat",
        "100 Gram": "9 g"
      },
      {
        "Näringsvärde": "Varav sockerarter",
        "100 Gram": "0.4 g"
      },
      {
        "Näringsvärde": "Protein",
        "100 Gram": "12 g"
      },
      {
        "Näringsvärde": "Salt",
        "100 Gram": "3 g"
      }
    ],
    "nutritionUnitText": "Näringsvärde per 100 gram",
    "categories": {
      "mainCategory": "Kött, Chark & Fågel",
      "subCategories": [
        {
          "name": "Pålägg",
          "subSubCategories": [
            "Påläggskorv"
          ]
        }
      ]
    }
  },
  {
    "name": "Kycklingbröstfiléer Fryst 1kg Guldfågeln",
    "weightText": "1 kg",
    "caPart": "",
    "weightValue": 1,
    "weightUnit": "kg",
    "comparePrice": "109,00 kr/kg",
    "currentPrice": 109,
    "attributes": [
      "Ursprungsland Sverige",
      "Svensk Fågel"
    ],
    "imgUrl": "https://handlaprivatkund.ica.se/images-v3/bf7a00ca-390e-4769-865f-dc369586872e/22178355-23c1-4b9a-999f-063527d140c5/500x500.jpg",
    "productInformation": "Styckfrysta, mörade kycklingbröstfiléer. Stek eller grilla filéerna inlindade i bacon. Servera med klyft- eller bakpotatis, grönsaker och en god sås.",
    "countryText": "Sverige",
    "companyText": "Guldfågeln",
    "ingrediensText": "INGREDIENSER:Kycklingbröstfilé (87%), vatten, salt, socker.",
    "storage": "",
    "allergens": "",
    "usage": "",
    "nutrition": [
      {
        "Näringsvärde": "Energi (kcal)",
        "100 Gram": "100 kcal"
      },
      {
        "Näringsvärde": "Energi (kJ)",
        "100 Gram": "430 kJ"
      },
      {
        "Näringsvärde": "Fett",
        "100 Gram": "2 g"
      },
      {
        "Näringsvärde": "Varav mättat fett",
        "100 Gram": "0.7 g"
      },
      {
        "Näringsvärde": "Kolhydrat",
        "100 Gram": "0.5 g"
      },
      {
        "Näringsvärde": "Varav sockerarter",
        "100 Gram": "0.5 g"
      },
      {
        "Näringsvärde": "Protein",
        "100 Gram": "21 g"
      },
      {
        "Näringsvärde": "Salt",
        "100 Gram": "0.7 g"
      }
    ],
    "nutritionUnitText": "Näringsvärde per 100 gram",
    "categories": {
      "mainCategory": "Kött, Chark & Fågel",
      "subCategories": [
        {
          "name": "Kyckling & Fågel",
          "subSubCategories": [
            "Kycklingfilé"
          ]
        }
      ]
    }
  },
  {
    "name": "Prickigkorv 100g Scan",
    "weightText": "0.1 kg",
    "caPart": "",
    "weightValue": 0.1,
    "weightUnit": "kg",
    "comparePrice": "175,00 kr/kg",
    "currentPrice": 17.5,
    "attributes": [
      "Kött från Sverige"
    ],
    "imgUrl": "https://handlaprivatkund.ica.se/images-v3/bf7a00ca-390e-4769-865f-dc369586872e/07f91f59-9f92-4378-802d-f3a41e154050/500x500.jpg",
    "productInformation": "",
    "countryText": "",
    "companyText": "Scan",
    "ingrediensText": "INGREDIENSER: Svenskt gris- och nötkött (79%), fett från gris, salt, kryddextrakt, cayennepeppar, potatisflingor, gelatin, antioxidations- medel E300, konserveringsmedel E250.",
    "storage": "",
    "allergens": "",
    "usage": "",
    "nutrition": [
      {
        "Näringsvärde": "Energi (kcal)",
        "100 Gram": "320 kcal"
      },
      {
        "Näringsvärde": "Energi (kJ)",
        "100 Gram": "1350 kJ"
      },
      {
        "Näringsvärde": "Fett",
        "100 Gram": "30 g"
      },
      {
        "Näringsvärde": "Varav mättat fett",
        "100 Gram": "12 g"
      },
      {
        "Näringsvärde": "Kolhydrat",
        "100 Gram": "1.7 g"
      },
      {
        "Näringsvärde": "Varav sockerarter",
        "100 Gram": "0.8 g"
      },
      {
        "Näringsvärde": "Protein",
        "100 Gram": "14 g"
      },
      {
        "Näringsvärde": "Salt",
        "100 Gram": "2.9 g"
      }
    ],
    "nutritionUnitText": "Näringsvärde per 100 gram",
    "categories": {
      "mainCategory": "Kött, Chark & Fågel",
      "subCategories": [
        {
          "name": "Pålägg",
          "subSubCategories": [
            "Påläggskorv"
          ]
        }
      ]
    }
  },
  {
    "name": "Picksalami i skivor ca 3g Pick",
    "weightText": "Ca 0.003 kg",
    "caPart": "Ca",
    "weightValue": 0.003,
    "weightUnit": "kg",
    "comparePrice": "599,50 kr/kg",
    "currentPrice": 1.8,
    "attributes": [],
    "imgUrl": "https://handlaprivatkund.ica.se/images-v3/bf7a00ca-390e-4769-865f-dc369586872e/92689c60-130b-477d-be6a-19d174ac9e36/500x500.jpg",
    "productInformation": "",
    "countryText": "",
    "companyText": "Pick",
    "ingrediensText": "Griskött, grisspäck, salt, kryddor, socker, konserveringsmedel E250.Till 100g färdig vara har använts 156g griskött. Korvskinnet ej ätbart",
    "storage": "",
    "allergens": "",
    "usage": "",
    "nutrition": [],
    "nutritionUnitText": "Näringsvärde per styck",
    "categories": {
      "mainCategory": "Butikens egna varor",
      "subCategories": [
        {
          "name": "Egen delikatesschark",
          "subSubCategories": [
            "Salami"
          ]
        }
      ]
    }
  },
  {
    "name": "Pilsnerkorv 455g Bullens",
    "weightText": "0.25 kg",
    "caPart": "",
    "weightValue": 0.25,
    "weightUnit": "kg",
    "comparePrice": "107,80 kr/kg",
    "currentPrice": 26.95,
    "attributes": [
      "Glutenfritt",
      "Kött från Sverige",
      "Laktosfritt"
    ],
    "imgUrl": "https://handlaprivatkund.ica.se/images-v3/bf7a00ca-390e-4769-865f-dc369586872e/92e599e0-de34-4e1e-a6f5-fff04112a759/500x500.jpg",
    "productInformation": "",
    "countryText": "",
    "companyText": "Bullens",
    "ingrediensText": "Ingredienser: Svenskt gris- och nötkött (33%)*, vatten, nöthjärta*, nötlunga*, potatismjöl, fett från gris*, bindväv från gris*, salt, blodprotein av nöt och gris, potatisfiber, modifierad majsstärkelse, socker, kryddextrakt, arom, koriander, antioxidationsmedel E300, konserveringsmedel E250, fårfjälster, rökarom. * Ursprung: Sverige.",
    "storage": "Högsta förvaringstemperatur 20°C",
    "allergens": "",
    "usage": "",
    "nutrition": [
      {
        "Näringsvärde": "Energi (kcal)",
        "100 Gram": "200 kcal"
      },
      {
        "Näringsvärde": "Energi (kJ)",
        "100 Gram": "800 kJ"
      },
      {
        "Näringsvärde": "Fett",
        "100 Gram": "14 g"
      },
      {
        "Näringsvärde": "Varav mättat fett",
        "100 Gram": "5 g"
      },
      {
        "Näringsvärde": "Kolhydrat",
        "100 Gram": "6 g"
      },
      {
        "Näringsvärde": "Varav sockerarter",
        "100 Gram": "0.8 g"
      },
      {
        "Näringsvärde": "Protein",
        "100 Gram": "10 g"
      },
      {
        "Näringsvärde": "Salt",
        "100 Gram": "2.3 g"
      }
    ],
    "nutritionUnitText": "",
    "categories": {
      "mainCategory": "Kött, Chark & Fågel",
      "subCategories": [
        {
          "name": "Korv",
          "subSubCategories": [
            "Varmkorv"
          ]
        }
      ]
    }
  },
  {
    "name": "Chicken drumsticks Grillkrydda Fryst 500g Guldfågeln",
    "weightText": "0.5 kg",
    "caPart": "",
    "weightValue": 0.5,
    "weightUnit": "kg",
    "comparePrice": "81,90 kr/kg",
    "currentPrice": 40.95,
    "attributes": [
      "Ursprungsland Sverige",
      "Svensk Fågel"
    ],
    "imgUrl": "https://handlaprivatkund.ica.se/images-v3/bf7a00ca-390e-4769-865f-dc369586872e/b9508cab-bd56-47a9-917a-bc77992ab352/500x500.jpg",
    "productInformation": "",
    "countryText": "Sverige",
    "companyText": "Guldfågeln",
    "ingrediensText": "INGREDIENSER:Kycklingben, salt, kryddor och kryddextrakter (cayenne, koriander, ingefära, paprika, peppar, spiskummin,vitlök), rapsolja, lök, kycklingbuljong, socker, glukossirap, jästextrakt.Till 100g produkt har använts 120g kycklingben",
    "storage": "",
    "allergens": "",
    "usage": "",
    "nutrition": [
      {
        "Näringsvärde": "Energi (kcal)",
        "100 Gram": "190 kcal"
      },
      {
        "Näringsvärde": "Energi (kJ)",
        "100 Gram": "800 kJ"
      },
      {
        "Näringsvärde": "Fett",
        "100 Gram": "10 g"
      },
      {
        "Näringsvärde": "Varav mättat fett",
        "100 Gram": "3.3 g"
      },
      {
        "Näringsvärde": "Kolhydrat",
        "100 Gram": "3 g"
      },
      {
        "Näringsvärde": "Varav sockerarter",
        "100 Gram": "1.5 g"
      },
      {
        "Näringsvärde": "Protein",
        "100 Gram": "21 g"
      },
      {
        "Näringsvärde": "Salt",
        "100 Gram": "2 g"
      }
    ],
    "nutritionUnitText": "Näringsvärde per 100 gram",
    "categories": {
      "mainCategory": "Kött, Chark & Fågel",
      "subCategories": [
        {
          "name": "Kyckling & Fågel",
          "subSubCategories": [
            "Förberedd fågel",
            "Förberedd fågel, fryst"
          ]
        }
      ]
    }
  },
  {
    "name": "Kycklingbröstfilé 900g ICA Basic",
    "weightText": "0.9 kg",
    "caPart": "",
    "weightValue": 0.9,
    "weightUnit": "kg",
    "comparePrice": "74,39 kr/kg",
    "currentPrice": 66.95,
    "attributes": [],
    "imgUrl": "https://handlaprivatkund.ica.se/images-v3/bf7a00ca-390e-4769-865f-dc369586872e/f3251222-5334-4807-ad96-cd58d73e3283/500x500.jpg",
    "productInformation": "Bra kycklingfiléer till hela veckan. Enkla att tillaga i stekpanna eller ugn.",
    "countryText": "Danmark",
    "companyText": "ICA Basic",
    "ingrediensText": "Kycklingbröstfilé* 87%, vatten, salt. *Fött, uppfött och slaktat i Danmark.",
    "storage": "I frysutrymme (–18°C eller kallare). Bör ej frysas om efter upptining.",
    "allergens": "",
    "usage": "",
    "nutrition": [
      {
        "Näringsvärde": "Energi (kcal)",
        "100 Gram": "95 kcal"
      },
      {
        "Näringsvärde": "Energi (kJ)",
        "100 Gram": "400 kJ"
      },
      {
        "Näringsvärde": "Fett",
        "100 Gram": "1 g"
      },
      {
        "Näringsvärde": "Varav mättat fett",
        "100 Gram": "0.3 g"
      },
      {
        "Näringsvärde": "Kolhydrat",
        "100 Gram": "0 g"
      },
      {
        "Näringsvärde": "Varav sockerarter",
        "100 Gram": "0 g"
      },
      {
        "Näringsvärde": "Protein",
        "100 Gram": "21 g"
      },
      {
        "Näringsvärde": "Salt",
        "100 Gram": "0.43 g"
      }
    ],
    "nutritionUnitText": "Näringsvärde per 100 gram",
    "categories": {
      "mainCategory": "Fryst",
      "subCategories": [
        {
          "name": "Fryst fågel",
          "subSubCategories": [
            "Fryst kycklingfilé"
          ]
        }
      ]
    }
  },
  {
    "name": "Köttbullar 1kg ICA Basic",
    "weightText": "1 kg",
    "caPart": "",
    "weightValue": 1,
    "weightUnit": "kg",
    "comparePrice": "53,95 kr/kg",
    "currentPrice": 53.95,
    "attributes": [],
    "imgUrl": "https://handlaprivatkund.ica.se/images-v3/bf7a00ca-390e-4769-865f-dc369586872e/7ae45b23-775f-45ea-9302-440e6d5438aa/500x500.jpg",
    "productInformation": "ICA Köttbullar 1 kg passar perfekt till makaronerna mitt i veckan eller varför inte till potatismos med brunsås och lingonsylt.",
    "countryText": "",
    "companyText": "ICA Basic",
    "ingrediensText": "Gris* - och nötkött* 63 %, lök, potatismjöl, potatis, potatisflingor, salt, potatisfiber,druvsocker, naturliga aromer.Stekta i rapsolja.*Fött, uppfött och slaktat i EU.",
    "storage": "",
    "allergens": "",
    "usage": "",
    "nutrition": [
      {
        "Näringsvärde": "Energi (kcal)",
        "100 Gram": "228 kcal"
      },
      {
        "Näringsvärde": "Energi (kJ)",
        "100 Gram": "949 kJ"
      },
      {
        "Näringsvärde": "Fett",
        "100 Gram": "16 g"
      },
      {
        "Näringsvärde": "Varav mättat fett",
        "100 Gram": "6.2 g"
      },
      {
        "Näringsvärde": "Kolhydrat",
        "100 Gram": "11 g"
      },
      {
        "Näringsvärde": "Varav sockerarter",
        "100 Gram": "1 g"
      },
      {
        "Näringsvärde": "Protein",
        "100 Gram": "10 g"
      },
      {
        "Näringsvärde": "Salt",
        "100 Gram": "1.4 g"
      }
    ],
    "nutritionUnitText": "Näringsvärde per 100 gram",
    "categories": {
      "mainCategory": "Kött, Chark & Fågel",
      "subCategories": [
        {
          "name": "Matchark",
          "subSubCategories": [
            "Köttbullar & färsprodukter",
            "Köttbullar & färsprodukter, färska"
          ]
        }
      ]
    }
  },
  {
    "name": "Stekfläsk Skivat 375g ICA",
    "weightText": "0.375 kg",
    "caPart": "",
    "weightValue": 0.375,
    "weightUnit": "kg",
    "comparePrice": "114,53 kr/kg",
    "currentPrice": 42.95,
    "attributes": [
      "Kött från Sverige"
    ],
    "imgUrl": "https://handlaprivatkund.ica.se/images-v3/bf7a00ca-390e-4769-865f-dc369586872e/47ea3b29-6ebd-458a-91ca-a2e80b3ae562/500x500.jpg",
    "productInformation": "ICA klassiskt rimmat Stekfläsk är skivat utan svål med fyllig smak och fin sälta. Tillverkat i Halmstad av svenskt kött.",
    "countryText": "",
    "companyText": "ICA",
    "ingrediensText": "Ingredienser: Griskött* 95%, salt, antioxidationsmedel (E301), konserveringsmedel(E250). Fött uppfött och slaktat i Sverige*",
    "storage": "Lägsta förvaringstemperatur 0°C Högsta förvaringstemperatur 8°C",
    "allergens": "",
    "usage": "",
    "nutrition": [
      {
        "Näringsvärde": "Energi (kcal)",
        "100 Gram": "264 kcal"
      },
      {
        "Näringsvärde": "Energi (kJ)",
        "100 Gram": "1095 kJ"
      },
      {
        "Näringsvärde": "Fett",
        "100 Gram": "22 g"
      },
      {
        "Näringsvärde": "Varav mättat fett",
        "100 Gram": "9 g"
      },
      {
        "Näringsvärde": "Kolhydrat",
        "100 Gram": "0.5 g"
      },
      {
        "Näringsvärde": "Varav sockerarter",
        "100 Gram": "0.5 g"
      },
      {
        "Näringsvärde": "Protein",
        "100 Gram": "16 g"
      },
      {
        "Näringsvärde": "Salt",
        "100 Gram": "2 g"
      },
      {
        "Näringsvärde": "Järn",
        "100 Gram": "0 mg"
      },
      {
        "Näringsvärde": "Natrium",
        "100 Gram": "0 mg"
      }
    ],
    "nutritionUnitText": "",
    "categories": {
      "mainCategory": "Kött, Chark & Fågel",
      "subCategories": [
        {
          "name": "Matchark",
          "subSubCategories": [
            "Bacon & stekfläsk"
          ]
        }
      ]
    }
  },
  {
    "name": "Grillade kycklingfiléer Grillkrydda Fryst 540g Guldfågeln",
    "weightText": "0.54 kg",
    "caPart": "",
    "weightValue": 0.54,
    "weightUnit": "kg",
    "comparePrice": "190,74 kr/kg",
    "currentPrice": 103,
    "attributes": [
      "Nyckelhålet",
      "Ursprungsland Sverige",
      "Svensk Fågel"
    ],
    "imgUrl": "https://handlaprivatkund.ica.se/images-v3/bf7a00ca-390e-4769-865f-dc369586872e/fe85fc94-04b5-4090-b18f-4f25744b17ac/500x500.jpg",
    "productInformation": "",
    "countryText": "Sverige",
    "companyText": "Guldfågeln",
    "ingrediensText": "INGREDIENSER: Kycklingbröstfilé, potatisstärkelse, salt, rapsolja, kryddor och kryddextrakter (cayenne, koriander, ingefära, paprika, peppar, spiskummin, vitlök), glukossirap, lök, stabiliseringsmedel (E451, E450), kycklingbuljong, jästextrakt, antioxidationsmedel (E301).Till 100 g produkt har använts 100 g kycklingbröstfilé.",
    "storage": "",
    "allergens": "",
    "usage": "",
    "nutrition": [
      {
        "Näringsvärde": "Energi (kcal)",
        "100 Gram": "140 kcal"
      },
      {
        "Näringsvärde": "Energi (kJ)",
        "100 Gram": "600 kJ"
      },
      {
        "Näringsvärde": "Fett",
        "100 Gram": "3.5 g"
      },
      {
        "Näringsvärde": "Varav mättat fett",
        "100 Gram": "1.1 g"
      },
      {
        "Näringsvärde": "Kolhydrat",
        "100 Gram": "2.7 g"
      },
      {
        "Näringsvärde": "Varav sockerarter",
        "100 Gram": "0.5 g"
      },
      {
        "Näringsvärde": "Protein",
        "100 Gram": "23 g"
      },
      {
        "Näringsvärde": "Salt",
        "100 Gram": "1.5 g"
      }
    ],
    "nutritionUnitText": "Näringsvärde per 100 gram",
    "categories": {
      "mainCategory": "Fryst",
      "subCategories": [
        {
          "name": "Fryst fågel",
          "subSubCategories": [
            "Fryst kyckling färdigmat"
          ]
        }
      ]
    }
  },
  {
    "name": "Husmorspastej Grädd Bakad 200g Lindbergs",
    "weightText": "0.2 kg",
    "caPart": "",
    "weightValue": 0.2,
    "weightUnit": "kg",
    "comparePrice": "87,50 kr/kg",
    "currentPrice": 17.5,
    "attributes": [],
    "imgUrl": "https://handlaprivatkund.ica.se/images-v3/bf7a00ca-390e-4769-865f-dc369586872e/00d4ebc3-aed0-4482-bc1e-2e57bc5705ef/500x500.jpg",
    "productInformation": "",
    "countryText": "",
    "companyText": "Lindbergs",
    "ingrediensText": "Grislever (36%), fett från gris, MJÖLK, VETEmjöl, socker, koksalt, GRÄDDpulver, kryddextrakt, MJÖLKpulver, förtjockningsmedel (E412), lök, muskotnöt, antioxidationsmedel (E301), konserveringsmedel (E250).",
    "storage": "",
    "allergens": "",
    "usage": "",
    "nutrition": [
      {
        "Näringsvärde": "Energi (kcal)",
        "100 Gram": "320 kcal"
      },
      {
        "Näringsvärde": "Energi (kJ)",
        "100 Gram": "1300 kJ"
      },
      {
        "Näringsvärde": "Fett",
        "100 Gram": "26 g"
      },
      {
        "Näringsvärde": "Varav mättat fett",
        "100 Gram": "13 g"
      },
      {
        "Näringsvärde": "Kolhydrat",
        "100 Gram": "9 g"
      },
      {
        "Näringsvärde": "Varav sockerarter",
        "100 Gram": "5.1 g"
      },
      {
        "Näringsvärde": "Protein",
        "100 Gram": "12 g"
      },
      {
        "Näringsvärde": "Salt",
        "100 Gram": "2.7 g"
      },
      {
        "Näringsvärde": "Järn",
        "100 Gram": "7 mg",
        "% av DRI(*)": "50"
      }
    ],
    "nutritionUnitText": "Näringsvärde per 100 gram",
    "categories": {
      "mainCategory": "Kött, Chark & Fågel",
      "subCategories": [
        {
          "name": "Pålägg",
          "subSubCategories": [
            "Pastej & paté",
            "Pastej"
          ]
        }
      ]
    }
  },
  {
    "name": "Lördagskorv Skivad 225g Atria",
    "weightText": "0.225 kg",
    "caPart": "",
    "weightValue": 0.225,
    "weightUnit": "kg",
    "comparePrice": "97,56 kr/kg",
    "currentPrice": 21.95,
    "attributes": [],
    "imgUrl": "https://handlaprivatkund.ica.se/images-v3/bf7a00ca-390e-4769-865f-dc369586872e/54ef4517-fdf9-4d59-8b83-3de3b45d8805/500x500.jpg",
    "productInformation": "Lättrökt medvurst med mild smak av vitpeppar och koriander. Passar till grovt rågbröd med några skivor saltgurka eller till buffébordet.",
    "countryText": "",
    "companyText": "Atria",
    "ingrediensText": "Svinkött, vatten, späck, potatisstärkelse, svål, salt, stabiliseringsmedel E 450, dextros, antioxidationsmedel E 315, konserveringsmedel natriumnitrit, kryddor (bl a chili), arom. Kötthalt 41%. Kött och ingredienser som är jämförbara med kött 50%.",
    "storage": "",
    "allergens": "",
    "usage": "",
    "nutrition": [
      {
        "Näringsvärde": "Energi (kcal)",
        "100 Gram": "225 kcal"
      },
      {
        "Näringsvärde": "Energi (kJ)",
        "100 Gram": "930 kJ"
      },
      {
        "Näringsvärde": "Fett",
        "100 Gram": "19 g"
      },
      {
        "Näringsvärde": "Varav mättat fett",
        "100 Gram": "7 g"
      },
      {
        "Näringsvärde": "Kolhydrat",
        "100 Gram": "5.2 g"
      },
      {
        "Näringsvärde": "Varav sockerarter",
        "100 Gram": "0 g"
      },
      {
        "Näringsvärde": "Fiber",
        "100 Gram": "0 g"
      },
      {
        "Näringsvärde": "Protein",
        "100 Gram": "7.9 g"
      },
      {
        "Näringsvärde": "Salt",
        "100 Gram": "1.9 g"
      }
    ],
    "nutritionUnitText": "Näringsvärde per 100 gram",
    "categories": {
      "mainCategory": "Kött, Chark & Fågel",
      "subCategories": [
        {
          "name": "Pålägg",
          "subSubCategories": [
            "Påläggskorv"
          ]
        }
      ]
    }
  },
  {
    "name": "Kycklingben Fryst 1kg Kronfågel",
    "weightText": "1 kg",
    "caPart": "",
    "weightValue": 1,
    "weightUnit": "kg",
    "comparePrice": "38,50 kr/kg",
    "currentPrice": 38.5,
    "attributes": [
      "Ursprungsland Sverige"
    ],
    "imgUrl": "https://handlaprivatkund.ica.se/images-v3/bf7a00ca-390e-4769-865f-dc369586872e/bb5b69ca-ba2b-453d-88c8-3f3b6dc665d7/500x500.jpg",
    "productInformation": "Mörade kycklingben från Kronfågel är barnens favorit. Smakrika och saftiga passar de utmärkt till middag, på en buffé eller picknick. Tinas i 10-12 timmar före tillagning. Kycklingen är perfekt att grilla eller steka samt servera med valfria grönsaker och tillbehör. 100 % svensk kyckling omsorgsfullt uppfödd på våra svenska gårdar, vilket innebär god djurhållning, högsta kvalitet och hälsosam, klimatsmart mat på tallriken.",
    "countryText": "Sverige",
    "companyText": "Kronfågel",
    "ingrediensText": "Kycklingben 87%, vatten, salt.Ursprung kyckling: Född, uppväxt, slaktad i Sverige.",
    "storage": "",
    "allergens": "",
    "usage": "",
    "nutrition": [
      {
        "Näringsvärde": "Energi (kcal)",
        "100 Gram": "120 kcal"
      },
      {
        "Näringsvärde": "Energi (kJ)",
        "100 Gram": "500 kJ"
      },
      {
        "Näringsvärde": "Fett",
        "100 Gram": "6 g"
      },
      {
        "Näringsvärde": "Varav mättat fett",
        "100 Gram": "1.2 g"
      },
      {
        "Näringsvärde": "Kolhydrat",
        "100 Gram": "0.5 g"
      },
      {
        "Näringsvärde": "Varav sockerarter",
        "100 Gram": "0.5 g"
      },
      {
        "Näringsvärde": "Protein",
        "100 Gram": "16 g"
      },
      {
        "Näringsvärde": "Salt",
        "100 Gram": "0.6 g"
      }
    ],
    "nutritionUnitText": "Näringsvärde per 100 gram",
    "categories": {
      "mainCategory": "Kött, Chark & Fågel",
      "subCategories": [
        {
          "name": "Kyckling & Fågel",
          "subSubCategories": [
            "Kycklingdelar",
            "Kycklingdelar, fryst"
          ]
        }
      ]
    }
  },
  {
    "name": "Fläskfärs Färsk 20% 500g ICA",
    "weightText": "0.5 kg",
    "caPart": "",
    "weightValue": 0.5,
    "weightUnit": "kg",
    "comparePrice": "95,90 kr/kg",
    "currentPrice": 47.95,
    "attributes": [
      "Kött från Sverige"
    ],
    "imgUrl": "https://handlaprivatkund.ica.se/images-v3/bf7a00ca-390e-4769-865f-dc369586872e/6af19f07-ba8f-41a0-8266-4211c88fa925/500x500.jpg",
    "productInformation": "Fläskfärs med 20 % fetthalt från svenska gårdar.",
    "countryText": "",
    "companyText": "ICA",
    "ingrediensText": "Finmald färs av gris**. **Fött, uppfött, slaktat och styckat i Sverige. Berett (malet) i Sverige 507.",
    "storage": "Kylvara. Förvaras vid max 4°C. Lägsta förvaringstemperatur 0°C Högsta förvaringstemperatur 4°C",
    "allergens": "",
    "usage": "",
    "nutrition": [
      {
        "Näringsvärde": "Energi (kcal)",
        "100 Gram": "244 kcal"
      },
      {
        "Näringsvärde": "Energi (kJ)",
        "100 Gram": "1012 kJ"
      },
      {
        "Näringsvärde": "Fett",
        "100 Gram": "20 g"
      },
      {
        "Näringsvärde": "Varav mättat fett",
        "100 Gram": "8.6 g"
      },
      {
        "Näringsvärde": "Kolhydrat",
        "100 Gram": "0.5 g"
      },
      {
        "Näringsvärde": "Varav sockerarter",
        "100 Gram": "0.5 g"
      },
      {
        "Näringsvärde": "Protein",
        "100 Gram": "16 g"
      },
      {
        "Näringsvärde": "Salt",
        "100 Gram": "0.1 g"
      }
    ],
    "nutritionUnitText": "Näringsvärde per 100 gram",
    "categories": {
      "mainCategory": "Kött, Chark & Fågel",
      "subCategories": [
        {
          "name": "Kött",
          "subSubCategories": [
            "Fläsk",
            "Fläskfärs"
          ]
        }
      ]
    }
  },
  {
    "name": "Kokkorv Original med skinn 300g Sibylla",
    "weightText": "0.3 kg",
    "caPart": "",
    "weightValue": 0.3,
    "weightUnit": "kg",
    "comparePrice": "111,67 kr/kg",
    "currentPrice": 33.5,
    "attributes": [],
    "imgUrl": "https://handlaprivatkund.ica.se/images-v3/bf7a00ca-390e-4769-865f-dc369586872e/d04afb8d-46ca-449d-8c3c-9fcbcd72c410/500x500.jpg",
    "productInformation": "Sibylla Kokkorv Original med skinn är baserad på ett recept med anor från 1932. Sjud i vatten med lagerblad och kryddpeppar. Korven ska inte koka.",
    "countryText": "",
    "companyText": "Sibylla",
    "ingrediensText": "Griskött (51%), vatten, fett från gris, potatismjöl, bindväv från gris, salt, druvsocker, lökpulver, kryddextrakt (muskotnöt, svartpeppar, koriander, cayennepeppar), antioxidationsmedel (E300), konserveringsmedel (E250). Köttråvara: EU.",
    "storage": "Kylvara: Kylkonserv, förvaras vid högst +8°C.",
    "allergens": "",
    "usage": "Öppnad förpackning förvaras i kylskåp 3-5 dagar.",
    "nutrition": [],
    "nutritionUnitText": "Näringsvärde per 100 gram",
    "categories": {
      "mainCategory": "Kött, Chark & Fågel",
      "subCategories": [
        {
          "name": "Korv",
          "subSubCategories": [
            "Varmkorv"
          ]
        }
      ]
    }
  },
  {
    "name": "Guldsalami skivad 100g Grilstad",
    "weightText": "0.1 kg",
    "caPart": "",
    "weightValue": 0.1,
    "weightUnit": "kg",
    "comparePrice": "269,50 kr/kg",
    "currentPrice": 26.95,
    "attributes": [
      "Kött från Sverige",
      "Ursprungsland Sverige"
    ],
    "imgUrl": "https://handlaprivatkund.ica.se/images-v3/bf7a00ca-390e-4769-865f-dc369586872e/ce1b51bc-7ad7-4da8-a406-8e74237197fb/500x500.jpg",
    "productInformation": "Grilstad Guldsalami är en mild salami med traditionell smak. Den smalare diametern ger något mer röksmak. Guldsalami har fått flera priser för sin goda smak. Passar utmärkt på smörgåsen/mackan!",
    "countryText": "Sverige",
    "companyText": "Grilstad",
    "ingrediensText": "Ingredienser: Fläskkött*, späck*, nötkött*, salt, kryddblandning (potatisstärkelse, kryddextrakt), vitlök, startkultur och konserveringsmedel natriumnitrit. *Ursprung: Sverige. Köttinnehåll: Till 100 g färdig vara har det använts 127 g kött.",
    "storage": "",
    "allergens": "",
    "usage": "",
    "nutrition": [
      {
        "Näringsvärde": "Energi (kcal)",
        "100 Gram": "417 kcal"
      },
      {
        "Näringsvärde": "Energi (kJ)",
        "100 Gram": "1747 kJ"
      },
      {
        "Näringsvärde": "Fett",
        "100 Gram": "38 g"
      },
      {
        "Näringsvärde": "Varav fleromättat fett",
        "100 Gram": "3.9 g"
      },
      {
        "Näringsvärde": "Varav mättat fett",
        "100 Gram": "15 g"
      },
      {
        "Näringsvärde": "Varav enkelomättat fett",
        "100 Gram": "17 g"
      },
      {
        "Näringsvärde": "Kolhydrat",
        "100 Gram": "0.6 g"
      },
      {
        "Näringsvärde": "Varav sockerarter",
        "100 Gram": "0.5 g"
      },
      {
        "Näringsvärde": "Protein",
        "100 Gram": "19 g"
      },
      {
        "Näringsvärde": "Salt",
        "100 Gram": "5.7 g"
      }
    ],
    "nutritionUnitText": "",
    "categories": {
      "mainCategory": "Kött, Chark & Fågel",
      "subCategories": [
        {
          "name": "Delikatesschark",
          "subSubCategories": [
            "Salami delikatess"
          ]
        }
      ]
    }
  },
  {
    "name": "Hushållsmedwurst 200g Pärsons",
    "weightText": "0.2 kg",
    "caPart": "",
    "weightValue": 0.2,
    "weightUnit": "kg",
    "comparePrice": "124,75 kr/kg",
    "currentPrice": 24.95,
    "attributes": [
      "Kött från Sverige"
    ],
    "imgUrl": "https://handlaprivatkund.ica.se/images-v3/bf7a00ca-390e-4769-865f-dc369586872e/be94c36d-a48b-443b-bc78-053b580e380a/500x500.jpg",
    "productInformation": "",
    "countryText": "",
    "companyText": "Pärsons",
    "ingrediensText": "INGREDIENSER: Svenskt gris- och nötkött* (64%), fett från gris*, socker*, MJÖLKPULVER*, salt, potatisflingor, MJÖLKPROTEIN, vitpeppar, ingefära, konserveringsmedel (E250), färgämne (E120), antioxidationsmedel (E300). Kallrökt. *Ursprung: Sverige.",
    "storage": "",
    "allergens": "",
    "usage": "",
    "nutrition": [
      {
        "Näringsvärde": "Energi (kcal)",
        "100 Gram": "410 kcal"
      },
      {
        "Näringsvärde": "Energi (kJ)",
        "100 Gram": "1700 kJ"
      },
      {
        "Näringsvärde": "Fett",
        "100 Gram": "36 g"
      },
      {
        "Näringsvärde": "Varav mättat fett",
        "100 Gram": "15 g"
      },
      {
        "Näringsvärde": "Kolhydrat",
        "100 Gram": "8 g"
      },
      {
        "Näringsvärde": "Varav sockerarter",
        "100 Gram": "5.7 g"
      },
      {
        "Näringsvärde": "Protein",
        "100 Gram": "13 g"
      },
      {
        "Näringsvärde": "Salt",
        "100 Gram": "3 g"
      }
    ],
    "nutritionUnitText": "Näringsvärde per 100 gram",
    "categories": {
      "mainCategory": "Kött, Chark & Fågel",
      "subCategories": [
        {
          "name": "Pålägg",
          "subSubCategories": [
            "Påläggskorv"
          ]
        }
      ]
    }
  },
  {
    "name": "Högrevsburgare Fryst 4-p 600g Scan",
    "weightText": "0.6 kg",
    "caPart": "",
    "weightValue": 0.6,
    "weightUnit": "kg",
    "comparePrice": "178,33 kr/kg",
    "currentPrice": 107,
    "attributes": [
      "Kött från Sverige",
      "Ursprungsland Sverige"
    ],
    "imgUrl": "https://handlaprivatkund.ica.se/images-v3/bf7a00ca-390e-4769-865f-dc369586872e/67c88be3-2ffa-471d-92ed-0f3123d8689f/500x500.jpg",
    "productInformation": "Vår finaste hamburgare är gjord av svenskt nötkött. Vi grovmaler vår hamburgare med högrev och kryddar med lite salt och peppar. En garanterat smakrik upplevelse!",
    "countryText": "Sverige",
    "companyText": "Scan",
    "ingrediensText": "INGREDIENSER: Svenskt nötkött 99% (varav högrev 60%), salt, peppar.",
    "storage": "Lägsta förvaringstemperatur -40°C Högsta förvaringstemperatur -18°C",
    "allergens": "",
    "usage": "",
    "nutrition": [
      {
        "Näringsvärde": "Energi (kcal)",
        "100 Gram": "230 kcal"
      },
      {
        "Näringsvärde": "Energi (kJ)",
        "100 Gram": "950 kJ"
      },
      {
        "Näringsvärde": "Fett",
        "100 Gram": "17 g"
      },
      {
        "Näringsvärde": "Varav mättat fett",
        "100 Gram": "8.5 g"
      },
      {
        "Näringsvärde": "Kolhydrat",
        "100 Gram": "0.5 g"
      },
      {
        "Näringsvärde": "Varav sockerarter",
        "100 Gram": "0.5 g"
      },
      {
        "Näringsvärde": "Protein",
        "100 Gram": "19 g"
      },
      {
        "Näringsvärde": "Salt",
        "100 Gram": "1 g"
      }
    ],
    "nutritionUnitText": "",
    "categories": {
      "mainCategory": "Fryst",
      "subCategories": [
        {
          "name": "Fryst kött & burgare",
          "subSubCategories": [
            "Frysta hamburgare"
          ]
        }
      ]
    }
  },
  {
    "name": "Medwurst Kokt Skivad 110g Scan",
    "weightText": "0.11 kg",
    "caPart": "",
    "weightValue": 0.11,
    "weightUnit": "kg",
    "comparePrice": "159,09 kr/kg",
    "currentPrice": 17.5,
    "attributes": [
      "Kött från Sverige",
      "Ursprungsland Sverige"
    ],
    "imgUrl": "https://handlaprivatkund.ica.se/images-v3/bf7a00ca-390e-4769-865f-dc369586872e/5fefa855-cf2c-4a68-8e92-999f59ec0ad3/500x500.jpg",
    "productInformation": "En riktig klassiker och en självklarhet på vilket frukostbord som helst. Vår goda kokta medwurst är färdigskivad och paketerad i en skyddande atmosfär. Naturligtvis innehåller alla våra produkter enbart kött från djur från svenska gårdar.",
    "countryText": "Sverige",
    "companyText": "Scan",
    "ingrediensText": "INGREDIENSER: Svenskt gris- och nötkött (61%), vatten, potatismjöl, fett från gris, salt, lök, potatisfiber, kryddor, antioxidationsmedel E300, konserveringsmedel E250.",
    "storage": "",
    "allergens": "",
    "usage": "",
    "nutrition": [
      {
        "Näringsvärde": "Energi (kcal)",
        "100 Gram": "260 kcal"
      },
      {
        "Näringsvärde": "Energi (kJ)",
        "100 Gram": "1100 kJ"
      },
      {
        "Näringsvärde": "Fett",
        "100 Gram": "23 g"
      },
      {
        "Näringsvärde": "Varav mättat fett",
        "100 Gram": "8.4 g"
      },
      {
        "Näringsvärde": "Kolhydrat",
        "100 Gram": "5 g"
      },
      {
        "Näringsvärde": "Varav sockerarter",
        "100 Gram": "0 g"
      },
      {
        "Näringsvärde": "Protein",
        "100 Gram": "9 g"
      },
      {
        "Näringsvärde": "Salt",
        "100 Gram": "1.9 g"
      }
    ],
    "nutritionUnitText": "Näringsvärde per 100 gram",
    "categories": {
      "mainCategory": "Kött, Chark & Fågel",
      "subCategories": [
        {
          "name": "Pålägg",
          "subSubCategories": [
            "Påläggskorv"
          ]
        }
      ]
    }
  },
  {
    "name": "Bacon Kalkon skivor 110g Tulip",
    "weightText": "0.11 kg",
    "caPart": "",
    "weightValue": 0.11,
    "weightUnit": "kg",
    "comparePrice": "168,18 kr/kg",
    "currentPrice": 18.5,
    "attributes": [],
    "imgUrl": "https://handlaprivatkund.ica.se/images-v3/bf7a00ca-390e-4769-865f-dc369586872e/619cebaa-f1dd-4765-96d7-645d0549fd91/500x500.jpg",
    "productInformation": "",
    "countryText": "Tyskland",
    "companyText": "Tulip",
    "ingrediensText": "Ingredienser: Kalkonkött (93%), salt, potatisstärkelse, antioxidationsmedel (E 301), konserveringsmedel (E 250).Rökt och torkat.",
    "storage": "",
    "allergens": "",
    "usage": "",
    "nutrition": [
      {
        "Näringsvärde": "Energi (kcal)",
        "100 Gram": "117 kcal"
      },
      {
        "Näringsvärde": "Energi (kJ)",
        "100 Gram": "491 kJ"
      },
      {
        "Näringsvärde": "Fett",
        "100 Gram": "4.5 g"
      },
      {
        "Näringsvärde": "Varav mättat fett",
        "100 Gram": "1.7 g"
      },
      {
        "Näringsvärde": "Kolhydrat",
        "100 Gram": "1.1 g"
      },
      {
        "Näringsvärde": "Varav sockerarter",
        "100 Gram": "0 g"
      },
      {
        "Näringsvärde": "Protein",
        "100 Gram": "18 g"
      },
      {
        "Näringsvärde": "Salt",
        "100 Gram": "3.3 g"
      }
    ],
    "nutritionUnitText": "Näringsvärde per 100 gram",
    "categories": {
      "mainCategory": "Kött, Chark & Fågel",
      "subCategories": [
        {
          "name": "Matchark",
          "subSubCategories": [
            "Bacon & stekfläsk"
          ]
        }
      ]
    }
  },
  {
    "name": "Wienerkorv Extra fin 80% Kötthalt 720g ICA",
    "weightText": "0.72 kg",
    "caPart": "",
    "weightValue": 0.72,
    "weightUnit": "kg",
    "comparePrice": "94,38 kr/kg",
    "currentPrice": 67.95,
    "attributes": [
      "Glutenfritt",
      "Kött från Sverige",
      "Laktosfritt"
    ],
    "imgUrl": "https://handlaprivatkund.ica.se/images-v3/bf7a00ca-390e-4769-865f-dc369586872e/3ee68183-648a-405c-b0b6-2634cc372ec8/500x500.jpg",
    "productInformation": "Vår extra fina Wienerkorv i storpack med högre kötthalt passar perfekt för hela familjen eller på kalaset. Koka den ihop med lagerblad och kryddpeppar och lägg den sedan i ett korvbröd med klassiska tillbehör eller ihop med krämigt potatismos! Mums!",
    "countryText": "",
    "companyText": "ICA",
    "ingrediensText": "Gris*- och nötkött* 80%, vatten, potatismjöl, salt, druvsocker, kryddor (paprika, ingefära, muskotnöt, libbsticka), svartpepparextrakt, antioxidationsmedel (E300), konserveringsmedel (E250).Alspånsrökt.Stoppad i naturtarm från får.*Fött, uppfött och slaktat i Sverige.",
    "storage": "Kylvara: Förvaras vid högst +8°C",
    "allergens": "",
    "usage": "",
    "nutrition": [
      {
        "Näringsvärde": "Energi (kcal)",
        "100 Gram": "270 kcal"
      },
      {
        "Näringsvärde": "Energi (kJ)",
        "100 Gram": "1120 kJ"
      },
      {
        "Näringsvärde": "Fett",
        "100 Gram": "22 g"
      },
      {
        "Näringsvärde": "Varav mättat fett",
        "100 Gram": "8.9 g"
      },
      {
        "Näringsvärde": "Kolhydrat",
        "100 Gram": "6 g"
      },
      {
        "Näringsvärde": "Varav sockerarter",
        "100 Gram": "1.1 g"
      },
      {
        "Näringsvärde": "Protein",
        "100 Gram": "12 g"
      },
      {
        "Näringsvärde": "Salt",
        "100 Gram": "1.8 g"
      }
    ],
    "nutritionUnitText": "Näringsvärde per 100 gram",
    "categories": {
      "mainCategory": "Kött, Chark & Fågel",
      "subCategories": [
        {
          "name": "Korv",
          "subSubCategories": [
            "Varmkorv"
          ]
        }
      ]
    }
  },
  {
    "name": "Kycklingburgare Fryst 8-p 760g Guldfågeln",
    "weightText": "0.76 kg",
    "caPart": "",
    "weightValue": 0.76,
    "weightUnit": "kg",
    "comparePrice": "135,53 kr/kg",
    "currentPrice": 103,
    "attributes": [
      "Ursprungsland Sverige",
      "Svensk Fågel"
    ],
    "imgUrl": "https://handlaprivatkund.ica.se/images-v3/bf7a00ca-390e-4769-865f-dc369586872e/39d74f74-5e3c-402f-a00e-52e861c8115f/500x500.jpg",
    "productInformation": "",
    "countryText": "Sverige",
    "companyText": "Guldfågeln",
    "ingrediensText": "Kycklingkött (56%), rismjöl, majsmjöl, vatten, potatisstärkelse, modifierad majsstärkelse, salt, solrosolja,druvsocker, kryddor och kryddextrakter (lök, vitlök, svartpeppar), bakpulver (E450, E500), kycklingbuljong (salt,rosmarinextrakt), arom, jästextrakt, stabiliseringsmedel (E415), färgämne (E160c). Friterade i rapsolja",
    "storage": "",
    "allergens": "",
    "usage": "",
    "nutrition": [
      {
        "Näringsvärde": "Energi (kcal)",
        "100 Gram": "290 kcal"
      },
      {
        "Näringsvärde": "Energi (kJ)",
        "100 Gram": "1200 kJ"
      },
      {
        "Näringsvärde": "Fett",
        "100 Gram": "18 g"
      },
      {
        "Näringsvärde": "Varav mättat fett",
        "100 Gram": "4.2 g"
      },
      {
        "Näringsvärde": "Kolhydrat",
        "100 Gram": "17 g"
      },
      {
        "Näringsvärde": "Varav sockerarter",
        "100 Gram": "0.5 g"
      },
      {
        "Näringsvärde": "Protein",
        "100 Gram": "12 g"
      },
      {
        "Näringsvärde": "Salt",
        "100 Gram": "1.4 g"
      }
    ],
    "nutritionUnitText": "Näringsvärde per 100 gram",
    "categories": {
      "mainCategory": "Fryst",
      "subCategories": [
        {
          "name": "Fryst kött & burgare",
          "subSubCategories": [
            "Frysta hamburgare"
          ]
        }
      ]
    }
  },
  {
    "name": "Emilskinka Kokt 120g Pärsons",
    "weightText": "0.12 kg",
    "caPart": "",
    "weightValue": 0.12,
    "weightUnit": "kg",
    "comparePrice": "241,25 kr/kg",
    "currentPrice": 28.95,
    "attributes": [
      "Nyckelhålet",
      "Kött från Sverige",
      "Ursprungsland Sverige"
    ],
    "imgUrl": "https://handlaprivatkund.ica.se/images-v3/bf7a00ca-390e-4769-865f-dc369586872e/9bfd7a6e-9ca3-49a1-9d84-50ff42343e72/500x500.jpg",
    "productInformation": "Vår klassiska Emilskinka är en välputsad helmuskelskinka. Endast de finaste delarna av skinkan används. Skinkan kokas varsamt för att få en saftig och mild smak.",
    "countryText": "Sverige",
    "companyText": "Pärsons",
    "ingrediensText": "INGREDIENSER: Svensk skinka helmuskel 89%, vatten, koksalt, antioxidationsmedel (E326, E301), stabiliseringsmedel (E451), potatisstärkelse, druvsocker, potatisfiber, socker, konserveringsmedel (E250).",
    "storage": "Lägsta förvaringstemperatur 0°C Högsta förvaringstemperatur 8°C",
    "allergens": "",
    "usage": "",
    "nutrition": [
      {
        "Näringsvärde": "Energi (kcal)",
        "100 Gram": "105 kcal"
      },
      {
        "Näringsvärde": "Energi (kJ)",
        "100 Gram": "440 kJ"
      },
      {
        "Näringsvärde": "Fett",
        "100 Gram": "2.7 g"
      },
      {
        "Näringsvärde": "Varav mättat fett",
        "100 Gram": "0.9 g"
      },
      {
        "Näringsvärde": "Kolhydrat",
        "100 Gram": "0.9 g"
      },
      {
        "Näringsvärde": "Varav sockerarter",
        "100 Gram": "0.4 g"
      },
      {
        "Näringsvärde": "Fiber",
        "100 Gram": "1 g"
      },
      {
        "Näringsvärde": "Protein",
        "100 Gram": "19 g"
      },
      {
        "Näringsvärde": "Salt",
        "100 Gram": "2.4 g"
      },
      {
        "Näringsvärde": "Natrium",
        "100 Gram": "1.5 g"
      }
    ],
    "nutritionUnitText": "",
    "categories": {
      "mainCategory": "Kött, Chark & Fågel",
      "subCategories": [
        {
          "name": "Pålägg",
          "subSubCategories": [
            "Skinka"
          ]
        }
      ]
    }
  },
  {
    "name": "Chicken sticks crispy 350g Guldfågeln",
    "weightText": "0.35 kg",
    "caPart": "",
    "weightValue": 0.35,
    "weightUnit": "kg",
    "comparePrice": "117,00 kr/kg",
    "currentPrice": 40.95,
    "attributes": [
      "Ursprungsland Sverige",
      "Svensk Fågel"
    ],
    "imgUrl": "https://handlaprivatkund.ica.se/images-v3/bf7a00ca-390e-4769-865f-dc369586872e/1982f082-d5b1-4a75-8d85-7b6445e8e95c/500x500.jpg",
    "productInformation": "",
    "countryText": "Sverige",
    "companyText": "Guldfågeln",
    "ingrediensText": "INGREDIENSER:Kycklingkött (56%), rismjöl, majsmjöl, vatten, potatisstärkelse, modifierad majsstärkelse, salt, solrosolja,druvsocker, kryddor och kryddextrakter (lök, vitlök, svartpeppar), kycklingbuljong, arom, stabiliseringsmedel (E415), färgämne (E160c).Produkten är friterad i rapsolja.",
    "storage": "",
    "allergens": "",
    "usage": "",
    "nutrition": [
      {
        "Näringsvärde": "Energi (kcal)",
        "100 Gram": "290 kcal"
      },
      {
        "Näringsvärde": "Energi (kJ)",
        "100 Gram": "1200 kJ"
      },
      {
        "Näringsvärde": "Fett",
        "100 Gram": "18 g"
      },
      {
        "Näringsvärde": "Varav mättat fett",
        "100 Gram": "6 g"
      },
      {
        "Näringsvärde": "Kolhydrat",
        "100 Gram": "17 g"
      },
      {
        "Näringsvärde": "Varav sockerarter",
        "100 Gram": "0.5 g"
      },
      {
        "Näringsvärde": "Protein",
        "100 Gram": "12 g"
      },
      {
        "Näringsvärde": "Salt",
        "100 Gram": "1.4 g"
      }
    ],
    "nutritionUnitText": "Näringsvärde per 100 gram",
    "categories": {
      "mainCategory": "Kött, Chark & Fågel",
      "subCategories": [
        {
          "name": "Kyckling & Fågel",
          "subSubCategories": [
            "Förberedd fågel",
            "Förberedd fågel, fryst"
          ]
        }
      ]
    }
  },
  {
    "name": "Färs Salsiccia 400g Nonna Elide",
    "weightText": "0.4 kg",
    "caPart": "",
    "weightValue": 0.4,
    "weightUnit": "kg",
    "comparePrice": "119,88 kr/kg",
    "currentPrice": 47.95,
    "attributes": [],
    "imgUrl": "https://handlaprivatkund.ica.se/images-v3/bf7a00ca-390e-4769-865f-dc369586872e/f400f13d-5f8b-4d2b-a63f-7e4f99cd970a/500x500.jpg",
    "productInformation": "",
    "countryText": "",
    "companyText": "Nonna Elide",
    "ingrediensText": "Ingredienser: fläskkött 90%, salt, dextros, sackaros, aromer, E262 (natriumacetat). Antioxidationmedel: E300, E331. Konserveringsmedel: E250.",
    "storage": "",
    "allergens": "",
    "usage": "",
    "nutrition": [
      {
        "Näringsvärde": "Energi (kcal)",
        "100 Gram": "281 kcal"
      },
      {
        "Näringsvärde": "Energi (kJ)",
        "100 Gram": "1162 kJ"
      },
      {
        "Näringsvärde": "Fett",
        "100 Gram": "24.2 g"
      },
      {
        "Näringsvärde": "Varav mättat fett",
        "100 Gram": "5.7 g"
      },
      {
        "Näringsvärde": "Kolhydrat",
        "100 Gram": "0.2 g"
      },
      {
        "Näringsvärde": "Varav sockerarter",
        "100 Gram": "0.2 g"
      },
      {
        "Näringsvärde": "Fiber",
        "100 Gram": "0 g"
      },
      {
        "Näringsvärde": "Protein",
        "100 Gram": "15.5 g"
      },
      {
        "Näringsvärde": "Salt",
        "100 Gram": "2.3 g"
      }
    ],
    "nutritionUnitText": "Näringsvärde per 100 gram",
    "categories": {
      "mainCategory": "Kött, Chark & Fågel",
      "subCategories": [
        {
          "name": "Kött",
          "subSubCategories": [
            "Fläsk",
            "Fläskfärs"
          ]
        }
      ]
    }
  },
  {
    "name": "Falukorv 300g Scan",
    "weightText": "0.3 kg",
    "caPart": "",
    "weightValue": 0.3,
    "weightUnit": "kg",
    "comparePrice": "91,67 kr/kg",
    "currentPrice": 27.5,
    "attributes": [
      "Glutenfritt",
      "Kött från Sverige",
      "Ursprungsland Sverige",
      "Laktosfritt"
    ],
    "imgUrl": "https://handlaprivatkund.ica.se/images-v3/bf7a00ca-390e-4769-865f-dc369586872e/764b4974-35e3-49a8-8372-3dd41906883f/500x500.jpg",
    "productInformation": "En lättlagad vardagsfavorit. Smakfullt kryddad enligt klassiskt recept med bland annat ingefära, muskot och svartpeppar. Falukorven är varmrökt och med en len smak. I våra produkter ingår endast kött från svenska gårdar. Garanterad traditionell specialitet.",
    "countryText": "Sverige",
    "companyText": "Scan",
    "ingrediensText": "INGREDIENSER: Svenskt gris- och nötkött (58%)*, vatten, fett från gris- och nötkött*, potatismjöl, salt, lök, kryddor, kryddextrakter (cayenne, muskot), antioxidationsmedel E300, konserveringsmedel E250, rökarom. *Ursprung: Sverige.",
    "storage": "",
    "allergens": "",
    "usage": "",
    "nutrition": [
      {
        "Näringsvärde": "Energi (kcal)",
        "100 Gram": "260 kcal"
      },
      {
        "Näringsvärde": "Energi (kJ)",
        "100 Gram": "1050 kJ"
      },
      {
        "Näringsvärde": "Fett",
        "100 Gram": "23 g"
      },
      {
        "Näringsvärde": "Varav mättat fett",
        "100 Gram": "9.5 g"
      },
      {
        "Näringsvärde": "Kolhydrat",
        "100 Gram": "4 g"
      },
      {
        "Näringsvärde": "Varav sockerarter",
        "100 Gram": "0.5 g"
      },
      {
        "Näringsvärde": "Protein",
        "100 Gram": "9 g"
      },
      {
        "Näringsvärde": "Salt",
        "100 Gram": "1.8 g"
      }
    ],
    "nutritionUnitText": "Näringsvärde per 100 gram",
    "categories": {
      "mainCategory": "Kött, Chark & Fågel",
      "subCategories": [
        {
          "name": "Korv",
          "subSubCategories": [
            "Falukorv"
          ]
        }
      ]
    }
  },
  {
    "name": "Bacon Skivat 120g ICA Basic",
    "weightText": "0.12 kg",
    "caPart": "",
    "weightValue": 0.12,
    "weightUnit": "kg",
    "comparePrice": "95,83 kr/kg",
    "currentPrice": 11.5,
    "attributes": [
      "Kött från Sverige"
    ],
    "imgUrl": "https://handlaprivatkund.ica.se/images-v3/bf7a00ca-390e-4769-865f-dc369586872e/120c12b0-57ea-4cff-b5d2-fa10c2322f2c/500x500.jpg",
    "productInformation": "ICA Basic Bacon skivat är ett bra vardagsbacon av kött från Sverige. Den passar lika bra i äggröran på morgonen som till pastasåsen till middagen. Stek i het panna några minuter på varje sida och låt droppa av på lite hushållspapper.",
    "countryText": "",
    "companyText": "ICA Basic",
    "ingrediensText": "Ingredienser: Griskött* 92%, salt, antioxidationsmedel (E301, E331), glukossirap, konserveringsmedel (E250). *Fött, uppfött och slaktat i Sverige",
    "storage": "Lägsta förvaringstemperatur 0°C Högsta förvaringstemperatur 8°C",
    "allergens": "",
    "usage": "",
    "nutrition": [
      {
        "Näringsvärde": "Energi (kcal)",
        "100 Gram": "310 kcal"
      },
      {
        "Näringsvärde": "Energi (kJ)",
        "100 Gram": "1283 kJ"
      },
      {
        "Näringsvärde": "Fett",
        "100 Gram": "28 g"
      },
      {
        "Näringsvärde": "Varav mättat fett",
        "100 Gram": "11 g"
      },
      {
        "Näringsvärde": "Kolhydrat",
        "100 Gram": "0.5 g"
      },
      {
        "Näringsvärde": "Varav sockerarter",
        "100 Gram": "0.5 g"
      },
      {
        "Näringsvärde": "Protein",
        "100 Gram": "14 g"
      },
      {
        "Näringsvärde": "Salt",
        "100 Gram": "2.2 g"
      }
    ],
    "nutritionUnitText": "",
    "categories": {
      "mainCategory": "Kött, Chark & Fågel",
      "subCategories": [
        {
          "name": "Matchark",
          "subSubCategories": [
            "Bacon & stekfläsk"
          ]
        }
      ]
    }
  },
  {
    "name": "Högrevsfärs Färsk 18% 500g ICA",
    "weightText": "0.5 kg",
    "caPart": "",
    "weightValue": 0.5,
    "weightUnit": "kg",
    "comparePrice": "185,90 kr/kg",
    "currentPrice": 92.95,
    "attributes": [
      "Kött från Sverige"
    ],
    "imgUrl": "https://handlaprivatkund.ica.se/images-v3/bf7a00ca-390e-4769-865f-dc369586872e/316c13d0-f1ce-4ce9-abca-3f67c587bbab/500x500.jpg",
    "productInformation": "Högrevsfärs med 18% fetthalt från svenska gårdar. Passar utmärkt som ingrediens i hamburgare.",
    "countryText": "",
    "companyText": "ICA",
    "ingrediensText": "Grovmald färs av högrev 70% och bringa 30% av nöt*. *Fött, uppfött, slaktat och styckat i Sverige. Berett (malet) i Sverige 507.",
    "storage": "",
    "allergens": "",
    "usage": "",
    "nutrition": [
      {
        "Näringsvärde": "Energi (kcal)",
        "100 Gram": "235 kcal"
      },
      {
        "Näringsvärde": "Energi (kJ)",
        "100 Gram": "975 kJ"
      },
      {
        "Näringsvärde": "Fett",
        "100 Gram": "18 g"
      },
      {
        "Näringsvärde": "Varav mättat fett",
        "100 Gram": "7.9 g"
      },
      {
        "Näringsvärde": "Kolhydrat",
        "100 Gram": "0.5 g"
      },
      {
        "Näringsvärde": "Varav sockerarter",
        "100 Gram": "0.5 g"
      },
      {
        "Näringsvärde": "Protein",
        "100 Gram": "19 g"
      },
      {
        "Näringsvärde": "Salt",
        "100 Gram": "0.18 g"
      }
    ],
    "nutritionUnitText": "Näringsvärde per 100 gram",
    "categories": {
      "mainCategory": "Kött, Chark & Fågel",
      "subCategories": [
        {
          "name": "Köttfärs",
          "subSubCategories": [
            "Nötfärs"
          ]
        }
      ]
    }
  },
  {
    "name": "Salami Rökt Tunna Skivor 200g Pärsons",
    "weightText": "0.2 kg",
    "caPart": "",
    "weightValue": 0.2,
    "weightUnit": "kg",
    "comparePrice": "154,75 kr/kg",
    "currentPrice": 30.95,
    "attributes": [
      "Kött från Sverige",
      "Ursprungsland Sverige"
    ],
    "imgUrl": "https://handlaprivatkund.ica.se/images-v3/bf7a00ca-390e-4769-865f-dc369586872e/122fb76b-cf01-4432-944b-39e7f7e60408/500x500.jpg",
    "productInformation": "Rökt salami av nöt- och fläskkött i tunna skivor kryddad med vitlök och vitpeppar. Passar till frukosten, mellanmålet och på charkbrickan.",
    "countryText": "Sverige",
    "companyText": "Pärsons",
    "ingrediensText": "INGREDIENSER: Svenskt gris- och nötkött* (73%), fett från gris*, koksalt, MJÖLKPROTEIN, socker*, vitpeppar, vitlökspulver, konserveringsmedel (E250), färgämne (E120), antioxidationsmedel (E300). Kallrökt. *Ursprung: Sverige.",
    "storage": "",
    "allergens": "",
    "usage": "",
    "nutrition": [
      {
        "Näringsvärde": "Energi (kcal)",
        "100 Gram": "460 kcal"
      },
      {
        "Näringsvärde": "Energi (kJ)",
        "100 Gram": "1940 kJ"
      },
      {
        "Näringsvärde": "Fett",
        "100 Gram": "44 g"
      },
      {
        "Näringsvärde": "Varav mättat fett",
        "100 Gram": "13 g"
      },
      {
        "Näringsvärde": "Kolhydrat",
        "100 Gram": "3 g"
      },
      {
        "Näringsvärde": "Varav sockerarter",
        "100 Gram": "1.9 g"
      },
      {
        "Näringsvärde": "Protein",
        "100 Gram": "14 g"
      },
      {
        "Näringsvärde": "Salt",
        "100 Gram": "2.8 g"
      }
    ],
    "nutritionUnitText": "Näringsvärde per 100 gram",
    "categories": {
      "mainCategory": "Kött, Chark & Fågel",
      "subCategories": [
        {
          "name": "Pålägg",
          "subSubCategories": [
            "Salami"
          ]
        }
      ]
    }
  },
  {
    "name": "Fläskfärs Färsk 20% 1kg ICA",
    "weightText": "1 kg",
    "caPart": "",
    "weightValue": 1,
    "weightUnit": "kg",
    "comparePrice": "77,95 kr/kg",
    "currentPrice": 77.95,
    "attributes": [
      "Kött från Sverige"
    ],
    "imgUrl": "https://handlaprivatkund.ica.se/images-v3/bf7a00ca-390e-4769-865f-dc369586872e/8a8f6acf-49c4-4ee5-8e19-c25bc420e92f/500x500.jpg",
    "productInformation": "",
    "countryText": "",
    "companyText": "ICA",
    "ingrediensText": "Finmald färs av gris**. **Fött, uppfött, slaktat och styckat i Sverige. Berett (malet) i Sverige 507.",
    "storage": "",
    "allergens": "",
    "usage": "",
    "nutrition": [
      {
        "Näringsvärde": "Energi (kcal)",
        "100 Gram": "244 kcal"
      },
      {
        "Näringsvärde": "Energi (kJ)",
        "100 Gram": "1012 kJ"
      },
      {
        "Näringsvärde": "Fett",
        "100 Gram": "20 g"
      },
      {
        "Näringsvärde": "Varav mättat fett",
        "100 Gram": "8.6 g"
      },
      {
        "Näringsvärde": "Kolhydrat",
        "100 Gram": "0.5 g"
      },
      {
        "Näringsvärde": "Varav sockerarter",
        "100 Gram": "0.5 g"
      },
      {
        "Näringsvärde": "Protein",
        "100 Gram": "16 g"
      },
      {
        "Näringsvärde": "Salt",
        "100 Gram": "0.14 g"
      }
    ],
    "nutritionUnitText": "Näringsvärde per 100 gram",
    "categories": {
      "mainCategory": "Kött, Chark & Fågel",
      "subCategories": [
        {
          "name": "Kött",
          "subSubCategories": [
            "Fläsk",
            "Fläskfärs"
          ]
        }
      ]
    }
  },
  {
    "name": "Gyroskebab 275g Schysstkäk",
    "weightText": "0.275 kg",
    "caPart": "",
    "weightValue": 0.275,
    "weightUnit": "kg",
    "comparePrice": "188,91 kr/kg",
    "currentPrice": 51.95,
    "attributes": [
      "Kött från Sverige",
      "Ursprungsland Sverige"
    ],
    "imgUrl": "https://handlaprivatkund.ica.se/images-v3/bf7a00ca-390e-4769-865f-dc369586872e/590121f9-0f67-4179-8af0-d293f57b041e/500x500.jpg",
    "productInformation": "En färsk Gyroskebab som passa lika bra i ett pitabröd som på pizzan. En grillad, saftig och smakrik gyros som smakar sådär äkta som gyros ska smaka.",
    "countryText": "Sverige",
    "companyText": "Schysst käk",
    "ingrediensText": "Fläskkött* (79 %), vatten, potatisstärkelse, kryddor, salt, lök, vitlök, druvsocker, örtkrydda, tomat, potatisfiber, kryddextrakt, konserveringsmedel (E262, E301), stabiliseringsmedel (E450, E451), surhetsreglerande medel (E270, E327). *Ursprung: Sverige",
    "storage": "Förvaras kylt. +2°C - +8°C",
    "allergens": "",
    "usage": "",
    "nutrition": [
      {
        "Näringsvärde": "Energi (kcal)",
        "100 Gram": "160 kcal"
      },
      {
        "Näringsvärde": "Energi (kJ)",
        "100 Gram": "650 kJ"
      },
      {
        "Näringsvärde": "Fett",
        "100 Gram": "8 g"
      },
      {
        "Näringsvärde": "Varav mättat fett",
        "100 Gram": "3.4 g"
      },
      {
        "Näringsvärde": "Kolhydrat",
        "100 Gram": "5.2 g"
      },
      {
        "Näringsvärde": "Varav sockerarter",
        "100 Gram": "0.9 g"
      },
      {
        "Näringsvärde": "Protein",
        "100 Gram": "16 g"
      },
      {
        "Näringsvärde": "Salt",
        "100 Gram": "2.4 g"
      }
    ],
    "nutritionUnitText": "Näringsvärde per 100 gram",
    "categories": {
      "mainCategory": "Kött, Chark & Fågel",
      "subCategories": [
        {
          "name": "Kött",
          "subSubCategories": [
            "Fläsk",
            "Färdigkryddat fläskkött"
          ]
        }
      ]
    }
  },
  {
    "name": "Skinka Rökt Peppar Tunna Skivor 170g ICA",
    "weightText": "0.17 kg",
    "caPart": "",
    "weightValue": 0.17,
    "weightUnit": "kg",
    "comparePrice": "140,88 kr/kg",
    "currentPrice": 23.95,
    "attributes": [
      "Nyckelhålet",
      "Kött från Sverige"
    ],
    "imgUrl": "https://handlaprivatkund.ica.se/images-v3/bf7a00ca-390e-4769-865f-dc369586872e/d2db1fc9-c03c-4447-aa8a-784feff36321/500x500.jpg",
    "productInformation": "ICA Skinka Rökt Peppar är en lätt rökig och pepprig skinka som gör sig perfekt till smörgåsen. Gjord på kött från Sverige.",
    "countryText": "",
    "companyText": "ICA",
    "ingrediensText": "Ingredienser: Skinka av gris* (helmuskel) 88%, vatten, salt, svart-peppar, stabiliseringsmedel (E451), potatismjöl, druvsocker, potatisfiber, socker, antioxidationsmedel (E301), konserveringsmedel (E250). *Fött, uppfött och slaktat i Sverige.",
    "storage": "Lägsta förvaringstemperatur 0°C Högsta förvaringstemperatur 8°C",
    "allergens": "",
    "usage": "",
    "nutrition": [
      {
        "Näringsvärde": "Energi (kcal)",
        "100 Gram": "90 kcal"
      },
      {
        "Näringsvärde": "Energi (kJ)",
        "100 Gram": "381 kJ"
      },
      {
        "Näringsvärde": "Fett",
        "100 Gram": "1.1 g"
      },
      {
        "Näringsvärde": "Varav mättat fett",
        "100 Gram": "0.4 g"
      },
      {
        "Näringsvärde": "Kolhydrat",
        "100 Gram": "2 g"
      },
      {
        "Näringsvärde": "Varav sockerarter",
        "100 Gram": "0.5 g"
      },
      {
        "Näringsvärde": "Protein",
        "100 Gram": "18 g"
      },
      {
        "Näringsvärde": "Salt",
        "100 Gram": "2.4 g"
      }
    ],
    "nutritionUnitText": "",
    "categories": {
      "mainCategory": "Kött, Chark & Fågel",
      "subCategories": [
        {
          "name": "Pålägg",
          "subSubCategories": [
            "Skinka"
          ]
        }
      ]
    }
  },
  {
    "name": "Chilimedaljong 300g ICA",
    "weightText": "0.3 kg",
    "caPart": "",
    "weightValue": 0.3,
    "weightUnit": "kg",
    "comparePrice": "166,50 kr/kg",
    "currentPrice": 49.95,
    "attributes": [
      "Kött från Sverige"
    ],
    "imgUrl": "https://handlaprivatkund.ica.se/images-v3/bf7a00ca-390e-4769-865f-dc369586872e/1aa65c2e-db05-4dab-a651-efb1a1187e71/500x500.jpg",
    "productInformation": "ICAs Chilimedaljong är en lättrimmad fläskytterfilé kryddad med viss chilihetta. En väldigt mör filé som är lättladag och enkel. Serveras förslagsvis med skivad ugnspotatis och en god sås gjord på skyn från stekningen.",
    "countryText": "",
    "companyText": "ICA",
    "ingrediensText": "Benfri kotlett av gris 88%*, vatten, salt, kryddor (chilipeppar, jalapeno, röd paprika, grön paprika, svartpeppar, grönpeppar), tomat, druvsocker, vinäger, naturliga aromer, glutenfri HAVREfiber. *Fött, uppfött, slaktat och styckat i Sverige.",
    "storage": "Kylvara. Förvaras vid högst 4°C. Lägsta förvaringstemperatur 0°C Högsta förvaringstemperatur 4°C",
    "allergens": "",
    "usage": "",
    "nutrition": [
      {
        "Näringsvärde": "Energi (kcal)",
        "100 Gram": "99 kcal"
      },
      {
        "Näringsvärde": "Energi (kJ)",
        "100 Gram": "418 kJ"
      },
      {
        "Näringsvärde": "Fett",
        "100 Gram": "1.7 g"
      },
      {
        "Näringsvärde": "Varav mättat fett",
        "100 Gram": "0.6 g"
      },
      {
        "Näringsvärde": "Kolhydrat",
        "100 Gram": "1.5 g"
      },
      {
        "Näringsvärde": "Varav sockerarter",
        "100 Gram": "1.1 g"
      },
      {
        "Näringsvärde": "Protein",
        "100 Gram": "19 g"
      },
      {
        "Näringsvärde": "Salt",
        "100 Gram": "0.82 g"
      }
    ],
    "nutritionUnitText": "",
    "categories": {
      "mainCategory": "Kött, Chark & Fågel",
      "subCategories": [
        {
          "name": "Kött",
          "subSubCategories": [
            "Fläsk",
            "Färdigkryddat fläskkött"
          ]
        }
      ]
    }
  },
  {
    "name": "Kyckling Classic Bröstfilé Stekt och Skivad 200g Kronfågel",
    "weightText": "0.2 kg",
    "caPart": "",
    "weightValue": 0.2,
    "weightUnit": "kg",
    "comparePrice": "224,75 kr/kg",
    "currentPrice": 44.95,
    "attributes": [
      "Nyckelhålet"
    ],
    "imgUrl": "https://handlaprivatkund.ica.se/images-v3/bf7a00ca-390e-4769-865f-dc369586872e/8dc0610f-cb68-4021-8a63-e87bcc4a2ed1/500x500.jpg",
    "productInformation": "Stekt och skivad kyckling Classic från Kronfågel är en av våra goda vardagsfavoriter. En kycklingfilé färdig att äta, milt kryddad för att passa i rätter av många olika slag, till lunch, middag eller en festmåltid. Stekt och skivad kycklingfilé Classic med naturell smak kan serveras kall eller varm, enkel att servera familjen eller större sällskap. 100 % svensk kyckling omsorgsfullt uppfödd på våra svenska gårdar, vilket innebär god djurhållning, högsta kvalitet och hälsosam, klimatsmart mat på tallriken",
    "countryText": "",
    "companyText": "Kronfågel",
    "ingrediensText": "Kycklingbröstfilé, salt, stabiliseringsmedel (E450, E451), druvsocker, surhetsreglerande medel (E262), antioxidationsmedel (E301), arom. Till 100g färdig kyckling har använts 114g kyckling.",
    "storage": "",
    "allergens": "",
    "usage": "",
    "nutrition": [
      {
        "Näringsvärde": "Energi (kcal)",
        "100 Gram": "100 kcal"
      },
      {
        "Näringsvärde": "Energi (kJ)",
        "100 Gram": "430 kJ"
      },
      {
        "Näringsvärde": "Fett",
        "100 Gram": "1.7 g"
      },
      {
        "Näringsvärde": "Varav mättat fett",
        "100 Gram": "0.5 g"
      },
      {
        "Näringsvärde": "Kolhydrat",
        "100 Gram": "0.5 g"
      },
      {
        "Näringsvärde": "Varav sockerarter",
        "100 Gram": "0.5 g"
      },
      {
        "Näringsvärde": "Protein",
        "100 Gram": "21 g"
      },
      {
        "Näringsvärde": "Salt",
        "100 Gram": "1.5 g"
      }
    ],
    "nutritionUnitText": "Näringsvärde per 100 gram",
    "categories": {
      "mainCategory": "Kött, Chark & Fågel",
      "subCategories": [
        {
          "name": "Kyckling & Fågel",
          "subSubCategories": [
            "Förberedd fågel",
            "Förberedd fågel, färsk"
          ]
        }
      ]
    }
  },
  {
    "name": "Cognacsmedwurst Tunna Skivor 200g Pärsons",
    "weightText": "0.2 kg",
    "caPart": "",
    "weightValue": 0.2,
    "weightUnit": "kg",
    "comparePrice": "124,75 kr/kg",
    "currentPrice": 24.95,
    "attributes": [
      "Kött från Sverige"
    ],
    "imgUrl": "https://handlaprivatkund.ica.se/images-v3/bf7a00ca-390e-4769-865f-dc369586872e/2f34df59-8612-446f-a6f7-0afd81ef3b29/500x500.jpg",
    "productInformation": "Pärsons cognacsmedwurst är en klassisk medwurst med en balanserad ton av cognac. Vi kallröker medwursten på gammaldags vis, långsamt och i flera dagar över alspån. Korven får sedan hänga och mogna till sig för att utveckla sin karaktäristiska smak och syrlighet.Vår cognacsmedwurst smakar gott på såväl vitt bröd som fullkornsbröd, kanske extra god på en klassisk sirapslimpa. Toppa gärna med något krispigt eller syrligt, såsom gurka, picklade grönsaker eller krispig sallad.",
    "countryText": "",
    "companyText": "Pärsons",
    "ingrediensText": "INGREDIENSER: Svenskt gris- och nötkött* (64%), fett från gris*, socker*, MJÖLKPULVER*, salt, potatisflingor, MJÖLKPROTEIN, cognac, cognacsarom, vitpeppar, ingefära, konserveringsmedel (E250), färgämne (E120), antioxidationsmedel (E300). *Ursprung: Sverige.",
    "storage": "",
    "allergens": "",
    "usage": "",
    "nutrition": [
      {
        "Näringsvärde": "Energi (kcal)",
        "100 Gram": "410 kcal"
      },
      {
        "Näringsvärde": "Energi (kJ)",
        "100 Gram": "1700 kJ"
      },
      {
        "Näringsvärde": "Fett",
        "100 Gram": "36 g"
      },
      {
        "Näringsvärde": "Varav mättat fett",
        "100 Gram": "15 g"
      },
      {
        "Näringsvärde": "Kolhydrat",
        "100 Gram": "8 g"
      },
      {
        "Näringsvärde": "Varav sockerarter",
        "100 Gram": "5.7 g"
      },
      {
        "Näringsvärde": "Protein",
        "100 Gram": "13 g"
      },
      {
        "Näringsvärde": "Salt",
        "100 Gram": "3 g"
      }
    ],
    "nutritionUnitText": "Näringsvärde per 100 gram",
    "categories": {
      "mainCategory": "Kött, Chark & Fågel",
      "subCategories": [
        {
          "name": "Pålägg",
          "subSubCategories": [
            "Påläggskorv"
          ]
        }
      ]
    }
  },
  {
    "name": "Delikatessköttbullar Frysta 450g ICA",
    "weightText": "0.45 kg",
    "caPart": "",
    "weightValue": 0.45,
    "weightUnit": "kg",
    "comparePrice": "102,11 kr/kg",
    "currentPrice": 45.95,
    "attributes": [
      "Kött från Sverige",
      "Ursprungsland Sverige"
    ],
    "imgUrl": "https://handlaprivatkund.ica.se/images-v3/bf7a00ca-390e-4769-865f-dc369586872e/c048b7c5-f2a1-492c-b75c-28830024fa40/500x500.jpg",
    "productInformation": "ICAs små delikatessköttbullar är tillagade med omsorg. Köttbullarna är små, smakrika och gyllene stekta, dessutom producerade av svenskt kött. Servera gärna köttbullarna med potatismos eller makaroner. Tillagning i micron fungerar bra för den som har lite bråttom. För tips och recept, se ICA.se",
    "countryText": "Sverige",
    "companyText": "ICA",
    "ingrediensText": "Gris-* och nötkött* 73%, vatten, potatismjöl, fett från nötkött*, potatis, potatisflingor, druvsocker, joderat salt, potatisfiber, lök, pepparextrakt, svartpeppar. Friterade i animaliskt fett. *Fött, uppfött och slaktat i Sverige.",
    "storage": "Djupfryst. I frysutrymme (–18°C eller kallare). Bör ej frysas om efter upptining. Lägsta förvaringstemperatur -40°C Högsta förvaringstemperatur -18°C",
    "allergens": "",
    "usage": "",
    "nutrition": [
      {
        "Näringsvärde": "Energi (kcal)",
        "100 Gram": "250 kcal"
      },
      {
        "Näringsvärde": "Energi (kJ)",
        "100 Gram": "1050 kJ"
      },
      {
        "Näringsvärde": "Fett",
        "100 Gram": "18 g"
      },
      {
        "Näringsvärde": "Varav mättat fett",
        "100 Gram": "7 g"
      },
      {
        "Näringsvärde": "Kolhydrat",
        "100 Gram": "9 g"
      },
      {
        "Näringsvärde": "Varav sockerarter",
        "100 Gram": "1.8 g"
      },
      {
        "Näringsvärde": "Protein",
        "100 Gram": "12 g"
      },
      {
        "Näringsvärde": "Salt",
        "100 Gram": "1.5 g"
      }
    ],
    "nutritionUnitText": "",
    "categories": {
      "mainCategory": "Jul",
      "subCategories": [
        {
          "name": "Julmat",
          "subSubCategories": [
            "Korv, Köttbullar & Rödbetssallad",
            "Köttbullar & Rödbetssallad"
          ]
        }
      ]
    }
  },
  {
    "name": "Varmkorv med Skinn 900g Lithells",
    "weightText": "0.9 kg",
    "caPart": "",
    "weightValue": 0.9,
    "weightUnit": "kg",
    "comparePrice": "76,61 kr/kg",
    "currentPrice": 68.95,
    "attributes": [
      "Glutenfritt",
      "Kött från Sverige",
      "Laktosfritt"
    ],
    "imgUrl": "https://handlaprivatkund.ica.se/images-v3/bf7a00ca-390e-4769-865f-dc369586872e/31e459a1-746e-42dc-a5bb-8b75e3385b3e/500x500.jpg",
    "productInformation": "Lithells klassiska korvbrödsfavorit. Långsmal, saftig och mild i smaken.",
    "countryText": "",
    "companyText": "Lithells",
    "ingrediensText": "Griskött* (55%), vatten, potatismjöl, fett från gris*, druvsocker, salt, kryddor och kryddextrakt (svartpeppar, muskotnöt, koriander, cayennepeppar), lökpulver, antioxidationsmedel (E300), konserveringsmedel (E250), rökarom. *Svensk råvara.",
    "storage": "Kylvara: max +8°C.",
    "allergens": "",
    "usage": "Öppnad förpackning: max +8°C, 3-5 dagar.",
    "nutrition": [
      {
        "Näringsvärde": "Energi (kcal)",
        "100 Gram": "280 kcal"
      },
      {
        "Näringsvärde": "Energi (kJ)",
        "100 Gram": "1150 kJ"
      },
      {
        "Näringsvärde": "Fett",
        "100 Gram": "23 g"
      },
      {
        "Näringsvärde": "Varav mättat fett",
        "100 Gram": "9 g"
      },
      {
        "Näringsvärde": "Kolhydrat",
        "100 Gram": "9.9 g"
      },
      {
        "Näringsvärde": "Varav sockerarter",
        "100 Gram": "2.5 g"
      },
      {
        "Näringsvärde": "Protein",
        "100 Gram": "8.2 g"
      },
      {
        "Näringsvärde": "Salt",
        "100 Gram": "2 g"
      }
    ],
    "nutritionUnitText": "Näringsvärde per 100 gram",
    "categories": {
      "mainCategory": "Kött, Chark & Fågel",
      "subCategories": [
        {
          "name": "Korv",
          "subSubCategories": [
            "Varmkorv"
          ]
        }
      ]
    }
  },
  {
    "name": "Grillkorv Barnens 400g Lithells",
    "weightText": "0.4 kg",
    "caPart": "",
    "weightValue": 0.4,
    "weightUnit": "kg",
    "comparePrice": "71,25 kr/kg",
    "currentPrice": 28.5,
    "attributes": [
      "Glutenfritt",
      "Kött från Sverige",
      "Laktosfritt"
    ],
    "imgUrl": "https://handlaprivatkund.ica.se/images-v3/bf7a00ca-390e-4769-865f-dc369586872e/1d560755-cfea-4ddd-b79b-34aa7c9e7fb7/500x500.jpg",
    "productInformation": "Barnens kalasgoda grillkorv, rik på kött och mild i smaken.",
    "countryText": "",
    "companyText": "Lithells",
    "ingrediensText": "Gris*- och nötkött* (60 %), vatten, potatismjöl, salt, lök, kryddor och kryddextrakt (ingefära, koriander, peppar), antioxidationsmedel (E300), konserveringsmedel (E250), rökarom. *SVENSK RÅVARA.",
    "storage": "Kylvara: max +8°C",
    "allergens": "",
    "usage": "Öppnad förpackning: max +8°C, 3-5 dagar.",
    "nutrition": [
      {
        "Näringsvärde": "Energi (kcal)",
        "100 Gram": "220 kcal"
      },
      {
        "Näringsvärde": "Energi (kJ)",
        "100 Gram": "900 kJ"
      },
      {
        "Näringsvärde": "Fett",
        "100 Gram": "17 g"
      },
      {
        "Näringsvärde": "Varav mättat fett",
        "100 Gram": "6.8 g"
      },
      {
        "Näringsvärde": "Kolhydrat",
        "100 Gram": "7.1 g"
      },
      {
        "Näringsvärde": "Varav sockerarter",
        "100 Gram": "0.5 g"
      },
      {
        "Näringsvärde": "Protein",
        "100 Gram": "9.6 g"
      },
      {
        "Näringsvärde": "Salt",
        "100 Gram": "1.9 g"
      }
    ],
    "nutritionUnitText": "Näringsvärde per 100 gram",
    "categories": {
      "mainCategory": "Kött, Chark & Fågel",
      "subCategories": [
        {
          "name": "Korv",
          "subSubCategories": [
            "Grillkorv"
          ]
        }
      ]
    }
  },
  {
    "name": "Små fina kalkonköttbullar Fryst 400g Ingelsta Kalkon",
    "weightText": "0.4 kg",
    "caPart": "",
    "weightValue": 0.4,
    "weightUnit": "kg",
    "comparePrice": "147,38 kr/kg",
    "currentPrice": 58.95,
    "attributes": [
      "Svensk Fågel"
    ],
    "imgUrl": "https://handlaprivatkund.ica.se/images-v3/bf7a00ca-390e-4769-865f-dc369586872e/69c4b8e5-7ebb-4f87-a239-4424e63853b4/500x500.jpg",
    "productInformation": "",
    "countryText": "",
    "companyText": "Ingelsta kalkon",
    "ingrediensText": "Ingredienser: Kalkonkött (70%), vatten, kalkonfett, potatisstärkelse, lök, potatisgrits, druvsocker(majs), potatisfiber, vegetabilisk buljong, salt, svartpeppar. Stekta i rapsolja.",
    "storage": "",
    "allergens": "",
    "usage": "",
    "nutrition": [
      {
        "Näringsvärde": "Energi (kcal)",
        "100 Gram": "250 kcal"
      },
      {
        "Näringsvärde": "Energi (kJ)",
        "100 Gram": "1050 kJ"
      },
      {
        "Näringsvärde": "Fett",
        "100 Gram": "17 g"
      },
      {
        "Näringsvärde": "Varav mättat fett",
        "100 Gram": "5 g"
      },
      {
        "Näringsvärde": "Kolhydrat",
        "100 Gram": "11 g"
      },
      {
        "Näringsvärde": "Varav sockerarter",
        "100 Gram": "2.3 g"
      },
      {
        "Näringsvärde": "Protein",
        "100 Gram": "14 g"
      },
      {
        "Näringsvärde": "Salt",
        "100 Gram": "1.8 g"
      }
    ],
    "nutritionUnitText": "Näringsvärde per 100 gram",
    "categories": {
      "mainCategory": "Jul",
      "subCategories": [
        {
          "name": "Julmat",
          "subSubCategories": [
            "Korv, Köttbullar & Rödbetssallad",
            "Köttbullar & Rödbetssallad"
          ]
        }
      ]
    }
  },
  {
    "name": "Bratwurst Kummin Vitlök 75% Kötthalt 300g Scan",
    "weightText": "0.3 kg",
    "caPart": "",
    "weightValue": 0.3,
    "weightUnit": "kg",
    "comparePrice": "116,50 kr/kg",
    "currentPrice": 34.95,
    "attributes": [
      "Glutenfritt",
      "Kött från Sverige",
      "Ursprungsland Sverige",
      "Laktosfritt"
    ],
    "imgUrl": "https://handlaprivatkund.ica.se/images-v3/bf7a00ca-390e-4769-865f-dc369586872e/af1fd24b-051e-4211-8df1-5e572836bb60/500x500.jpg",
    "productInformation": "Bratwurst är en mildare varmrökt korv som är smaksatt med vitlök och kummin. En fyllig och god smak som passar både stora som små. Perfekt på grillen på sommaren eller i stekpannan till hösten. Våra korvar innehåller bara svenskt kött från våra gårdar. Denna korv är fri från gluten, laktos, ägg-, soja-, mjölk- och ärtprotein",
    "countryText": "Sverige",
    "companyText": "Scan",
    "ingrediensText": "INGREDIENSER: Svenskt gris- och nötkött (75%)*, vatten, potatismjöl, salt, fett från nötkött*, kryddor, vitlök, stabiliseringsmedel E450, antioxidationsmedel E300, konserveringsmedel E250, grisfjälster, rökarom. *Ursprung: Sverige.",
    "storage": "",
    "allergens": "",
    "usage": "",
    "nutrition": [
      {
        "Näringsvärde": "Energi (kcal)",
        "100 Gram": "260 kcal"
      },
      {
        "Näringsvärde": "Energi (kJ)",
        "100 Gram": "1100 kJ"
      },
      {
        "Näringsvärde": "Fett",
        "100 Gram": "22 g"
      },
      {
        "Näringsvärde": "Varav mättat fett",
        "100 Gram": "9 g"
      },
      {
        "Näringsvärde": "Kolhydrat",
        "100 Gram": "4 g"
      },
      {
        "Näringsvärde": "Varav sockerarter",
        "100 Gram": "0.5 g"
      },
      {
        "Näringsvärde": "Protein",
        "100 Gram": "12 g"
      },
      {
        "Näringsvärde": "Salt",
        "100 Gram": "1.8 g"
      }
    ],
    "nutritionUnitText": "Näringsvärde per 100 gram",
    "categories": {
      "mainCategory": "Kött, Chark & Fågel",
      "subCategories": [
        {
          "name": "Korv",
          "subSubCategories": [
            "Kryddkorv"
          ]
        }
      ]
    }
  },
  {
    "name": "Köttbullar 350g ICA",
    "weightText": "0.35 kg",
    "caPart": "",
    "weightValue": 0.35,
    "weightUnit": "kg",
    "comparePrice": "82,71 kr/kg",
    "currentPrice": 28.95,
    "attributes": [
      "Kött från Sverige",
      "Ursprungsland Sverige"
    ],
    "imgUrl": "https://handlaprivatkund.ica.se/images-v3/bf7a00ca-390e-4769-865f-dc369586872e/2f62754d-68a5-4ea3-b07e-a900732d1281/500x500.jpg",
    "productInformation": "Klassiska köttbullar med fyllig smak och mild sälta.",
    "countryText": "Sverige",
    "companyText": "ICA",
    "ingrediensText": "INGREDIENSER: Gris*- & nötkött* 73%, vatten, potatismjöl, fett från nötkött*, potatis, potatisflingor, druvsocker, joderat salt, potatisfiber, lök, pepparextrakt, svartpeppar. Friterade i animaliskt fett. *Fött, uppfött och slaktat i Sverige.",
    "storage": "",
    "allergens": "",
    "usage": "",
    "nutrition": [
      {
        "Näringsvärde": "Energi (kcal)",
        "100 Gram": "250 kcal"
      },
      {
        "Näringsvärde": "Energi (kJ)",
        "100 Gram": "1050 kJ"
      },
      {
        "Näringsvärde": "Fett",
        "100 Gram": "18 g"
      },
      {
        "Näringsvärde": "Varav mättat fett",
        "100 Gram": "7 g"
      },
      {
        "Näringsvärde": "Kolhydrat",
        "100 Gram": "9 g"
      },
      {
        "Näringsvärde": "Varav sockerarter",
        "100 Gram": "1.8 g"
      },
      {
        "Näringsvärde": "Protein",
        "100 Gram": "12 g"
      },
      {
        "Näringsvärde": "Salt",
        "100 Gram": "1.5 g"
      }
    ],
    "nutritionUnitText": "Näringsvärde per 100 gram",
    "categories": {
      "mainCategory": "Jul",
      "subCategories": [
        {
          "name": "Julmat",
          "subSubCategories": [
            "Korv, Köttbullar & Rödbetssallad",
            "Köttbullar & Rödbetssallad"
          ]
        }
      ]
    }
  },
  {
    "name": "Kalkon Basturökt 90g Lönneberga",
    "weightText": "0.09 kg",
    "caPart": "",
    "weightValue": 0.09,
    "weightUnit": "kg",
    "comparePrice": "310,56 kr/kg",
    "currentPrice": 27.95,
    "attributes": [
      "Svensk Fågel"
    ],
    "imgUrl": "https://handlaprivatkund.ica.se/images-v3/bf7a00ca-390e-4769-865f-dc369586872e/b9e8d43f-76c2-4b79-b920-9afd194aa18c/500x500.jpg",
    "productInformation": "Kalkonbröst som lättröks med alflis, för en mild och rökig smak.",
    "countryText": "",
    "companyText": "Lönneberga",
    "ingrediensText": "Kalkonbröstfile* (85%), vatten, salt, glukossirap, surhetsreglerande medel (E331), antioxidationsmedel (E301), konserveringsmedel (E250).*Fött, uppfött och slaktat i Sverige.",
    "storage": "Kylvara max +8°C",
    "allergens": "",
    "usage": "Öppnad förpackning förvaras i kylskåp 5-7 dagar.",
    "nutrition": [
      {
        "Näringsvärde": "Energi (kcal)",
        "100 Gram": "110 kcal"
      },
      {
        "Näringsvärde": "Energi (kJ)",
        "100 Gram": "440 kJ"
      },
      {
        "Näringsvärde": "Fett",
        "100 Gram": "0.9 g"
      },
      {
        "Näringsvärde": "Varav mättat fett",
        "100 Gram": "0.5 g"
      },
      {
        "Näringsvärde": "Kolhydrat",
        "100 Gram": "3 g"
      },
      {
        "Näringsvärde": "Varav sockerarter",
        "100 Gram": "0.5 g"
      },
      {
        "Näringsvärde": "Protein",
        "100 Gram": "20 g"
      },
      {
        "Näringsvärde": "Salt",
        "100 Gram": "2.9 g"
      }
    ],
    "nutritionUnitText": "Näringsvärde per 100 gram",
    "categories": {
      "mainCategory": "Kött, Chark & Fågel",
      "subCategories": [
        {
          "name": "Pålägg",
          "subSubCategories": [
            "Fågel"
          ]
        }
      ]
    }
  },
  {
    "name": "Grillkorv Klassisk 960g Scan",
    "weightText": "0.96 kg",
    "caPart": "",
    "weightValue": 0.96,
    "weightUnit": "kg",
    "comparePrice": "74,95 kr/kg",
    "currentPrice": 71.95,
    "attributes": [
      "Kött från Sverige",
      "Ursprungsland Sverige"
    ],
    "imgUrl": "https://handlaprivatkund.ica.se/images-v3/bf7a00ca-390e-4769-865f-dc369586872e/03df236e-2d71-486b-bff2-73784f540107/500x500.jpg",
    "productInformation": "Härligt saftiga grillkorvar med tunt skinn som passar perfekt för både grill och stekpanna. Och självklart kommer köttet enbart från svenska gårdar.",
    "countryText": "Sverige",
    "companyText": "Scan",
    "ingrediensText": "INGREDIENSER: Svenskt gris- och nötkött (57%)*, vatten, potatismjöl, fett från gris- och nötkött*, salt, bindväv från gris*, lök, kryddor, koriander, bockhornsklöverfrö, kryddextrakt, jästextrakt, druvsocker, socker, köttextrakt, vegetabiliskt koncentrat, balsamvinäger, surhetsreglerande medel (E330), antioxidationsmedel (E326:E300), konserveringsmedel (E261:E250), kollagentarm, rökarom. *Ursprung: Sverige.",
    "storage": "",
    "allergens": "",
    "usage": "",
    "nutrition": [
      {
        "Näringsvärde": "Energi (kcal)",
        "100 Gram": "250 kcal"
      },
      {
        "Näringsvärde": "Energi (kJ)",
        "100 Gram": "1050 kJ"
      },
      {
        "Näringsvärde": "Fett",
        "100 Gram": "20 g"
      },
      {
        "Näringsvärde": "Varav mättat fett",
        "100 Gram": "7.3 g"
      },
      {
        "Näringsvärde": "Kolhydrat",
        "100 Gram": "9.8 g"
      },
      {
        "Näringsvärde": "Varav sockerarter",
        "100 Gram": "0.5 g"
      },
      {
        "Näringsvärde": "Protein",
        "100 Gram": "9.5 g"
      },
      {
        "Näringsvärde": "Salt",
        "100 Gram": "2.2 g"
      }
    ],
    "nutritionUnitText": "Näringsvärde per 100 gram",
    "categories": {
      "mainCategory": "Kött, Chark & Fågel",
      "subCategories": [
        {
          "name": "Korv",
          "subSubCategories": [
            "Grillkorv"
          ]
        }
      ]
    }
  },
  {
    "name": "Isterband 330g Lithells",
    "weightText": "0.33 kg",
    "caPart": "",
    "weightValue": 0.33,
    "weightUnit": "kg",
    "comparePrice": "84,70 kr/kg",
    "currentPrice": 27.95,
    "attributes": [
      "Kött från Sverige",
      "Ursprungsland Sverige"
    ],
    "imgUrl": "https://handlaprivatkund.ica.se/images-v3/bf7a00ca-390e-4769-865f-dc369586872e/841f234c-6096-47ca-8ebc-a2ae1b832700/500x500.jpg",
    "productInformation": "Isterband med naturskinn som är alspånsrökt",
    "countryText": "Sverige",
    "companyText": "Lithells",
    "ingrediensText": "Griskött* (54%), vatten,KORNgryn, fett från gris*, salt, bindväv från gris*, potatisfiber, lök, vitpeppar, kryddpeppar, socker, antioxidationsmedel (E300), konserveringsmedel (E250). *Fött, uppfött och slaktat i Sverige.",
    "storage": "Förvaras vid högst +8°C",
    "allergens": "",
    "usage": "Öppnad förpackning förvaras i kylskåp 3-5 dagar.",
    "nutrition": [
      {
        "Näringsvärde": "Energi (kcal)",
        "100 Gram": "290 kcal"
      },
      {
        "Näringsvärde": "Energi (kJ)",
        "100 Gram": "1200 kJ"
      },
      {
        "Näringsvärde": "Fett",
        "100 Gram": "24 g"
      },
      {
        "Näringsvärde": "Varav mättat fett",
        "100 Gram": "12 g"
      },
      {
        "Näringsvärde": "Kolhydrat",
        "100 Gram": "9 g"
      },
      {
        "Näringsvärde": "Varav sockerarter",
        "100 Gram": "0.5 g"
      },
      {
        "Näringsvärde": "Protein",
        "100 Gram": "9.7 g"
      },
      {
        "Näringsvärde": "Salt",
        "100 Gram": "2.3 g"
      }
    ],
    "nutritionUnitText": "Näringsvärde per 100 gram",
    "categories": {
      "mainCategory": "Kött, Chark & Fågel",
      "subCategories": [
        {
          "name": "Korv",
          "subSubCategories": [
            "Isterband"
          ]
        }
      ]
    }
  },
  {
    "name": "Blandfärs Färsk 50/50 21% 500g KRAV ICA I love eco",
    "weightText": "0.5 kg",
    "caPart": "",
    "weightValue": 0.5,
    "weightUnit": "kg",
    "comparePrice": "141,90 kr/kg",
    "currentPrice": 70.95,
    "attributes": [
      "EU Ekologiskt",
      "Kött från Sverige",
      "Ursprungsland Sverige",
      "Ekologiskt",
      "KRAV"
    ],
    "imgUrl": "https://handlaprivatkund.ica.se/images-v3/bf7a00ca-390e-4769-865f-dc369586872e/bd9d8074-c35b-4f18-9ff4-b1ce3123f7db/500x500.jpg",
    "productInformation": "",
    "countryText": "Sverige",
    "companyText": "ICA I love eco",
    "ingrediensText": "Finmald färs av nöt** 50% och gris** 50%. **Fött, uppfött, slaktat och styckat i Sverige. Berett (malet) i Sverige 078. ***Genomsnittsvärden för produkten. Saltinnehållet beror uteslutande på naturligt förekommande natrium. Förhållande mellan kollagen och köttprotein lägre än 18%. Fetthalt lägre än 21%.",
    "storage": "",
    "allergens": "",
    "usage": "",
    "nutrition": [
      {
        "Näringsvärde": "Energi (kcal)",
        "100 Gram": "265 kcal"
      },
      {
        "Näringsvärde": "Energi (kJ)",
        "100 Gram": "1100 kJ"
      },
      {
        "Näringsvärde": "Fett",
        "100 Gram": "21 g"
      },
      {
        "Näringsvärde": "Varav mättat fett",
        "100 Gram": "9.2 g"
      },
      {
        "Näringsvärde": "Kolhydrat",
        "100 Gram": "0.5 g"
      },
      {
        "Näringsvärde": "Varav sockerarter",
        "100 Gram": "0.5 g"
      },
      {
        "Näringsvärde": "Protein",
        "100 Gram": "19 g"
      },
      {
        "Näringsvärde": "Salt",
        "100 Gram": "0.2 g"
      }
    ],
    "nutritionUnitText": "Näringsvärde per 100 gram",
    "categories": {
      "mainCategory": "Kött, Chark & Fågel",
      "subCategories": [
        {
          "name": "Köttfärs",
          "subSubCategories": [
            "Blandfärs"
          ]
        }
      ]
    }
  },
  {
    "name": "Gräddleverpastej Ugnsbakad Deli 200g Scan",
    "weightText": "0.2 kg",
    "caPart": "",
    "weightValue": 0.2,
    "weightUnit": "kg",
    "comparePrice": "99,75 kr/kg",
    "currentPrice": 19.95,
    "attributes": [
      "Från Sverige"
    ],
    "imgUrl": "https://handlaprivatkund.ica.se/images-v3/bf7a00ca-390e-4769-865f-dc369586872e/98a84cde-2a5d-4569-ba92-f6f4912ac581/500x500.jpg",
    "productInformation": "Len och krämig pastej med rund och kryddig smak. Prova till förrätt med syrliga tillbehör.",
    "countryText": "",
    "companyText": "Scan",
    "ingrediensText": "Ingredienser: Svensk grislever (35%), fett fläsk, MJÖLK, potatismjöl, GRÄDDE (4%), socker,salt, MJÖLKprotein, lök, druvsocker, kryddor, antioxidationsmedel E300, aromer, konserveringsmedel E250.",
    "storage": "",
    "allergens": "",
    "usage": "",
    "nutrition": [
      {
        "Näringsvärde": "Energi (kcal)",
        "100 Gram": "300 kcal"
      },
      {
        "Näringsvärde": "Energi (kJ)",
        "100 Gram": "1250 kJ"
      },
      {
        "Näringsvärde": "Fett",
        "100 Gram": "24 g"
      },
      {
        "Näringsvärde": "Varav mättat fett",
        "100 Gram": "9 g"
      },
      {
        "Näringsvärde": "Kolhydrat",
        "100 Gram": "8 g"
      },
      {
        "Näringsvärde": "Varav sockerarter",
        "100 Gram": "3 g"
      },
      {
        "Näringsvärde": "Protein",
        "100 Gram": "12 g"
      },
      {
        "Näringsvärde": "Salt",
        "100 Gram": "1.8 g"
      },
      {
        "Näringsvärde": "Järn",
        "100 Gram": "7 mg"
      }
    ],
    "nutritionUnitText": "Näringsvärde per 100 gram",
    "categories": {
      "mainCategory": "Kött, Chark & Fågel",
      "subCategories": [
        {
          "name": "Pålägg",
          "subSubCategories": [
            "Pastej & paté",
            "Pastej"
          ]
        }
      ]
    }
  },
  {
    "name": "Kyckling Grillad 120g Pärsons",
    "weightText": "0.12 kg",
    "caPart": "",
    "weightValue": 0.12,
    "weightUnit": "kg",
    "comparePrice": "245,83 kr/kg",
    "currentPrice": 29.5,
    "attributes": [
      "Nyckelhålet"
    ],
    "imgUrl": "https://handlaprivatkund.ica.se/images-v3/bf7a00ca-390e-4769-865f-dc369586872e/f253709e-4c38-4d7c-9355-f8cdccb03bc6/500x500.jpg",
    "productInformation": "Pärsons Grillad kyckling är smakrika skivor av kycklingfilé, klassiskt grillkryddade med bl a vitlök, peppar och paprika. Vår grillade kyckling är ett gott och lätt pålägg på frukost- eller mellanmålsmackan. Tillsammans med grönsaker i en wrap eller baguette är kycklingen perfekt till utflykten eller till en lätt lunch.",
    "countryText": "Estland",
    "companyText": "Pärsons",
    "ingrediensText": "INGREDIENSER: Kycklingfile* 84%, vatten, koksalt, antioxidationsmedel (E326: E301), kryddor (lök, vitlök, peppar, paprika, chili, koriander), stabiliseringsmedel (E451: E452), potatisstärkelse, druvsocker, potatisfiber, socker, konserveringsmedel (E250).*Ursprung: EU.",
    "storage": "",
    "allergens": "",
    "usage": "",
    "nutrition": [
      {
        "Näringsvärde": "Energi (kcal)",
        "100 Gram": "90 kcal"
      },
      {
        "Näringsvärde": "Energi (kJ)",
        "100 Gram": "375 kJ"
      },
      {
        "Näringsvärde": "Fett",
        "100 Gram": "1 g"
      },
      {
        "Näringsvärde": "Varav mättat fett",
        "100 Gram": "0.4 g"
      },
      {
        "Näringsvärde": "Kolhydrat",
        "100 Gram": "0.9 g"
      },
      {
        "Näringsvärde": "Varav sockerarter",
        "100 Gram": "0.4 g"
      },
      {
        "Näringsvärde": "Protein",
        "100 Gram": "19 g"
      },
      {
        "Näringsvärde": "Salt",
        "100 Gram": "2.4 g"
      }
    ],
    "nutritionUnitText": "Näringsvärde per 100 gram",
    "categories": {
      "mainCategory": "Kött, Chark & Fågel",
      "subCategories": [
        {
          "name": "Pålägg",
          "subSubCategories": [
            "Fågel"
          ]
        }
      ]
    }
  },
  {
    "name": "Blodpudding utan socker 500g Gea´s",
    "weightText": "0.5 kg",
    "caPart": "",
    "weightValue": 0.5,
    "weightUnit": "kg",
    "comparePrice": "29,90 kr/kg",
    "currentPrice": 14.95,
    "attributes": [],
    "imgUrl": "https://handlaprivatkund.ica.se/images-v3/bf7a00ca-390e-4769-865f-dc369586872e/36c97fa6-d5cb-4dd9-99d3-231ec00bf28a/500x500.jpg",
    "productInformation": "",
    "countryText": "",
    "companyText": "Gea s",
    "ingrediensText": "Vatten, fullkornsmjöl av RÅG, VETEmjöl, rapsolja, blodpulver från gris*, bambufiber, salt, kryddor (ingefära, kanel, koriander, kryddpeppar, nejlika, peppar), lök, mejram, potatisfiber, protein från gris, arom, konserveringsmedel (E250).*EU-råvara.",
    "storage": "Kylvara: Högst +8°C",
    "allergens": "",
    "usage": "Öppnad förpackning förvaras högst +8°C 3-5 dagar.",
    "nutrition": [
      {
        "Näringsvärde": "Energi (kcal)",
        "100 Gram": "160 kcal"
      },
      {
        "Näringsvärde": "Energi (kJ)",
        "100 Gram": "650 kJ"
      },
      {
        "Näringsvärde": "Fett",
        "100 Gram": "8 g"
      },
      {
        "Näringsvärde": "Varav mättat fett",
        "100 Gram": "0.6 g"
      },
      {
        "Näringsvärde": "Kolhydrat",
        "100 Gram": "14 g"
      },
      {
        "Näringsvärde": "Varav sockerarter",
        "100 Gram": "0.5 g"
      },
      {
        "Näringsvärde": "Fiber",
        "100 Gram": "6.1 g"
      },
      {
        "Näringsvärde": "Protein",
        "100 Gram": "6.4 g"
      },
      {
        "Näringsvärde": "Salt",
        "100 Gram": "1.4 g"
      },
      {
        "Näringsvärde": "Järn",
        "100 Gram": "13 mg",
        "% av DRI(*)": "93"
      }
    ],
    "nutritionUnitText": "Näringsvärde per 100 gram",
    "categories": {
      "mainCategory": "Kött, Chark & Fågel",
      "subCategories": [
        {
          "name": "Matchark",
          "subSubCategories": [
            "Blodpudding"
          ]
        }
      ]
    }
  },
  {
    "name": "Falukorv Deli 68% Kötthalt 550g Scan",
    "weightText": "0.55 kg",
    "caPart": "",
    "weightValue": 0.55,
    "weightUnit": "kg",
    "comparePrice": "85,36 kr/kg",
    "currentPrice": 46.95,
    "attributes": [
      "Glutenfritt",
      "Kött från Sverige",
      "Ursprungsland Sverige",
      "Laktosfritt"
    ],
    "imgUrl": "https://handlaprivatkund.ica.se/images-v3/bf7a00ca-390e-4769-865f-dc369586872e/3bccc8f7-0056-4bbc-af7e-b367e3599094/500x500.jpg",
    "productInformation": "Vår extra fina falukorv med hög kötthalt, 68%. En klassiskt kryddad falukorv som blir mycket smakrik med den högre kötthalten. Enkel och god att tillaga och passar alla härliga recept som finns för falukorv. Våra korvar innehåller bara svenskt kött från våra gårdar.Denna korv är fri från gluten, laktos, ägg-, soja-, mjölk- och ärtprotein",
    "countryText": "Sverige",
    "companyText": "Scan",
    "ingrediensText": "INGREDIENSER: Svenskt gris- och nötkött (68%)*, vatten, potatismjöl, fett från gris- och nötkött*, druvsocker, salt, lök, kryddor, kryddextrakter (cayenne, muskot), antioxidationsmedel E300, konserveringsmedel E250, rökarom. *Ursprung: Sverige.",
    "storage": "Lägsta förvaringstemperatur 0°C Högsta förvaringstemperatur 8°C",
    "allergens": "",
    "usage": "",
    "nutrition": [
      {
        "Näringsvärde": "Energi (kcal)",
        "100 Gram": "240 kcal"
      },
      {
        "Näringsvärde": "Energi (kJ)",
        "100 Gram": "1000 kJ"
      },
      {
        "Näringsvärde": "Fett",
        "100 Gram": "20 g"
      },
      {
        "Näringsvärde": "Varav mättat fett",
        "100 Gram": "8.2 g"
      },
      {
        "Näringsvärde": "Kolhydrat",
        "100 Gram": "5 g"
      },
      {
        "Näringsvärde": "Varav sockerarter",
        "100 Gram": "0.5 g"
      },
      {
        "Näringsvärde": "Protein",
        "100 Gram": "11 g"
      },
      {
        "Näringsvärde": "Salt",
        "100 Gram": "1.8 g"
      }
    ],
    "nutritionUnitText": "",
    "categories": {
      "mainCategory": "Kött, Chark & Fågel",
      "subCategories": [
        {
          "name": "Korv",
          "subSubCategories": [
            "Falukorv"
          ]
        }
      ]
    }
  },
  {
    "name": "Chicken drumsticks BBQ Fryst 500g Guldfågeln",
    "weightText": "0.5 kg",
    "caPart": "",
    "weightValue": 0.5,
    "weightUnit": "kg",
    "comparePrice": "81,90 kr/kg",
    "currentPrice": 40.95,
    "attributes": [
      "Ursprungsland Sverige",
      "Svensk Fågel"
    ],
    "imgUrl": "https://handlaprivatkund.ica.se/images-v3/bf7a00ca-390e-4769-865f-dc369586872e/cb905d01-ed5b-47f0-ba83-62ef83134d62/500x500.jpg",
    "productInformation": "Färdiggrillade barbecuekryddade kycklingben. Klara att äta som de är och passar som tillbehör på buffén. Värm i ugn eller mikrougn.",
    "countryText": "Sverige",
    "companyText": "Guldfågeln",
    "ingrediensText": "INGREDIENSER:Kycklingben, druvsocker, kryddor och kryddextrakter (cayenne, chili, basilika, gurkmeja, oregano, paprika,persilja, peppar, libbsticka, rosmarin, spiskummin, vitlök), rapsolja, salt, lök, tomat, kycklingbuljong, glukossirap,citronpulver, naturlig arom, surhetsreglerande medel citronsyraTill 100 g produkt har använts 120 g kycklingben",
    "storage": "",
    "allergens": "",
    "usage": "",
    "nutrition": [
      {
        "Näringsvärde": "Energi (kcal)",
        "100 Gram": "190 kcal"
      },
      {
        "Näringsvärde": "Energi (kJ)",
        "100 Gram": "800 kJ"
      },
      {
        "Näringsvärde": "Fett",
        "100 Gram": "10 g"
      },
      {
        "Näringsvärde": "Varav mättat fett",
        "100 Gram": "3.3 g"
      },
      {
        "Näringsvärde": "Kolhydrat",
        "100 Gram": "3 g"
      },
      {
        "Näringsvärde": "Varav sockerarter",
        "100 Gram": "1.5 g"
      },
      {
        "Näringsvärde": "Protein",
        "100 Gram": "21 g"
      },
      {
        "Näringsvärde": "Salt",
        "100 Gram": "1.6 g"
      }
    ],
    "nutritionUnitText": "Näringsvärde per 100 gram",
    "categories": {
      "mainCategory": "Kött, Chark & Fågel",
      "subCategories": [
        {
          "name": "Kyckling & Fågel",
          "subSubCategories": [
            "Förberedd fågel",
            "Förberedd fågel, fryst"
          ]
        }
      ]
    }
  },
  {
    "name": "Skinka Lufttorkad Prosciutto di Parma 70g ICA",
    "weightText": "0.07 kg",
    "caPart": "",
    "weightValue": 0.07,
    "weightUnit": "kg",
    "comparePrice": "707,14 kr/kg",
    "currentPrice": 49.5,
    "attributes": [],
    "imgUrl": "https://handlaprivatkund.ica.se/images-v3/bf7a00ca-390e-4769-865f-dc369586872e/fdc22686-9b76-4502-98c4-1337b2e393ae/500x500.jpg",
    "productInformation": "ICA Prosciutto di Parma är en italiensk lufttorkad skinka med välbalanserad sälta som är lagrad i 13 månader. Perfekt till charkbrickan eller varför inte på pizzan. É perfetto!",
    "countryText": "",
    "companyText": "ICA",
    "ingrediensText": "INGREDIENSER: Skinka av gris* (helmuskel), salt.*Fött, uppfött och slaktat i Italien. Till100g färdig produkt har 140gköttråvara använts",
    "storage": "",
    "allergens": "",
    "usage": "",
    "nutrition": [
      {
        "Näringsvärde": "Energi (kcal)",
        "100 Gram": "250 kcal"
      },
      {
        "Näringsvärde": "Energi (kJ)",
        "100 Gram": "1050 kJ"
      },
      {
        "Näringsvärde": "Fett",
        "100 Gram": "15 g"
      },
      {
        "Näringsvärde": "Varav mättat fett",
        "100 Gram": "5 g"
      },
      {
        "Näringsvärde": "Kolhydrat",
        "100 Gram": "0.5 g"
      },
      {
        "Näringsvärde": "Varav sockerarter",
        "100 Gram": "0.5 g"
      },
      {
        "Näringsvärde": "Protein",
        "100 Gram": "28 g"
      },
      {
        "Näringsvärde": "Salt",
        "100 Gram": "5 g"
      }
    ],
    "nutritionUnitText": "Näringsvärde per 100 gram",
    "categories": {
      "mainCategory": "Kött, Chark & Fågel",
      "subCategories": [
        {
          "name": "Delikatesschark",
          "subSubCategories": [
            "Lufttorkad skinka"
          ]
        }
      ]
    }
  },
  {
    "name": "Röd Hot Dog pölser 375g Göl",
    "weightText": "0.375 kg",
    "caPart": "",
    "weightValue": 0.375,
    "weightUnit": "kg",
    "comparePrice": "133,20 kr/kg",
    "currentPrice": 49.95,
    "attributes": [],
    "imgUrl": "https://handlaprivatkund.ica.se/images-v3/bf7a00ca-390e-4769-865f-dc369586872e/0dd26bbf-1ab4-47e9-89dd-6c3c3a96b651/500x500.jpg",
    "productInformation": "Gol Röda Hot Dog Pölser är milt kryddade. En kokkorv som du kan äta som den är och doppa i ketchup och senap eller till hemlagat potatismos.",
    "countryText": "",
    "companyText": "Göl",
    "ingrediensText": "Ingredienser: Griskött (80%), vatten, SOJAPROTEIN, salt, potatisstärkelse, lök, druvsocker, stabiliseringsmedel (E 451), torkad glukossirap, kryddor, jästextrakt, kryddextrakt, antioxidationsmedel (E 301), konserveringsmedel (E 250), färgämnen (E 120, E160b(ii), lammtarm.",
    "storage": "",
    "allergens": "",
    "usage": "",
    "nutrition": [
      {
        "Näringsvärde": "Energi (kcal)",
        "100 Gram": "286 kcal"
      },
      {
        "Näringsvärde": "Energi (kJ)",
        "100 Gram": "1186 kJ"
      },
      {
        "Näringsvärde": "Fett",
        "100 Gram": "24 g"
      },
      {
        "Näringsvärde": "Varav mättat fett",
        "100 Gram": "9.6 g"
      },
      {
        "Näringsvärde": "Kolhydrat",
        "100 Gram": "3.5 g"
      },
      {
        "Näringsvärde": "Varav sockerarter",
        "100 Gram": "0.9 g"
      },
      {
        "Näringsvärde": "Protein",
        "100 Gram": "14 g"
      },
      {
        "Näringsvärde": "Salt",
        "100 Gram": "2.4 g"
      }
    ],
    "nutritionUnitText": "Näringsvärde per 100 gram",
    "categories": {
      "mainCategory": "Kött, Chark & Fågel",
      "subCategories": [
        {
          "name": "Korv",
          "subSubCategories": [
            "Varmkorv"
          ]
        }
      ]
    }
  },
  {
    "name": "Kyckling Färsk Hel ca 1,1kg ICA Gott Liv",
    "weightText": "Ca 1.1 kg",
    "caPart": "Ca",
    "weightValue": 1.1,
    "weightUnit": "kg",
    "comparePrice": "56,95 kr/kg",
    "currentPrice": 62.65,
    "attributes": [
      "Nyckelhålet",
      "Ursprungsland Sverige",
      "Svensk Fågel"
    ],
    "imgUrl": "https://handlaprivatkund.ica.se/images-v3/bf7a00ca-390e-4769-865f-dc369586872e/fbbf8b1d-6126-4d97-97ae-6197f1b5bfcb/500x500.jpg",
    "productInformation": "ICA Gott liv Hel kyckling inbjuder till mängder av middagstips. Du kan till exempel helsteka den i ugnen för en klassisk söndagsmiddag eller skära ut alla delar och köra en friterad-kyckling-kväll! Om du verkligen vill använda hela kycklingen – och samtidigt imponera stort på kommande middagsgäster – kan du använda det som blir över efter att du har styckat den till att göra en egen fond. Det är faktiskt jätteenkelt: du kokar upp skrovet i vatten tillsammans med smakrika grönsaker som lök, morot, rotselleri, vitlök, kryddväxter och lagerblad. Det behöver inte vara några snygga bitar, ta det som blev över när du lagade mat sist. Glöm inte att salta och peppra. Sjud och skumma av under cirka 4 timmar och sila av. Enkelt och kreddigt på samma gång.",
    "countryText": "Sverige",
    "companyText": "ICA Gott Liv",
    "ingrediensText": "Hel kyckling utan inkråm. Född, uppfödd, slaktad i Sverige.",
    "storage": "Kylvara. Förvaras vid högst +4°C.Sista förbrukningsdag: Se datumstämpel.Sista förbrukningsdag gäller vid obrutenförpackning. Lägsta förvaringstemperatur 2°C Högsta förvaringstemperatur 4°C",
    "allergens": "",
    "usage": "",
    "nutrition": [
      {
        "Näringsvärde": "Energi (kcal)",
        "100 Gram": "140 kcal"
      },
      {
        "Näringsvärde": "Energi (kJ)",
        "100 Gram": "600 kJ"
      },
      {
        "Näringsvärde": "Fett",
        "100 Gram": "6.6 g"
      },
      {
        "Näringsvärde": "Varav mättat fett",
        "100 Gram": "1.7 g"
      },
      {
        "Näringsvärde": "Kolhydrat",
        "100 Gram": "0.5 g"
      },
      {
        "Näringsvärde": "Varav sockerarter",
        "100 Gram": "0.5 g"
      },
      {
        "Näringsvärde": "Protein",
        "100 Gram": "21 g"
      },
      {
        "Näringsvärde": "Salt",
        "100 Gram": "0.2 g"
      }
    ],
    "nutritionUnitText": "Näringsvärde per 100 gram",
    "categories": {
      "mainCategory": "Kött, Chark & Fågel",
      "subCategories": [
        {
          "name": "Kyckling & Fågel",
          "subSubCategories": [
            "Hel kyckling",
            "Hel kyckling, färsk"
          ]
        }
      ]
    }
  },
  {
    "name": "Bacon Tärnad 350g ICA",
    "weightText": "0.35 kg",
    "caPart": "",
    "weightValue": 0.35,
    "weightUnit": "kg",
    "comparePrice": "117,00 kr/kg",
    "currentPrice": 40.95,
    "attributes": [
      "Kött från Sverige",
      "Ursprungsland Sverige"
    ],
    "imgUrl": "https://handlaprivatkund.ica.se/images-v3/bf7a00ca-390e-4769-865f-dc369586872e/5c5149fa-3bd9-44de-8973-c6b6c231de23/500x500.jpg",
    "productInformation": "ICA Tärnat bacon är fina tärningar med rökig smak och tydlig sälta, tillverkat i Halmstad på svenskt kött. Stek och blanda som en extra krydda i sallader och pastarätter.",
    "countryText": "Sverige",
    "companyText": "ICA",
    "ingrediensText": "Ingredienser:Griskött* 95%, salt, antioxidationsmedel (E301, E331), glukossirap, konserveringsmedel (E250). *Fött, uppfött och slaktat i Sverige.",
    "storage": "Lägsta förvaringstemperatur 0°C Högsta förvaringstemperatur 8°C",
    "allergens": "",
    "usage": "",
    "nutrition": [
      {
        "Näringsvärde": "Energi (kcal)",
        "100 Gram": "259 kcal"
      },
      {
        "Näringsvärde": "Energi (kJ)",
        "100 Gram": "1075 kJ"
      },
      {
        "Näringsvärde": "Fett",
        "100 Gram": "21 g"
      },
      {
        "Näringsvärde": "Varav mättat fett",
        "100 Gram": "8 g"
      },
      {
        "Näringsvärde": "Kolhydrat",
        "100 Gram": "0.5 g"
      },
      {
        "Näringsvärde": "Varav sockerarter",
        "100 Gram": "0.5 g"
      },
      {
        "Näringsvärde": "Protein",
        "100 Gram": "17 g"
      },
      {
        "Näringsvärde": "Salt",
        "100 Gram": "2.2 g"
      }
    ],
    "nutritionUnitText": "",
    "categories": {
      "mainCategory": "Kött, Chark & Fågel",
      "subCategories": [
        {
          "name": "Matchark",
          "subSubCategories": [
            "Bacon & stekfläsk"
          ]
        }
      ]
    }
  },
  {
    "name": "Cognacsmedwurst 160g Pärsons",
    "weightText": "0.16 kg",
    "caPart": "",
    "weightValue": 0.16,
    "weightUnit": "kg",
    "comparePrice": "184,38 kr/kg",
    "currentPrice": 29.5,
    "attributes": [
      "Kött från Sverige"
    ],
    "imgUrl": "https://handlaprivatkund.ica.se/images-v3/bf7a00ca-390e-4769-865f-dc369586872e/a20e3b2d-91c6-4bfe-91d5-d5bb3f5dba59/500x500.jpg",
    "productInformation": "",
    "countryText": "",
    "companyText": "Pärsons",
    "ingrediensText": "INGREDIENSER: Svenskt gris- och nötkött* (64%), fett från gris*, socker*, MJÖLKPULVER*, salt, potatisflingor, MJÖLKPROTEIN, cognac, cognacsarom, vitpeppar, ingefära, konserveringsmedel (E250), färgämne (E120), antioxidationsmedel (E300). Kallrökt. *Ursprung: Sverige.",
    "storage": "",
    "allergens": "",
    "usage": "",
    "nutrition": [
      {
        "Näringsvärde": "Energi (kcal)",
        "100 Gram": "410 kcal"
      },
      {
        "Näringsvärde": "Energi (kJ)",
        "100 Gram": "1700 kJ"
      },
      {
        "Näringsvärde": "Fett",
        "100 Gram": "36 g"
      },
      {
        "Näringsvärde": "Varav mättat fett",
        "100 Gram": "15 g"
      },
      {
        "Näringsvärde": "Kolhydrat",
        "100 Gram": "8 g"
      },
      {
        "Näringsvärde": "Varav sockerarter",
        "100 Gram": "5.7 g"
      },
      {
        "Näringsvärde": "Protein",
        "100 Gram": "13 g"
      },
      {
        "Näringsvärde": "Salt",
        "100 Gram": "3 g"
      }
    ],
    "nutritionUnitText": "Näringsvärde per 100 gram",
    "categories": {
      "mainCategory": "Kött, Chark & Fågel",
      "subCategories": [
        {
          "name": "Pålägg",
          "subSubCategories": [
            "Påläggskorv"
          ]
        }
      ]
    }
  },
  {
    "name": "Kamben BBQ 475 g ICA",
    "weightText": "0.475 kg",
    "caPart": "",
    "weightValue": 0.475,
    "weightUnit": "kg",
    "comparePrice": "155,68 kr/kg",
    "currentPrice": 73.95,
    "attributes": [
      "Kött från Sverige",
      "Ursprungsland Sverige"
    ],
    "imgUrl": "https://handlaprivatkund.ica.se/images-v3/bf7a00ca-390e-4769-865f-dc369586872e/464c30bb-6ddb-4044-a509-204409223bb2/500x500.jpg",
    "productInformation": "",
    "countryText": "Sverige",
    "companyText": "ICA",
    "ingrediensText": "Ingredienser: Kamben: Kamben av gris*, rapsolja, kryddor (paprika, chilipeppar, spiskummin, oregano, chipotlechili, svartpeppar), havssalt, druvsocker, paprikaflakes, socker, vitlök, rökarom, karamelliserat socker.*Fött, uppfött och slaktat i Sverige. BBQ-glaze: Vatten, tomatpuré, farinsocker, socker, ättika, äppeljuice, salt, kryddor (anchochili, paprikapulver, chilipeppar, spiskummin, oregano, cayennepeppar), senap (SENAPSFRÖ, socker, ättika, salt, kryddor, surhetsreglerande medel (E330)), modifierad potatisstärkelse, lök, färgämne (E150c), vitlök, rökextrakt (ek, hickory), stabiliseringsmedel (E415), konserveringsmedel (E211, E202), surhetsreglerande medel (E296), citronjuicepulver, kryddextrakt (anchochili).",
    "storage": "",
    "allergens": "",
    "usage": "",
    "nutrition": [
      {
        "Näringsvärde": "Energi (kcal)",
        "100 Gram": "203 kcal"
      },
      {
        "Näringsvärde": "Energi (kJ)",
        "100 Gram": "847 kJ"
      },
      {
        "Näringsvärde": "Fett",
        "100 Gram": "13 g"
      },
      {
        "Näringsvärde": "Varav mättat fett",
        "100 Gram": "4.8 g"
      },
      {
        "Näringsvärde": "Kolhydrat",
        "100 Gram": "7.5 g"
      },
      {
        "Näringsvärde": "Varav sockerarter",
        "100 Gram": "6.2 g"
      },
      {
        "Näringsvärde": "Protein",
        "100 Gram": "14 g"
      },
      {
        "Näringsvärde": "Salt",
        "100 Gram": "1.1 g"
      }
    ],
    "nutritionUnitText": "Näringsvärde per 100 gram",
    "categories": {
      "mainCategory": "Kött, Chark & Fågel",
      "subCategories": [
        {
          "name": "Kött",
          "subSubCategories": [
            "Fläsk",
            "Färdigkryddat fläskkött"
          ]
        }
      ]
    }
  },
  {
    "name": "Rökt Skinka 300g ICA Basic",
    "weightText": "0.3 kg",
    "caPart": "",
    "weightValue": 0.3,
    "weightUnit": "kg",
    "comparePrice": "81,67 kr/kg",
    "currentPrice": 24.5,
    "attributes": [
      "Nyckelhålet",
      "Kött från Sverige"
    ],
    "imgUrl": "https://handlaprivatkund.ica.se/images-v3/bf7a00ca-390e-4769-865f-dc369586872e/5db43b59-2d77-4db0-a41a-9d18b725fccb/500x500.jpg",
    "productInformation": "ICA Basic rökt Skinka är en svensk, rökt och skivad skinka som passar både på smörgåsen och i matlagningen.",
    "countryText": "",
    "companyText": "ICA Basic",
    "ingrediensText": "Ingredienser: Skinka av gris* 82% (skinkbitar), vatten, salt, stabiliseringsmedel (E450), socker,antioxidationsmedel (E301), konsarveringsmedel (E250). *Fött, uppfött och slaktat i Sverige.",
    "storage": "Lägsta förvaringstemperatur 0°C Högsta förvaringstemperatur 8°C",
    "allergens": "",
    "usage": "",
    "nutrition": [
      {
        "Näringsvärde": "Energi (kcal)",
        "100 Gram": "98 kcal"
      },
      {
        "Näringsvärde": "Energi (kJ)",
        "100 Gram": "410 kJ"
      },
      {
        "Näringsvärde": "Fett",
        "100 Gram": "2.5 g"
      },
      {
        "Näringsvärde": "Varav mättat fett",
        "100 Gram": "0.8 g"
      },
      {
        "Näringsvärde": "Kolhydrat",
        "100 Gram": "1 g"
      },
      {
        "Näringsvärde": "Varav sockerarter",
        "100 Gram": "0.5 g"
      },
      {
        "Näringsvärde": "Protein",
        "100 Gram": "18 g"
      },
      {
        "Näringsvärde": "Salt",
        "100 Gram": "2.1 g"
      },
      {
        "Näringsvärde": "Järn",
        "100 Gram": "0 mg"
      },
      {
        "Näringsvärde": "Natrium",
        "100 Gram": "0 mg"
      }
    ],
    "nutritionUnitText": "",
    "categories": {
      "mainCategory": "Kött, Chark & Fågel",
      "subCategories": [
        {
          "name": "Pålägg",
          "subSubCategories": [
            "Skinka"
          ]
        }
      ]
    }
  },
  {
    "name": "Skinka Basturökt Tunna Skivor 150g Pärsons",
    "weightText": "0.15 kg",
    "caPart": "",
    "weightValue": 0.15,
    "weightUnit": "kg",
    "comparePrice": "253,00 kr/kg",
    "currentPrice": 37.95,
    "attributes": [
      "Nyckelhålet",
      "Kött från Sverige",
      "Ursprungsland Sverige"
    ],
    "imgUrl": "https://handlaprivatkund.ica.se/images-v3/bf7a00ca-390e-4769-865f-dc369586872e/20b7efa4-5d27-47d4-8d0c-c8c1c54e25e0/500x500.jpg",
    "productInformation": "Rökt skinka i tunna skivor som passar både till frukost, varma mackor eller på en hemlagad pizza med tomatsås, oregano och ost.",
    "countryText": "Sverige",
    "companyText": "Pärsons",
    "ingrediensText": "INGREDIENSER: Svensk skinka (skinkbitar 90%), koksalt, antioxidationsmedel (E326: E301: E331), druvsocker, socker, stabiliseringsmedel (E452), konserveringsmedel (E250), rökarom. Varmrökt.",
    "storage": "",
    "allergens": "",
    "usage": "",
    "nutrition": [
      {
        "Näringsvärde": "Energi (kcal)",
        "100 Gram": "90 kcal"
      },
      {
        "Näringsvärde": "Energi (kJ)",
        "100 Gram": "390 kJ"
      },
      {
        "Näringsvärde": "Fett",
        "100 Gram": "3 g"
      },
      {
        "Näringsvärde": "Varav mättat fett",
        "100 Gram": "1.4 g"
      },
      {
        "Näringsvärde": "Kolhydrat",
        "100 Gram": "1 g"
      },
      {
        "Näringsvärde": "Varav sockerarter",
        "100 Gram": "0.8 g"
      },
      {
        "Näringsvärde": "Protein",
        "100 Gram": "18 g"
      },
      {
        "Näringsvärde": "Salt",
        "100 Gram": "2.5 g"
      }
    ],
    "nutritionUnitText": "Näringsvärde per 100 gram",
    "categories": {
      "mainCategory": "Kött, Chark & Fågel",
      "subCategories": [
        {
          "name": "Pålägg",
          "subSubCategories": [
            "Skinka"
          ]
        }
      ]
    }
  },
  {
    "name": "Grillkorv 400g ICA Basic",
    "weightText": "0.4 kg",
    "caPart": "",
    "weightValue": 0.4,
    "weightUnit": "kg",
    "comparePrice": "49,88 kr/kg",
    "currentPrice": 19.95,
    "attributes": [
      "Glutenfritt",
      "Laktosfritt"
    ],
    "imgUrl": "https://handlaprivatkund.ica.se/images-v3/bf7a00ca-390e-4769-865f-dc369586872e/63afccc3-3068-4bc2-9887-5e844c6b7f8c/500x500.jpg",
    "productInformation": "Grillkorv som smakar bäst om den grillas i 3-4 minuter nära värmekällan. Passar även att steka i stekpanna på medelvärme. Vänd några gånger.",
    "countryText": "",
    "companyText": "ICA Basic",
    "ingrediensText": "Griskött* 34%, vatten, potatismjöl, fett från gris*, bindväv från gris*, salt, antioxidationsmedel (E300, E326), druvsocker, potatisfiber, svartpeppar, lökpulver, kryddextrakt (svartpeppar, koriander), konserveringsmedel (E261, E250), rökarom.*Fött, uppfött, slaktat i EU.",
    "storage": "Kylvara. Förvaras vid max +8°C",
    "allergens": "",
    "usage": "",
    "nutrition": [
      {
        "Näringsvärde": "Energi (kcal)",
        "100 Gram": "245 kcal"
      },
      {
        "Näringsvärde": "Energi (kJ)",
        "100 Gram": "1018 kJ"
      },
      {
        "Näringsvärde": "Fett",
        "100 Gram": "18 g"
      },
      {
        "Näringsvärde": "Varav mättat fett",
        "100 Gram": "7 g"
      },
      {
        "Näringsvärde": "Kolhydrat",
        "100 Gram": "14 g"
      },
      {
        "Näringsvärde": "Varav sockerarter",
        "100 Gram": "0.8 g"
      },
      {
        "Näringsvärde": "Protein",
        "100 Gram": "6.7 g"
      },
      {
        "Näringsvärde": "Salt",
        "100 Gram": "1.9 g"
      }
    ],
    "nutritionUnitText": "Näringsvärde per 100 gram",
    "categories": {
      "mainCategory": "Kött, Chark & Fågel",
      "subCategories": [
        {
          "name": "Korv",
          "subSubCategories": [
            "Glutenfri korv"
          ]
        }
      ]
    }
  },
  {
    "name": "Salami Napoli 70g ICA",
    "weightText": "0.07 kg",
    "caPart": "",
    "weightValue": 0.07,
    "weightUnit": "kg",
    "comparePrice": "335,71 kr/kg",
    "currentPrice": 23.5,
    "attributes": [],
    "imgUrl": "https://handlaprivatkund.ica.se/images-v3/bf7a00ca-390e-4769-865f-dc369586872e/dc55bf09-4c2b-4698-9a4d-dc3f3ab4bdb4/500x500.jpg",
    "productInformation": "ICA Salami Napoli är en kryddig Italiensk lyfttorkad korv med inslag av svartpeppar. Passar lika bra på färsk baguette med lite olivolja som topping på pizzan!",
    "countryText": "",
    "companyText": "ICA",
    "ingrediensText": "Griskött*, salt, druvsocker, kryddor (vitpeppar, svartpeppar, kanel, muskot, muskotblomma, koriander, kryddnejlika, stjärnanis, enbär, rosmarin, kummin, lagerblad), antioxidationsmedel (E301), konserveringsmedel (E252, E250), torkad vitlök, mjölksyrakultur. *Fött, uppfött och slaktat i Italien. Till 100g färdig produkt har 146g köttråvara använts.",
    "storage": "",
    "allergens": "",
    "usage": "",
    "nutrition": [],
    "nutritionUnitText": "Näringsvärde per styck",
    "categories": {
      "mainCategory": "Kött, Chark & Fågel",
      "subCategories": [
        {
          "name": "Delikatesschark",
          "subSubCategories": [
            "Salami delikatess"
          ]
        }
      ]
    }
  },
  {
    "name": "Extra fina köttbullar 500g ICA",
    "weightText": "0.5 kg",
    "caPart": "",
    "weightValue": 0.5,
    "weightUnit": "kg",
    "comparePrice": "129,90 kr/kg",
    "currentPrice": 64.95,
    "attributes": [
      "Kött från Sverige",
      "Ursprungsland Sverige"
    ],
    "imgUrl": "https://handlaprivatkund.ica.se/images-v3/bf7a00ca-390e-4769-865f-dc369586872e/150e9ba5-3b1c-4baf-8d69-7e5993c4c161/500x500.jpg",
    "productInformation": "ICA Extra fina Köttbullar är saftiga med fyllig smak för de extra goda tillfällena. Ät som du vill eller varför inte med potatismos, rårörda lingon och gräddsås.",
    "countryText": "Sverige",
    "companyText": "ICA",
    "ingrediensText": "INGREDIENSER: Gris*- och nötkött* 85%, potatis, potatisstärkelse, potatisflingor, druvsocker, salt, lök, svartpeppar, potatisfiber, kryddextrakt. Friterade i animaliskt fett. *Fött, uppfött och slaktat i Sverige.",
    "storage": "",
    "allergens": "",
    "usage": "",
    "nutrition": [
      {
        "Näringsvärde": "Energi (kcal)",
        "100 Gram": "245 kcal"
      },
      {
        "Näringsvärde": "Energi (kJ)",
        "100 Gram": "1020 kJ"
      },
      {
        "Näringsvärde": "Fett",
        "100 Gram": "17 g"
      },
      {
        "Näringsvärde": "Varav mättat fett",
        "100 Gram": "7.2 g"
      },
      {
        "Näringsvärde": "Kolhydrat",
        "100 Gram": "8 g"
      },
      {
        "Näringsvärde": "Varav sockerarter",
        "100 Gram": "1.7 g"
      },
      {
        "Näringsvärde": "Protein",
        "100 Gram": "15 g"
      },
      {
        "Näringsvärde": "Salt",
        "100 Gram": "1.7 g"
      }
    ],
    "nutritionUnitText": "Näringsvärde per 100 gram",
    "categories": {
      "mainCategory": "Jul",
      "subCategories": [
        {
          "name": "Julmat",
          "subSubCategories": [
            "Korv, Köttbullar & Rödbetssallad",
            "Köttbullar & Rödbetssallad"
          ]
        }
      ]
    }
  },
  {
    "name": "Falukorv 85% Kötthalt 500g Härryda Karlsson",
    "weightText": "0.5 kg",
    "caPart": "",
    "weightValue": 0.5,
    "weightUnit": "kg",
    "comparePrice": "99,90 kr/kg",
    "currentPrice": 49.95,
    "attributes": [],
    "imgUrl": "https://handlaprivatkund.ica.se/images-v3/bf7a00ca-390e-4769-865f-dc369586872e/24a46677-d4e2-4087-981d-1c391be1ae7e/500x500.jpg",
    "productInformation": "Korvskinn ej ätbart",
    "countryText": "",
    "companyText": "Härryda Karlsson",
    "ingrediensText": "Ingredienser: Griskött* , vatten, potatismjöl, socker, salt, stabiliseringsmedel (E450), lök, vitpeppar, kryddextrakt, antioxidationsmedel (askorbinsyra), konserveringsmedel (natriumnitrit). *Svenskt kött.",
    "storage": "Högsta förvaringstemperatur 7°C",
    "allergens": "",
    "usage": "",
    "nutrition": [
      {
        "Näringsvärde": "Energi (kcal)",
        "100 Gram": "277 kcal"
      },
      {
        "Näringsvärde": "Energi (kJ)",
        "100 Gram": "1161 kJ"
      },
      {
        "Näringsvärde": "Fett",
        "100 Gram": "21 g"
      },
      {
        "Näringsvärde": "Varav mättat fett",
        "100 Gram": "9.6 g"
      },
      {
        "Näringsvärde": "Kolhydrat",
        "100 Gram": "4.3 g"
      },
      {
        "Näringsvärde": "Varav sockerarter",
        "100 Gram": "1.7 g"
      },
      {
        "Näringsvärde": "Protein",
        "100 Gram": "13 g"
      },
      {
        "Näringsvärde": "Salt",
        "100 Gram": "2.2 g"
      }
    ],
    "nutritionUnitText": "Näringsvärde per 100 gram",
    "categories": {
      "mainCategory": "Kött, Chark & Fågel",
      "subCategories": [
        {
          "name": "Korv",
          "subSubCategories": [
            "Falukorv"
          ]
        }
      ]
    }
  },
  {
    "name": "Kyckling Gyros 600g Guldfågeln",
    "weightText": "0.6 kg",
    "caPart": "",
    "weightValue": 0.6,
    "weightUnit": "kg",
    "comparePrice": "151,58 kr/kg",
    "currentPrice": 90.95,
    "attributes": [
      "Nyckelhålet",
      "Ursprungsland Sverige",
      "Svensk Fågel"
    ],
    "imgUrl": "https://handlaprivatkund.ica.se/images-v3/bf7a00ca-390e-4769-865f-dc369586872e/4c7c6156-03ee-41ce-8f2e-0676e279816c/500x500.jpg",
    "productInformation": "",
    "countryText": "Sverige",
    "companyText": "Guldfågeln",
    "ingrediensText": "Kycklinglårfilé,salt, kryddor (chili, koriander, oregano, paprika, peppar,spiskummin, vitlök), lök, jästextrakt, modifierad stärkelse, rosmarinextrakt, druvsocker, surhetsreglerande medel (citronsyra, natriumaskorbat)Till 100 g produkt har använts 100g kycklinglårfilé.",
    "storage": "",
    "allergens": "",
    "usage": "",
    "nutrition": [
      {
        "Näringsvärde": "Energi (kcal)",
        "100 Gram": "180 kcal"
      },
      {
        "Näringsvärde": "Energi (kJ)",
        "100 Gram": "750 kJ"
      },
      {
        "Näringsvärde": "Fett",
        "100 Gram": "10 g"
      },
      {
        "Näringsvärde": "Varav mättat fett",
        "100 Gram": "3.3 g"
      },
      {
        "Näringsvärde": "Kolhydrat",
        "100 Gram": "1.5 g"
      },
      {
        "Näringsvärde": "Varav sockerarter",
        "100 Gram": "0.5 g"
      },
      {
        "Näringsvärde": "Protein",
        "100 Gram": "19 g"
      },
      {
        "Näringsvärde": "Salt",
        "100 Gram": "1.5 g"
      }
    ],
    "nutritionUnitText": "Näringsvärde per 100 gram",
    "categories": {
      "mainCategory": "Kött, Chark & Fågel",
      "subCategories": [
        {
          "name": "Kyckling & Fågel",
          "subSubCategories": [
            "Förberedd fågel",
            "Förberedd fågel, fryst"
          ]
        }
      ]
    }
  },
  {
    "name": "Kycklinginnerfilé Färsk 600g ICA Gott Liv",
    "weightText": "0.6 kg",
    "caPart": "",
    "weightValue": 0.6,
    "weightUnit": "kg",
    "comparePrice": "144,92 kr/kg",
    "currentPrice": 86.95,
    "attributes": [
      "Nyckelhålet",
      "Ursprungsland Sverige",
      "Svensk Fågel"
    ],
    "imgUrl": "https://handlaprivatkund.ica.se/images-v3/bf7a00ca-390e-4769-865f-dc369586872e/31a6a9d4-a548-490d-bf05-b90dece422cd/500x500.jpg",
    "productInformation": "Kycklinginnerfile utmärkt att steka, grilla eller woka.",
    "countryText": "Sverige",
    "companyText": "ICA Gott Liv",
    "ingrediensText": "Kycklinginnerfilé av bröst*. *Född, uppfödd, och slaktad i Sverige.",
    "storage": "Högst +4°C sista förbrukningsdag gäller obruten förpackning.",
    "allergens": "",
    "usage": "Öppnad förpackning hållbar 2 dagar vid högst +4°C.",
    "nutrition": [
      {
        "Näringsvärde": "Energi (kcal)",
        "100 Gram": "105 kcal"
      },
      {
        "Näringsvärde": "Energi (kJ)",
        "100 Gram": "437 kJ"
      },
      {
        "Näringsvärde": "Fett",
        "100 Gram": "1.2 g"
      },
      {
        "Näringsvärde": "Varav mättat fett",
        "100 Gram": "0.5 g"
      },
      {
        "Näringsvärde": "Kolhydrat",
        "100 Gram": "0.5 g"
      },
      {
        "Näringsvärde": "Varav sockerarter",
        "100 Gram": "0 g"
      },
      {
        "Näringsvärde": "Protein",
        "100 Gram": "23 g"
      },
      {
        "Näringsvärde": "Salt",
        "100 Gram": "0.16 g"
      }
    ],
    "nutritionUnitText": "Näringsvärde per 100 gram",
    "categories": {
      "mainCategory": "Kött, Chark & Fågel",
      "subCategories": [
        {
          "name": "Kyckling & Fågel",
          "subSubCategories": [
            "Kycklingfilé",
            "Kycklingfilé, färsk"
          ]
        }
      ]
    }
  },
  {
    "name": "Kycklingbröstfiléer Fryst 2kg Guldfågeln",
    "weightText": "2 kg",
    "caPart": "",
    "weightValue": 2,
    "weightUnit": "kg",
    "comparePrice": "106,50 kr/kg",
    "currentPrice": 213,
    "attributes": [
      "Ursprungsland Sverige",
      "Svensk Fågel"
    ],
    "imgUrl": "https://handlaprivatkund.ica.se/images-v3/bf7a00ca-390e-4769-865f-dc369586872e/7ec1999c-9908-444e-95ff-e91592731d5c/500x500.jpg",
    "productInformation": "Styckfrysta, mörade kycklingbröstfiléer. Stek eller grilla filéerna inlindade i bacon. Servera med klyft- eller bakpotatis, grönsaker och en god sås.",
    "countryText": "Sverige",
    "companyText": "Guldfågeln",
    "ingrediensText": "Kycklingbröstfilé (87%), vatten, salt, socker.",
    "storage": "",
    "allergens": "",
    "usage": "",
    "nutrition": [
      {
        "Näringsvärde": "Energi (kcal)",
        "100 Gram": "100 kcal"
      },
      {
        "Näringsvärde": "Energi (kJ)",
        "100 Gram": "430 kJ"
      },
      {
        "Näringsvärde": "Fett",
        "100 Gram": "2 g"
      },
      {
        "Näringsvärde": "Varav mättat fett",
        "100 Gram": "0.7 g"
      },
      {
        "Näringsvärde": "Kolhydrat",
        "100 Gram": "0.5 g"
      },
      {
        "Näringsvärde": "Varav sockerarter",
        "100 Gram": "0.5 g"
      },
      {
        "Näringsvärde": "Protein",
        "100 Gram": "21 g"
      },
      {
        "Näringsvärde": "Salt",
        "100 Gram": "0.7 g"
      }
    ],
    "nutritionUnitText": "Näringsvärde per 100 gram",
    "categories": {
      "mainCategory": "Kött, Chark & Fågel",
      "subCategories": [
        {
          "name": "Kyckling & Fågel",
          "subSubCategories": [
            "Kycklingfilé"
          ]
        }
      ]
    }
  },
  {
    "name": "Kycklingfärs 800g ICA Gott Liv",
    "weightText": "0.8 kg",
    "caPart": "",
    "weightValue": 0.8,
    "weightUnit": "kg",
    "comparePrice": "92,44 kr/kg",
    "currentPrice": 73.95,
    "attributes": [
      "Nyckelhålet",
      "Ursprungsland Sverige",
      "Svensk Fågel"
    ],
    "imgUrl": "https://handlaprivatkund.ica.se/images-v3/bf7a00ca-390e-4769-865f-dc369586872e/64af17f3-d7d0-4e63-99c1-0b5095a0c65a/500x500.jpg",
    "productInformation": "Kycklingfärs passar att använda på samma sätt som vanlig köttfärs, gör till exempel en kycklngfärssås eller prova biffar på kycklingfärs!",
    "countryText": "Sverige",
    "companyText": "ICA Gott Liv",
    "ingrediensText": "Kycklingfärs av 100% kycklingkött*Fetthalt lägre än 7%.Förhållandet mellan kollagen och köttprotein lägre än 12%.*Född, uppfödd och slaktad i Sverige.",
    "storage": "Kylvara förvaras i max 4° C, sista förbrukningsdag gäller obruten förpackning.",
    "allergens": "",
    "usage": "Öppnad förpackning hållbar 1 dag vid högst +4°C.",
    "nutrition": [
      {
        "Näringsvärde": "Energi (kcal)",
        "100 Gram": "110 kcal"
      },
      {
        "Näringsvärde": "Energi (kJ)",
        "100 Gram": "480 kJ"
      },
      {
        "Näringsvärde": "Fett",
        "100 Gram": "4 g"
      },
      {
        "Näringsvärde": "Varav mättat fett",
        "100 Gram": "1.1 g"
      },
      {
        "Näringsvärde": "Kolhydrat",
        "100 Gram": "0.5 g"
      },
      {
        "Näringsvärde": "Varav sockerarter",
        "100 Gram": "0.5 g"
      },
      {
        "Näringsvärde": "Protein",
        "100 Gram": "19 g"
      },
      {
        "Näringsvärde": "Salt",
        "100 Gram": "0.2 g"
      }
    ],
    "nutritionUnitText": "Näringsvärde per 100 gram",
    "categories": {
      "mainCategory": "Kött, Chark & Fågel",
      "subCategories": [
        {
          "name": "Köttfärs",
          "subSubCategories": [
            "Kycklingfärs"
          ]
        }
      ]
    }
  },
  {
    "name": "Köttkorv Kokt 300g Scan",
    "weightText": "0.3 kg",
    "caPart": "",
    "weightValue": 0.3,
    "weightUnit": "kg",
    "comparePrice": "98,33 kr/kg",
    "currentPrice": 29.5,
    "attributes": [
      "Glutenfritt",
      "Kött från Sverige",
      "Ursprungsland Sverige",
      "Laktosfritt"
    ],
    "imgUrl": "https://handlaprivatkund.ica.se/images-v3/bf7a00ca-390e-4769-865f-dc369586872e/9f8dba69-40e0-4225-af16-3e00025b0159/500x500.jpg",
    "productInformation": "Klassisk svensk köttkorv milt kryddad med kryddpeppar. Lättlagad husmanskost perfekt tillsammans med favoritsenapen och ett klassiskt rotmos. Våra korvar innehåller bara svenskt kött från våra gårdar. Denna korv är fri från gluten, laktos, ägg-, soja-, mjölk- och ärtprotein",
    "countryText": "Sverige",
    "companyText": "Scan",
    "ingrediensText": "INGREDIENSER: Svenskt nöt- och griskött (48%)*, vatten, fett från gris- och nötkött*, potatismjöl, salt, lök, kryddor, kryddextrakt, antioxidationsmedel E300, konserveringsmedel E250. *Ursprung: Sverige.",
    "storage": "",
    "allergens": "",
    "usage": "",
    "nutrition": [
      {
        "Näringsvärde": "Energi (kcal)",
        "100 Gram": "260 kcal"
      },
      {
        "Näringsvärde": "Energi (kJ)",
        "100 Gram": "1050 kJ"
      },
      {
        "Näringsvärde": "Fett",
        "100 Gram": "23 g"
      },
      {
        "Näringsvärde": "Varav mättat fett",
        "100 Gram": "8.4 g"
      },
      {
        "Näringsvärde": "Kolhydrat",
        "100 Gram": "6.6 g"
      },
      {
        "Näringsvärde": "Varav sockerarter",
        "100 Gram": "0 g"
      },
      {
        "Näringsvärde": "Protein",
        "100 Gram": "8.1 g"
      },
      {
        "Näringsvärde": "Salt",
        "100 Gram": "2.1 g"
      }
    ],
    "nutritionUnitText": "Näringsvärde per 100 gram",
    "categories": {
      "mainCategory": "Kött, Chark & Fågel",
      "subCategories": [
        {
          "name": "Korv",
          "subSubCategories": [
            "Fläskkorv"
          ]
        }
      ]
    }
  },
  {
    "name": "Bacon Extra fint Torrsaltat 140g ICA",
    "weightText": "0.14 kg",
    "caPart": "",
    "weightValue": 0.14,
    "weightUnit": "kg",
    "comparePrice": "146,43 kr/kg",
    "currentPrice": 20.5,
    "attributes": [],
    "imgUrl": "https://handlaprivatkund.ica.se/images-v3/bf7a00ca-390e-4769-865f-dc369586872e/5abe0756-ee43-4134-bdd9-14629747e179/500x500.jpg",
    "productInformation": "ICA Extra fin Bacon är torrsaltat och bokspånsrökt, gjord på svenskt kött producerat i Halmstad. Det är ett utsökt bacon med rökig smak för de extra goda tillfällena.",
    "countryText": "",
    "companyText": "ICA",
    "ingrediensText": "Ingredienser: Griskött* 97%, salt, konserveringsmedel (E250).*Fött, uppfött och slaktat i Sverige.",
    "storage": "Lägsta förvaringstemperatur 0°C Högsta förvaringstemperatur 8°C",
    "allergens": "",
    "usage": "",
    "nutrition": [
      {
        "Näringsvärde": "Energi (kcal)",
        "100 Gram": "259 kcal"
      },
      {
        "Näringsvärde": "Energi (kJ)",
        "100 Gram": "1075 kJ"
      },
      {
        "Näringsvärde": "Fett",
        "100 Gram": "21 g"
      },
      {
        "Näringsvärde": "Varav mättat fett",
        "100 Gram": "8 g"
      },
      {
        "Näringsvärde": "Kolhydrat",
        "100 Gram": "0.5 g"
      },
      {
        "Näringsvärde": "Varav sockerarter",
        "100 Gram": "0.5 g"
      },
      {
        "Näringsvärde": "Protein",
        "100 Gram": "17 g"
      },
      {
        "Näringsvärde": "Salt",
        "100 Gram": "2.5 g"
      }
    ],
    "nutritionUnitText": "",
    "categories": {
      "mainCategory": "Kött, Chark & Fågel",
      "subCategories": [
        {
          "name": "Matchark",
          "subSubCategories": [
            "Bacon & stekfläsk"
          ]
        }
      ]
    }
  },
  {
    "name": "Kalvsylta Deli 200g Scan",
    "weightText": "0.2 kg",
    "caPart": "",
    "weightValue": 0.2,
    "weightUnit": "kg",
    "comparePrice": "169,75 kr/kg",
    "currentPrice": 33.95,
    "attributes": [
      "Nyckelhålet",
      "Kött från Sverige",
      "Ursprungsland Sverige"
    ],
    "imgUrl": "https://handlaprivatkund.ica.se/images-v3/bf7a00ca-390e-4769-865f-dc369586872e/eb8adc56-194f-40da-82c5-fab11d9743b3/500x500.jpg",
    "productInformation": "Gjord på klassiskt recept hämtar vår smakrika sylta av kalvkött inspiration från den gamla goda tidens matkultur. Alla våra produkter innehåller enbart kött från djur på svenska gårdar.",
    "countryText": "Sverige",
    "companyText": "Scan",
    "ingrediensText": "INGREDIENSER: Svenskt kalvkött* (47%), vatten, svål av gris*, salt, kryddextrakt, antioxidationsmedel (E300), konserveringsmedel (E250). *Ursprung Sverige.",
    "storage": "",
    "allergens": "",
    "usage": "",
    "nutrition": [
      {
        "Näringsvärde": "Energi (kcal)",
        "100 Gram": "120 kcal"
      },
      {
        "Näringsvärde": "Energi (kJ)",
        "100 Gram": "500 kJ"
      },
      {
        "Näringsvärde": "Fett",
        "100 Gram": "7.6 g"
      },
      {
        "Näringsvärde": "Varav mättat fett",
        "100 Gram": "3.3 g"
      },
      {
        "Näringsvärde": "Kolhydrat",
        "100 Gram": "0.5 g"
      },
      {
        "Näringsvärde": "Varav sockerarter",
        "100 Gram": "0.5 g"
      },
      {
        "Näringsvärde": "Protein",
        "100 Gram": "13 g"
      },
      {
        "Näringsvärde": "Salt",
        "100 Gram": "1.7 g"
      }
    ],
    "nutritionUnitText": "Näringsvärde per 100 gram",
    "categories": {
      "mainCategory": "Jul",
      "subCategories": [
        {
          "name": "Julmat",
          "subSubCategories": [
            "Övrig julmat"
          ]
        }
      ]
    }
  },
  {
    "name": "Varmkorv 75% kötthalt 300g ICA",
    "weightText": "0.3 kg",
    "caPart": "",
    "weightValue": 0.3,
    "weightUnit": "kg",
    "comparePrice": "113,17 kr/kg",
    "currentPrice": 33.95,
    "attributes": [
      "Glutenfritt",
      "Kött från Sverige",
      "Ursprungsland Sverige",
      "Laktosfritt"
    ],
    "imgUrl": "https://handlaprivatkund.ica.se/images-v3/bf7a00ca-390e-4769-865f-dc369586872e/c104adc8-ee53-4bfd-9043-52468033c166/500x500.jpg",
    "productInformation": "ICA Extra fin Varmkorv är alspånsrökt och gjord på svenskt kött. Det är en saftig korv med rikare smak för extra goda tillfällen. Lägg den i ett korvbröd med klassiska tillbehör eller ihop med krämigt potatismos! Mums!",
    "countryText": "Sverige",
    "companyText": "ICA",
    "ingrediensText": "Griskött* 75%, vatten, potatisstärkelse, salt, druvsocker, fett från gris*, kryddor (paprika, ingefära, muskot, libbsticka), svartpepparextrakt, antioxidationsmedel (E 300), konserveringsmedel (E 250).Stoppad i naturtarm från får.*Fött, uppfött och slaktat i Sverige.",
    "storage": "",
    "allergens": "",
    "usage": "Kylvara: Förvaras vid högst + 8°C",
    "nutrition": [
      {
        "Näringsvärde": "Energi (kcal)",
        "100 Gram": "287 kcal"
      },
      {
        "Näringsvärde": "Energi (kJ)",
        "100 Gram": "1191 kJ"
      },
      {
        "Näringsvärde": "Fett",
        "100 Gram": "23 g"
      },
      {
        "Näringsvärde": "Varav mättat fett",
        "100 Gram": "9 g"
      },
      {
        "Näringsvärde": "Kolhydrat",
        "100 Gram": "9 g"
      },
      {
        "Näringsvärde": "Varav sockerarter",
        "100 Gram": "1 g"
      },
      {
        "Näringsvärde": "Protein",
        "100 Gram": "11 g"
      },
      {
        "Näringsvärde": "Salt",
        "100 Gram": "1.9 g"
      }
    ],
    "nutritionUnitText": "Näringsvärde per 100 gram",
    "categories": {
      "mainCategory": "Kött, Chark & Fågel",
      "subCategories": [
        {
          "name": "Korv",
          "subSubCategories": [
            "Glutenfri korv"
          ]
        }
      ]
    }
  },
  {
    "name": "Cognacsmedwurst Enrisrökt 300g ICA",
    "weightText": "0.3 kg",
    "caPart": "",
    "weightValue": 0.3,
    "weightUnit": "kg",
    "comparePrice": "93,17 kr/kg",
    "currentPrice": 27.95,
    "attributes": [
      "Kött från Sverige",
      "Ursprungsland Sverige"
    ],
    "imgUrl": "https://handlaprivatkund.ica.se/images-v3/bf7a00ca-390e-4769-865f-dc369586872e/534d04f4-aac4-4b6f-a46e-154ebfc47445/500x500.jpg",
    "productInformation": "ICA Cognacsmedwurst Svart är en svensk, enrisrökt korv med syrlig smak och lite lagom med sälta. Den är tillräckligt mild för att passa på mackan och samtidigt tillräckligt smakrik för att vara ett gott sällskap till osten på charkbrickan.",
    "countryText": "Sverige",
    "companyText": "ICA",
    "ingrediensText": "INGREDIENSER: Gris*- och nötkött* 69%, fett från gris*, socker, salt, potatisflingor, animaliskt protein (från gris), vatten, druvsocker, kryddor (vitpeppar, ingefära), congac, cognacsarom, konserveringsmedel (E250), antioxidationsmedel (E300), karmin (E120). Ej ätbart korvskinn. Kallrökt. *Fött, uppfött och slaktat i Sverige.",
    "storage": "Högsta förvaringstemperatur 8°C",
    "allergens": "",
    "usage": "",
    "nutrition": [
      {
        "Näringsvärde": "Energi (kcal)",
        "100 Gram": "400 kcal"
      },
      {
        "Näringsvärde": "Energi (kJ)",
        "100 Gram": "1650 kJ"
      },
      {
        "Näringsvärde": "Fett",
        "100 Gram": "36 g"
      },
      {
        "Näringsvärde": "Varav mättat fett",
        "100 Gram": "14 g"
      },
      {
        "Näringsvärde": "Kolhydrat",
        "100 Gram": "6.3 g"
      },
      {
        "Näringsvärde": "Varav sockerarter",
        "100 Gram": "4 g"
      },
      {
        "Näringsvärde": "Protein",
        "100 Gram": "13.5 g"
      },
      {
        "Näringsvärde": "Salt",
        "100 Gram": "2.5 g"
      }
    ],
    "nutritionUnitText": "Näringsvärde per 100 gram",
    "categories": {
      "mainCategory": "Kött, Chark & Fågel",
      "subCategories": [
        {
          "name": "Pålägg",
          "subSubCategories": [
            "Påläggskorv"
          ]
        }
      ]
    }
  },
  {
    "name": "Fläskytterfilé Färsk Medaljonger Vitlök & Peppar 300g ICA",
    "weightText": "0.3 kg",
    "caPart": "",
    "weightValue": 0.3,
    "weightUnit": "kg",
    "comparePrice": "166,50 kr/kg",
    "currentPrice": 49.95,
    "attributes": [
      "Kött från Sverige"
    ],
    "imgUrl": "https://handlaprivatkund.ica.se/images-v3/bf7a00ca-390e-4769-865f-dc369586872e/84db0749-cd48-4472-86c0-1cff40104591/500x500.jpg",
    "productInformation": "ICAs garlic and pepper medaljonger är gjord på lättrimmad fläskytterfilé som ytkryddats och skurits i skivor. En väldigt mör detalj som är lättlagad och enkel att lyckas med i köket. Serveras förslagsvis med skivad ugnspotatis och en god sås gjord på skyn från stekningen.",
    "countryText": "",
    "companyText": "ICA",
    "ingrediensText": "INGREDIENSER: Benfri kotlett av gris 88%*, vatten, salt, kryddor (chilipeppar, jalapeno, röd paprika, grön paprika, svartpeppar, grönpeppar), tomat, druvsocker, vinäger, naturliga aromer, glutenfri HAVREfiber. *Fött, uppfött, slaktat och styckat i Sverige.",
    "storage": "",
    "allergens": "",
    "usage": "",
    "nutrition": [
      {
        "Näringsvärde": "Energi (kcal)",
        "100 Gram": "104 kcal"
      },
      {
        "Näringsvärde": "Energi (kJ)",
        "100 Gram": "441 kJ"
      },
      {
        "Näringsvärde": "Fett",
        "100 Gram": "1.7 g"
      },
      {
        "Näringsvärde": "Varav mättat fett",
        "100 Gram": "0.6 g"
      },
      {
        "Näringsvärde": "Kolhydrat",
        "100 Gram": "2.8 g"
      },
      {
        "Näringsvärde": "Varav sockerarter",
        "100 Gram": "0.8 g"
      },
      {
        "Näringsvärde": "Protein",
        "100 Gram": "19 g"
      },
      {
        "Näringsvärde": "Salt",
        "100 Gram": "0.82 g"
      }
    ],
    "nutritionUnitText": "Näringsvärde per 100 gram",
    "categories": {
      "mainCategory": "Kött, Chark & Fågel",
      "subCategories": [
        {
          "name": "Kött",
          "subSubCategories": [
            "Fläsk",
            "Färdigkryddat fläskkött"
          ]
        }
      ]
    }
  },
  {
    "name": "Lantskinka Gallerrökt 120g ICA",
    "weightText": "0.12 kg",
    "caPart": "",
    "weightValue": 0.12,
    "weightUnit": "kg",
    "comparePrice": "191,25 kr/kg",
    "currentPrice": 22.95,
    "attributes": [
      "Nyckelhålet",
      "Kött från Sverige",
      "Ursprungsland Sverige"
    ],
    "imgUrl": "https://handlaprivatkund.ica.se/images-v3/bf7a00ca-390e-4769-865f-dc369586872e/15a5c65c-187b-41e8-bf85-d82137ed58e2/500x500.jpg",
    "productInformation": "ICA Lantskinka Gallerrökt är en svensk smakrik lantskinka i fina skivor. Lägg den till exempel på ett gott grillat surdegsbröd tillsammans med krämig avocado och krispig paprika och toppa med lite nymald svartpeppar. \n \n Alspåns- och enrisrökt.",
    "countryText": "Sverige",
    "companyText": "ICA",
    "ingrediensText": "Ingredienser: Skinka av gris* (helmuskel) 95%, salt, stabiliseringsmedel (E451), potatismjöl, druvsocker, potatisfiber, socker**, antioxidationsmedel (E301), konserveringsmedel (E250).*Fött, uppfött och slaktat i Sverige.**Ursprung Sverige.",
    "storage": "Lägsta förvaringstemperatur 0°C Högsta förvaringstemperatur 8°C",
    "allergens": "",
    "usage": "",
    "nutrition": [
      {
        "Näringsvärde": "Energi (kcal)",
        "100 Gram": "87 kcal"
      },
      {
        "Näringsvärde": "Energi (kJ)",
        "100 Gram": "368 kJ"
      },
      {
        "Näringsvärde": "Fett",
        "100 Gram": "1.5 g"
      },
      {
        "Näringsvärde": "Varav mättat fett",
        "100 Gram": "0.6 g"
      },
      {
        "Näringsvärde": "Kolhydrat",
        "100 Gram": "1.5 g"
      },
      {
        "Näringsvärde": "Varav sockerarter",
        "100 Gram": "0.5 g"
      },
      {
        "Näringsvärde": "Protein",
        "100 Gram": "16 g"
      },
      {
        "Näringsvärde": "Salt",
        "100 Gram": "2.1 g"
      }
    ],
    "nutritionUnitText": "",
    "categories": {
      "mainCategory": "Kött, Chark & Fågel",
      "subCategories": [
        {
          "name": "Pålägg",
          "subSubCategories": [
            "Skinka"
          ]
        }
      ]
    }
  },
  {
    "name": "Wienerkorv 80% kötthalt 300g ICA",
    "weightText": "0.3 kg",
    "caPart": "",
    "weightValue": 0.3,
    "weightUnit": "kg",
    "comparePrice": "131,67 kr/kg",
    "currentPrice": 39.5,
    "attributes": [
      "Glutenfritt",
      "Kött från Sverige",
      "Laktosfritt"
    ],
    "imgUrl": "https://handlaprivatkund.ica.se/images-v3/bf7a00ca-390e-4769-865f-dc369586872e/9a690d07-8565-4938-92f0-d79054187304/500x500.jpg",
    "productInformation": "ICA Extra fin Wienerkorv är alspånsrökt och gjord på svenskt kött. Koka den ihop med lagerblad och kryddpeppar och lägg sedan i ett korvbröd med klassiska tillbehör eller ihop med krämigt potatismos! Mums!",
    "countryText": "",
    "companyText": "ICA",
    "ingrediensText": "Gris*- och nötkött* 80%, vatten, potatismjöl, salt, druvsocker, kryddor (paprika, ingefära, muskotnöt, libbsticka), svartpepparextrakt, antioxidationsmedel (E300), konserveringsmedel (E250).Alspånsrökt.Stoppad i naturtarm från får.*Fött, uppfött och slaktat i Sverige.",
    "storage": "",
    "allergens": "",
    "usage": "Kylvara: Förvaras vid högst +8°C",
    "nutrition": [
      {
        "Näringsvärde": "Energi (kcal)",
        "100 Gram": "270 kcal"
      },
      {
        "Näringsvärde": "Energi (kJ)",
        "100 Gram": "1120 kJ"
      },
      {
        "Näringsvärde": "Fett",
        "100 Gram": "22 g"
      },
      {
        "Näringsvärde": "Varav mättat fett",
        "100 Gram": "8.9 g"
      },
      {
        "Näringsvärde": "Kolhydrat",
        "100 Gram": "6 g"
      },
      {
        "Näringsvärde": "Varav sockerarter",
        "100 Gram": "1.1 g"
      },
      {
        "Näringsvärde": "Protein",
        "100 Gram": "12 g"
      },
      {
        "Näringsvärde": "Salt",
        "100 Gram": "1.8 g"
      }
    ],
    "nutritionUnitText": "Näringsvärde per 100 gram",
    "categories": {
      "mainCategory": "Kött, Chark & Fågel",
      "subCategories": [
        {
          "name": "Korv",
          "subSubCategories": [
            "Glutenfri korv"
          ]
        }
      ]
    }
  },
  {
    "name": "Isterband Kalas Lammhults 300g Ello i Lammhult",
    "weightText": "0.3 kg",
    "caPart": "",
    "weightValue": 0.3,
    "weightUnit": "kg",
    "comparePrice": "83,17 kr/kg",
    "currentPrice": 24.95,
    "attributes": [
      "Kött från Sverige"
    ],
    "imgUrl": "https://handlaprivatkund.ica.se/images-v3/bf7a00ca-390e-4769-865f-dc369586872e/475245b8-b316-48c7-ae1c-d325080af82b/500x500.jpg",
    "productInformation": "",
    "countryText": "",
    "companyText": "Ello i Lammhult",
    "ingrediensText": "Ingredienser: Gris och nötkött* 57%, KORNGRYN, gristunga*, vatten, fett från gris*, grishjärta*, salt, MJÖLKSPULVER, MJÖLKPROTEIN, socker, kryddor, lök, MJÖLKSOCKER, konserveringmedel (natriumnitrit), antioxidationsmedel (askorbinsyra). *Fött, uppfött och slaktat i Sverige.",
    "storage": "",
    "allergens": "",
    "usage": "",
    "nutrition": [
      {
        "Näringsvärde": "Energi (kJ)",
        "100 Gram": "1250 kJ"
      },
      {
        "Näringsvärde": "Fett",
        "100 Gram": "24 g"
      },
      {
        "Näringsvärde": "Varav mättat fett",
        "100 Gram": "10 g"
      },
      {
        "Näringsvärde": "Kolhydrat",
        "100 Gram": "10 g"
      },
      {
        "Näringsvärde": "Varav sockerarter",
        "100 Gram": "2 g"
      },
      {
        "Näringsvärde": "Protein",
        "100 Gram": "12 g"
      },
      {
        "Näringsvärde": "Salt",
        "100 Gram": "2 g"
      }
    ],
    "nutritionUnitText": "Näringsvärde per 100 gram",
    "categories": {
      "mainCategory": "Kött, Chark & Fågel",
      "subCategories": [
        {
          "name": "Korv",
          "subSubCategories": [
            "Isterband"
          ]
        }
      ]
    }
  },
  {
    "name": "Fransyska i bit nätad ca 1,22kg ICA",
    "weightText": "Ca 1.22 kg",
    "caPart": "Ca",
    "weightValue": 1.22,
    "weightUnit": "kg",
    "comparePrice": "155,00 kr/kg",
    "currentPrice": 189.1,
    "attributes": [
      "Nyckelhålet",
      "Kött från Sverige",
      "Ursprungsland Sverige"
    ],
    "imgUrl": "https://handlaprivatkund.ica.se/images-v3/bf7a00ca-390e-4769-865f-dc369586872e/382a9e68-09f7-4548-83d6-ba611c635312/500x500.jpg",
    "productInformation": "ICA Fransyska Nätad kommer från svenska gårdar och är en perfekt bit kött att använda till klassikerna slottsstek, tjälknöl och sjömansbiff. Låt nätet sitta kvar (eller knyt upp den själv) om du tillagar den hel, så faller den inte isär. Fransyskan bör ha en innertemperatur på 70-75 grader och mår bra av att tillagas på låg värme, cirka 150 grader.",
    "countryText": "Sverige",
    "companyText": "ICA",
    "ingrediensText": "INGREDIENSER: Svenskt nötkött",
    "storage": "",
    "allergens": "",
    "usage": "",
    "nutrition": [
      {
        "Näringsvärde": "Energi (kcal)",
        "100 Gram": "116 kcal"
      },
      {
        "Näringsvärde": "Energi (kJ)",
        "100 Gram": "483 kJ"
      },
      {
        "Näringsvärde": "Fett",
        "100 Gram": "3.5 g"
      },
      {
        "Näringsvärde": "Varav mättat fett",
        "100 Gram": "1.5 g"
      },
      {
        "Näringsvärde": "Kolhydrat",
        "100 Gram": "0.5 g"
      },
      {
        "Näringsvärde": "Varav sockerarter",
        "100 Gram": "0.5 g"
      },
      {
        "Näringsvärde": "Protein",
        "100 Gram": "21 g"
      },
      {
        "Näringsvärde": "Salt",
        "100 Gram": "0.2 g"
      },
      {
        "Näringsvärde": "Vitamin D",
        "100 Gram": "0.5 µg"
      },
      {
        "Näringsvärde": "Kalcium",
        "100 Gram": "6 mg"
      },
      {
        "Näringsvärde": "Järn",
        "100 Gram": "2.4 mg"
      },
      {
        "Näringsvärde": "Natrium",
        "100 Gram": "0.064 g"
      }
    ],
    "nutritionUnitText": "Näringsvärde per 100 gram",
    "categories": {
      "mainCategory": "Kött, Chark & Fågel",
      "subCategories": [
        {
          "name": "Kött",
          "subSubCategories": [
            "Nötkött",
            "Fransyska"
          ]
        }
      ]
    }
  },
  {
    "name": "Kycklingsteak Färsk Urbenad Kycklingklubba ca 900g Kronfågel",
    "weightText": "Ca 0.9 kg",
    "caPart": "Ca",
    "weightValue": 0.9,
    "weightUnit": "kg",
    "comparePrice": "107,00 kr/kg",
    "currentPrice": 96.3,
    "attributes": [
      "Ursprungsland Sverige",
      "Svensk Fågel"
    ],
    "imgUrl": "https://handlaprivatkund.ica.se/images-v3/bf7a00ca-390e-4769-865f-dc369586872e/994bf5fa-c99b-4ee0-90d6-b380ab0103c9/500x500.jpg",
    "productInformation": "KycklingSteak från Kronfågel är en urbenad kycklingklubba med skinn. En rejäl bit kyckling, stektålig, saftig och smakrik. KycklingSteak passar utmärkt till att steka eller grilla. Servera gärna med bearnaisesås, potatisklyftor och tillbehör som cole slaw, nachos eller bönsallad. Alltid svensk kyckling för en godare måltid.",
    "countryText": "Sverige",
    "companyText": "Kronfågel",
    "ingrediensText": "Urbenad kycklingklubba.Ursprung: Född, uppväxt, slaktad i Sverige.",
    "storage": "",
    "allergens": "",
    "usage": "",
    "nutrition": [
      {
        "Näringsvärde": "Energi (kcal)",
        "100 Gram": "190 kcal"
      },
      {
        "Näringsvärde": "Energi (kJ)",
        "100 Gram": "800 kJ"
      },
      {
        "Näringsvärde": "Fett",
        "100 Gram": "13 g"
      },
      {
        "Näringsvärde": "Varav mättat fett",
        "100 Gram": "3.4 g"
      },
      {
        "Näringsvärde": "Kolhydrat",
        "100 Gram": "0.5 g"
      },
      {
        "Näringsvärde": "Varav sockerarter",
        "100 Gram": "0.5 g"
      },
      {
        "Näringsvärde": "Protein",
        "100 Gram": "18 g"
      },
      {
        "Näringsvärde": "Salt",
        "100 Gram": "0.2 g"
      }
    ],
    "nutritionUnitText": "Näringsvärde per 100 gram",
    "categories": {
      "mainCategory": "Kött, Chark & Fågel",
      "subCategories": [
        {
          "name": "Kyckling & Fågel",
          "subSubCategories": [
            "Kycklingdelar",
            "Kycklingdelar, färsk"
          ]
        }
      ]
    }
  },
  {
    "name": "Prinskorv Extra fin 75% Kötthalt 480g ICA",
    "weightText": "0.48 kg",
    "caPart": "",
    "weightValue": 0.48,
    "weightUnit": "kg",
    "comparePrice": "108,23 kr/kg",
    "currentPrice": 51.95,
    "attributes": [
      "Glutenfritt",
      "Kött från Sverige",
      "Ursprungsland Sverige",
      "Laktosfritt"
    ],
    "imgUrl": "https://images.ctfassets.net/l3dfc9zfaimi/qZc37LgTPPuZhIUMEbPJx/d4918e773827f51582d837109cfcb604/jul-25-produktdetaljbanner-insamlingen-desktop.jpg",
    "productInformation": "ICA Extra fin Prinskorv görs på svenskt kött och har en hög kötthalt på 75%. Vi har gett den en fyllig smak som passar både på julbordet men också till äggröran på frukosten.",
    "countryText": "Sverige",
    "companyText": "ICA",
    "ingrediensText": "Gris*- och nötkött* 75%, vatten, potatisstärkelse, salt, fett från gris*, druvsocker, kryddor (paprika, ingefära, muskotnöt, libbsticka), kryddextrakt (svartpeppar), antioxidationsmedel (E300), konserveringsmedel (E250).*Fött, uppfött och slaktat i Sverige.",
    "storage": "Lägsta förvaringstemperatur 0°C Högsta förvaringstemperatur 8°C",
    "allergens": "",
    "usage": "",
    "nutrition": [
      {
        "Näringsvärde": "Energi (kcal)",
        "100 Gram": "270 kcal"
      },
      {
        "Näringsvärde": "Energi (kJ)",
        "100 Gram": "1100 kJ"
      },
      {
        "Näringsvärde": "Fett",
        "100 Gram": "23 g"
      },
      {
        "Näringsvärde": "Varav mättat fett",
        "100 Gram": "11 g"
      },
      {
        "Näringsvärde": "Kolhydrat",
        "100 Gram": "3.5 g"
      },
      {
        "Näringsvärde": "Varav sockerarter",
        "100 Gram": "0.6 g"
      },
      {
        "Näringsvärde": "Protein",
        "100 Gram": "11 g"
      },
      {
        "Näringsvärde": "Salt",
        "100 Gram": "1.9 g"
      }
    ],
    "nutritionUnitText": "Näringsvärde per 100 gram",
    "categories": {
      "mainCategory": "Jul",
      "subCategories": [
        {
          "name": "Julmat",
          "subSubCategories": [
            "Korv, Köttbullar & Rödbetssallad",
            "Prinskorv & Julkorv"
          ]
        }
      ]
    }
  },
  {
    "name": "Panerad Schnitzel 300g ICA",
    "weightText": "0.3 kg",
    "caPart": "",
    "weightValue": 0.3,
    "weightUnit": "kg",
    "comparePrice": "183,17 kr/kg",
    "currentPrice": 54.95,
    "attributes": [],
    "imgUrl": "https://handlaprivatkund.ica.se/images-v3/bf7a00ca-390e-4769-865f-dc369586872e/838ce3bf-c5e7-437a-8a5a-feb12579c129/500x500.jpg",
    "productInformation": "",
    "countryText": "",
    "companyText": "ICA",
    "ingrediensText": "INGREDIENSER: Benfri kotlett av gris* 70%, panering (vatten, rismjöl, kikärtsmjöl, majsstärkelse, salt, modifierad majsstärkelse, druvsocker, vitpeppar, förtjockningsmedel (E415)). Kan innehålla spår av mjölk. *Fött, uppfött, slaktat och styckat i Sverige.",
    "storage": "Kylvara. Förvaras vid högst 4°C. Lägsta förvaringstemperatur 0°C Högsta förvaringstemperatur 4°C",
    "allergens": "",
    "usage": "",
    "nutrition": [
      {
        "Näringsvärde": "Energi (kcal)",
        "100 Gram": "159 kcal"
      },
      {
        "Näringsvärde": "Energi (kJ)",
        "100 Gram": "669 kJ"
      },
      {
        "Näringsvärde": "Fett",
        "100 Gram": "4.8 g"
      },
      {
        "Näringsvärde": "Varav mättat fett",
        "100 Gram": "2 g"
      },
      {
        "Näringsvärde": "Kolhydrat",
        "100 Gram": "13 g"
      },
      {
        "Näringsvärde": "Varav sockerarter",
        "100 Gram": "0.5 g"
      },
      {
        "Näringsvärde": "Protein",
        "100 Gram": "16 g"
      },
      {
        "Näringsvärde": "Salt",
        "100 Gram": "1.1 g"
      }
    ],
    "nutritionUnitText": "",
    "categories": {
      "mainCategory": "Kött, Chark & Fågel",
      "subCategories": [
        {
          "name": "Kött",
          "subSubCategories": [
            "Fläsk",
            "Fläskschnitzel"
          ]
        }
      ]
    }
  },
  {
    "name": "Gallerrökt Pepparskinka 120g ICA",
    "weightText": "0.12 kg",
    "caPart": "",
    "weightValue": 0.12,
    "weightUnit": "kg",
    "comparePrice": "191,25 kr/kg",
    "currentPrice": 22.95,
    "attributes": [
      "Nyckelhålet",
      "Kött från Sverige",
      "Ursprungsland Sverige"
    ],
    "imgUrl": "https://handlaprivatkund.ica.se/images-v3/bf7a00ca-390e-4769-865f-dc369586872e/7e03f38e-13ff-4f63-a904-3a89d2e646fb/500x500.jpg",
    "productInformation": "ICA Gallerrökt skinka är en lätt rökig och pepprig skinka som gör sig perfekt till smörgåsen. Gjord på kött från Sverige. \n \n Alspåns- och enrisrökt.",
    "countryText": "Sverige",
    "companyText": "ICA",
    "ingrediensText": "Ingredienser: Skinka av gris* (hel-muskel) 95%, salt, stabiliseringsmedel (E451), potatismjöl, druvsocker, potatis-fiber, socker**, antioxidationsmedel(E301), svartpeppar, konserveringsmedel(E250). *Fött, uppfött och slaktat i Sverige.**Ursprung Sverige.",
    "storage": "Lägsta förvaringstemperatur 0°C Högsta förvaringstemperatur 8°C",
    "allergens": "",
    "usage": "",
    "nutrition": [
      {
        "Näringsvärde": "Energi (kcal)",
        "100 Gram": "97 kcal"
      },
      {
        "Näringsvärde": "Energi (kJ)",
        "100 Gram": "411 kJ"
      },
      {
        "Näringsvärde": "Fett",
        "100 Gram": "2.1 g"
      },
      {
        "Näringsvärde": "Varav mättat fett",
        "100 Gram": "0.7 g"
      },
      {
        "Näringsvärde": "Kolhydrat",
        "100 Gram": "3 g"
      },
      {
        "Näringsvärde": "Varav sockerarter",
        "100 Gram": "0.5 g"
      },
      {
        "Näringsvärde": "Protein",
        "100 Gram": "17 g"
      },
      {
        "Näringsvärde": "Salt",
        "100 Gram": "2.5 g"
      }
    ],
    "nutritionUnitText": "Näringsvärde per 100 gram",
    "categories": {
      "mainCategory": "Kött, Chark & Fågel",
      "subCategories": [
        {
          "name": "Pålägg",
          "subSubCategories": [
            "Skinka"
          ]
        }
      ]
    }
  },
  {
    "name": "Köttbullar Mammas 350g Scan",
    "weightText": "0.35 kg",
    "caPart": "",
    "weightValue": 0.35,
    "weightUnit": "kg",
    "comparePrice": "85,57 kr/kg",
    "currentPrice": 29.95,
    "attributes": [
      "Kött från Sverige"
    ],
    "imgUrl": "https://handlaprivatkund.ica.se/images-v3/bf7a00ca-390e-4769-865f-dc369586872e/e93e10b3-5c37-49fd-bacb-abe5fec130e1/500x500.jpg",
    "productInformation": "Mamma Scans köttbullar är en smakrik klassiker och mångas favorit. De har samma goda smak och har rullats med omsorg i Skara sedan 1970. De är enkla att värma, passar till det mesta och går hem hos de flesta. I våra produkter ingår endast kött från svenska gårdar.Finns i 350 och 1000 gram.",
    "countryText": "",
    "companyText": "Scan",
    "ingrediensText": "Ingredienser: Svenskt gris- och nötkött (73%)*, vatten, potatismjöl, fett från nötkött*, lök, salt jodberikat, mineralsalt med mindre natrium, potatisfiber, druvsocker, socker, kryddor, kryddextrakt. Stekta i animaliskt fett. *Ursprung Sverige.",
    "storage": "",
    "allergens": "",
    "usage": "",
    "nutrition": [
      {
        "Näringsvärde": "Energi (kcal)",
        "100 Gram": "220 kcal"
      },
      {
        "Näringsvärde": "Energi (kJ)",
        "100 Gram": "900 kJ"
      },
      {
        "Näringsvärde": "Fett",
        "100 Gram": "15 g"
      },
      {
        "Näringsvärde": "Varav mättat fett",
        "100 Gram": "6 g"
      },
      {
        "Näringsvärde": "Kolhydrat",
        "100 Gram": "8 g"
      },
      {
        "Näringsvärde": "Varav sockerarter",
        "100 Gram": "1.5 g"
      },
      {
        "Näringsvärde": "Protein",
        "100 Gram": "13 g"
      },
      {
        "Näringsvärde": "Salt",
        "100 Gram": "1.4 g"
      }
    ],
    "nutritionUnitText": "Näringsvärde per 100 gram",
    "categories": {
      "mainCategory": "Kött, Chark & Fågel",
      "subCategories": [
        {
          "name": "Matchark",
          "subSubCategories": [
            "Köttbullar & färsprodukter",
            "Köttbullar & färsprodukter, färska"
          ]
        }
      ]
    }
  },
  {
    "name": "Grillade innerfiléer BBQ Fryst 540g Guldfågeln",
    "weightText": "0.54 kg",
    "caPart": "",
    "weightValue": 0.54,
    "weightUnit": "kg",
    "comparePrice": "190,74 kr/kg",
    "currentPrice": 103,
    "attributes": [
      "Nyckelhålet",
      "Ursprungsland Sverige",
      "Svensk Fågel"
    ],
    "imgUrl": "https://handlaprivatkund.ica.se/images-v3/bf7a00ca-390e-4769-865f-dc369586872e/1c8b87ea-f42c-42b4-ab05-5e05c7aa0e7c/500x500.jpg",
    "productInformation": "",
    "countryText": "Sverige",
    "companyText": "Guldfågeln",
    "ingrediensText": "Kycklingbröstinnerfilé, druvsocker, kryddor och kryddextrakter (cayenne, chili, basilika, gurkmeja, oregano, paprika, persilja, peppar, libbsticka, rosmarin, spiskummin, vitlök), salt, rapsolja, lök, tomat, kycklingbuljong, glukossirap, stabiliseringsmedel (E451, E450), naturlig arom, antioxidationsmedel E301.Till 100 g produkt har använts 100 g kycklingbröstinnerfilé.",
    "storage": "",
    "allergens": "",
    "usage": "",
    "nutrition": [
      {
        "Näringsvärde": "Energi (kcal)",
        "100 Gram": "140 kcal"
      },
      {
        "Näringsvärde": "Energi (kJ)",
        "100 Gram": "600 kJ"
      },
      {
        "Näringsvärde": "Fett",
        "100 Gram": "4 g"
      },
      {
        "Näringsvärde": "Varav mättat fett",
        "100 Gram": "1.3 g"
      },
      {
        "Näringsvärde": "Kolhydrat",
        "100 Gram": "4 g"
      },
      {
        "Näringsvärde": "Varav sockerarter",
        "100 Gram": "2 g"
      },
      {
        "Näringsvärde": "Protein",
        "100 Gram": "21 g"
      },
      {
        "Näringsvärde": "Salt",
        "100 Gram": "1 g"
      }
    ],
    "nutritionUnitText": "Näringsvärde per 100 gram",
    "categories": {
      "mainCategory": "Fryst",
      "subCategories": [
        {
          "name": "Fryst fågel",
          "subSubCategories": [
            "Fryst kyckling färdigmat"
          ]
        }
      ]
    }
  },
  {
    "name": "Kassler vinmarinerad ca 600g ICA",
    "weightText": "Ca 0.6 kg",
    "caPart": "Ca",
    "weightValue": 0.6,
    "weightUnit": "kg",
    "comparePrice": "105,00 kr/kg",
    "currentPrice": 63,
    "attributes": [
      "Kött från Sverige"
    ],
    "imgUrl": "https://handlaprivatkund.ica.se/images-v3/bf7a00ca-390e-4769-865f-dc369586872e/96609266-ec62-478a-8f57-d60f5d721876/500x500.jpg",
    "productInformation": "Kassler i bit, vinmarinerad. Rökt med fin sälta.",
    "countryText": "",
    "companyText": "ICA",
    "ingrediensText": "INGREDIENSER Kotlett av gris* 91%, vatten, salt, druvsocker, vitvinsextrakt, antioxidationsmedel (E331, E301), vinägermix (vitvinsvinägerextrakt, kryddextrakt), konserveringsmedel (E250), rökarom. *Fött, uppfött och slaktat i Sverige.",
    "storage": "",
    "allergens": "",
    "usage": "",
    "nutrition": [
      {
        "Näringsvärde": "Energi (kcal)",
        "100 Gram": "134 kcal"
      },
      {
        "Näringsvärde": "Energi (kJ)",
        "100 Gram": "563 kJ"
      },
      {
        "Näringsvärde": "Fett",
        "100 Gram": "5.8 g"
      },
      {
        "Näringsvärde": "Varav mättat fett",
        "100 Gram": "2.5 g"
      },
      {
        "Näringsvärde": "Kolhydrat",
        "100 Gram": "1.5 g"
      },
      {
        "Näringsvärde": "Varav sockerarter",
        "100 Gram": "1 g"
      },
      {
        "Näringsvärde": "Protein",
        "100 Gram": "19 g"
      },
      {
        "Näringsvärde": "Salt",
        "100 Gram": "2 g"
      }
    ],
    "nutritionUnitText": "Näringsvärde per 100 gram",
    "categories": {
      "mainCategory": "Kött, Chark & Fågel",
      "subCategories": [
        {
          "name": "Kött",
          "subSubCategories": [
            "Fläsk",
            "Kassler"
          ]
        }
      ]
    }
  },
  {
    "name": "Skinka rökt 300g Charkuterifabriken",
    "weightText": "0.3 kg",
    "caPart": "",
    "weightValue": 0.3,
    "weightUnit": "kg",
    "comparePrice": "138,33 kr/kg",
    "currentPrice": 41.5,
    "attributes": [
      "Kött från Sverige"
    ],
    "imgUrl": "https://handlaprivatkund.ica.se/images-v3/bf7a00ca-390e-4769-865f-dc369586872e/9736a941-e4d6-43f8-b09f-8138b031262e/500x500.jpg",
    "productInformation": "",
    "countryText": "",
    "companyText": "Charkuterifabriken",
    "ingrediensText": "Ingredienser: Skinka av gris* 95% (helmuskel), salt, stabilseringsmedel (E450, E451), potatisstärkelse, druvsocker, potatisfiber, socker, antioxidationsmedel E301, konserveringsmedel E250. *Ursprung Sverige.",
    "storage": "Lägsta förvaringstemperatur 0°C Högsta förvaringstemperatur 8°C",
    "allergens": "",
    "usage": "",
    "nutrition": [
      {
        "Näringsvärde": "Energi (kcal)",
        "100 Gram": "80 kcal"
      },
      {
        "Näringsvärde": "Energi (kJ)",
        "100 Gram": "360 kJ"
      },
      {
        "Näringsvärde": "Fett",
        "100 Gram": "1.1 g"
      },
      {
        "Näringsvärde": "Varav mättat fett",
        "100 Gram": "0.5 g"
      },
      {
        "Näringsvärde": "Kolhydrat",
        "100 Gram": "2 g"
      },
      {
        "Näringsvärde": "Varav sockerarter",
        "100 Gram": "0.5 g"
      },
      {
        "Näringsvärde": "Protein",
        "100 Gram": "18 g"
      },
      {
        "Näringsvärde": "Salt",
        "100 Gram": "2.1 g"
      }
    ],
    "nutritionUnitText": "",
    "categories": {
      "mainCategory": "Kött, Chark & Fågel",
      "subCategories": [
        {
          "name": "Pålägg",
          "subSubCategories": [
            "Skinka"
          ]
        }
      ]
    }
  },
  {
    "name": "Kebab klassisk 275g Schysst Käk",
    "weightText": "0.275 kg",
    "caPart": "",
    "weightValue": 0.275,
    "weightUnit": "kg",
    "comparePrice": "188,91 kr/kg",
    "currentPrice": 51.95,
    "attributes": [
      "Kött från Sverige",
      "Ursprungsland Sverige"
    ],
    "imgUrl": "https://handlaprivatkund.ica.se/images-v3/bf7a00ca-390e-4769-865f-dc369586872e/9dc8d546-9036-4f31-b81f-b6ca0e618963/500x500.jpg",
    "productInformation": "Grillad, saftig och tunt skuren kebab, gjord på svenskt nötkött. Servera i ett kebabrullebröd, med pommes eller pitabröd - gör din grej!",
    "countryText": "Sverige",
    "companyText": "Schysst käk",
    "ingrediensText": "Nötkött (83 %), vatten, potatisfiber, koksalt, lök, stabiliseringsmedel (difosfater, trifosfater), kryddor, druvsocker, animaliskt protein av nöt, naturliga aromer, vitlök, socker, örtkrydda.",
    "storage": "Förvaras kylt. +2°C - +8°C",
    "allergens": "",
    "usage": "Öppnad förpackning bör konsumeras omgående.",
    "nutrition": [
      {
        "Näringsvärde": "Energi (kcal)",
        "100 Gram": "291 kcal"
      },
      {
        "Näringsvärde": "Energi (kJ)",
        "100 Gram": "1217 kJ"
      },
      {
        "Näringsvärde": "Fett",
        "100 Gram": "24 g"
      },
      {
        "Näringsvärde": "Varav mättat fett",
        "100 Gram": "12 g"
      },
      {
        "Näringsvärde": "Kolhydrat",
        "100 Gram": "2 g"
      },
      {
        "Näringsvärde": "Varav sockerarter",
        "100 Gram": "0.9 g"
      },
      {
        "Näringsvärde": "Protein",
        "100 Gram": "14 g"
      },
      {
        "Näringsvärde": "Salt",
        "100 Gram": "2.1 g"
      }
    ],
    "nutritionUnitText": "Näringsvärde per 100 gram",
    "categories": {
      "mainCategory": "Kött, Chark & Fågel",
      "subCategories": [
        {
          "name": "Kött",
          "subSubCategories": [
            "Nötkött",
            "Pepparbiff & Färdigkryddat nötkött"
          ]
        }
      ]
    }
  },
  {
    "name": "Rostbiff Färsk i bit ca 1kg ICA",
    "weightText": "Ca 0.99 kg",
    "caPart": "Ca",
    "weightValue": 0.99,
    "weightUnit": "kg",
    "comparePrice": "195,00 kr/kg",
    "currentPrice": 193.05,
    "attributes": [
      "Nyckelhålet",
      "Kött från Sverige",
      "Ursprungsland Sverige"
    ],
    "imgUrl": "https://handlaprivatkund.ica.se/images-v3/bf7a00ca-390e-4769-865f-dc369586872e/3dea8e23-0344-49fc-8718-9581a102b503/500x500.jpg",
    "productInformation": "ICA Rostbiff är en stek av svenskt nötkött som du kan göra en massa olika rätter på. Du kan antingen steka det precis som en ryggbiff eller använda det i grytor. Testa gärna att helsteka det, så blir det extra saftigt. Gnid in köttet med salt, peppar, örter och lite (eller mycket) vitlök. Bryn, sätt i en termometer och tillaga i ugn på 150 grader. Köttet har nått mediumstekning när innertemperaturen står på 60 grader. Låt det vila innan du skär upp men tänk på att om du täcker det med folie för att behålla värmen under tiden fortsätter köttet att tillagas, så ta ut det strax innan det når 60 grader.",
    "countryText": "Sverige",
    "companyText": "ICA",
    "ingrediensText": "INGREDIENSER: Svenskt nötkött",
    "storage": "",
    "allergens": "",
    "usage": "",
    "nutrition": [
      {
        "Näringsvärde": "Energi (kcal)",
        "100 Gram": "125 kcal"
      },
      {
        "Näringsvärde": "Energi (kJ)",
        "100 Gram": "521 kJ"
      },
      {
        "Näringsvärde": "Fett",
        "100 Gram": "3.2 g"
      },
      {
        "Näringsvärde": "Varav fleromättat fett",
        "100 Gram": "0.2 g"
      },
      {
        "Näringsvärde": "Varav mättat fett",
        "100 Gram": "1.4 g"
      },
      {
        "Näringsvärde": "Varav enkelomättat fett",
        "100 Gram": "1.5 g"
      },
      {
        "Näringsvärde": "Kolhydrat",
        "100 Gram": "0.5 g"
      },
      {
        "Näringsvärde": "Varav sockerarter",
        "100 Gram": "0.5 g"
      },
      {
        "Näringsvärde": "Fiber",
        "100 Gram": "0 g"
      },
      {
        "Näringsvärde": "Protein",
        "100 Gram": "23 g"
      },
      {
        "Näringsvärde": "Salt",
        "100 Gram": "0.2 g"
      },
      {
        "Näringsvärde": "Vitamin D",
        "100 Gram": "0.5 µg"
      },
      {
        "Näringsvärde": "Kalcium",
        "100 Gram": "6 mg"
      },
      {
        "Näringsvärde": "Järn",
        "100 Gram": "2.6 mg"
      },
      {
        "Näringsvärde": "Natrium",
        "100 Gram": "0.064 g"
      },
      {
        "Näringsvärde": "Zink",
        "100 Gram": "4.2 mg"
      }
    ],
    "nutritionUnitText": "Näringsvärde per 100 gram",
    "categories": {
      "mainCategory": "Kött, Chark & Fågel",
      "subCategories": [
        {
          "name": "Kött",
          "subSubCategories": [
            "Nötkött",
            "Rostbiff"
          ]
        }
      ]
    }
  },
  {
    "name": "Prosciutto Crudo 120g Zeta",
    "weightText": "0.12 kg",
    "caPart": "",
    "weightValue": 0.12,
    "weightUnit": "kg",
    "comparePrice": "566,25 kr/kg",
    "currentPrice": 67.95,
    "attributes": [],
    "imgUrl": "https://handlaprivatkund.ica.se/images-v3/bf7a00ca-390e-4769-865f-dc369586872e/ceeecdf7-372e-48aa-9425-26776e412833/500x500.jpg",
    "productInformation": "Zeta Prosciutto Crudo är en italiensk lufttorkad skinka som lagrats i minst 10 månader. Utmärkt på pizzan eller till ett gott bröd.",
    "countryText": "",
    "companyText": "Zeta",
    "ingrediensText": "Ingredienser: Skinka*, salt. Till 100g färdig produkt har 137g kött använts. *Uppfött och slaktat i EU.",
    "storage": "",
    "allergens": "",
    "usage": "",
    "nutrition": [
      {
        "Näringsvärde": "Energi (kcal)",
        "100 Gram": "225 kcal"
      },
      {
        "Näringsvärde": "Energi (kJ)",
        "100 Gram": "940 kJ"
      },
      {
        "Näringsvärde": "Fett",
        "100 Gram": "13 g"
      },
      {
        "Näringsvärde": "Varav mättat fett",
        "100 Gram": "4 g"
      },
      {
        "Näringsvärde": "Kolhydrat",
        "100 Gram": "0.5 g"
      },
      {
        "Näringsvärde": "Varav sockerarter",
        "100 Gram": "0.5 g"
      },
      {
        "Näringsvärde": "Protein",
        "100 Gram": "27 g"
      },
      {
        "Näringsvärde": "Salt",
        "100 Gram": "5 g"
      }
    ],
    "nutritionUnitText": "Näringsvärde per 100 gram",
    "categories": {
      "mainCategory": "Kött, Chark & Fågel",
      "subCategories": [
        {
          "name": "Delikatesschark",
          "subSubCategories": [
            "Lufttorkad skinka"
          ]
        }
      ]
    }
  },
  {
    "name": "Kryddkorv Kolbasz Paprika & Vitlök 75% Kötthalt 300g Scan",
    "weightText": "0.3 kg",
    "caPart": "",
    "weightValue": 0.3,
    "weightUnit": "kg",
    "comparePrice": "116,50 kr/kg",
    "currentPrice": 34.95,
    "attributes": [
      "Glutenfritt",
      "Kött från Sverige",
      "Ursprungsland Sverige",
      "Laktosfritt"
    ],
    "imgUrl": "https://handlaprivatkund.ica.se/images-v3/bf7a00ca-390e-4769-865f-dc369586872e/abc6be41-62f0-4c40-bbd6-b17fbf2132f9/500x500.jpg",
    "productInformation": "Kolbaz är en kryddstark varmrökt korv som är smaksatt med cayennepeppar, vitlök och mild paprika. Den har ganska mycket hetta i smaken. Perfekt på grillen på sommaren eller i stekpannan till hösten. Våra korvar innehåller bara svenskt kött från våra gårdar. Denna korv är fri från gluten, laktos, ägg-, soja-, mjölk- och ärtprotein",
    "countryText": "Sverige",
    "companyText": "Scan",
    "ingrediensText": "INGREDIENSER: Svenskt gris- och nötkött (75%)*, vatten, potatismjöl, salt, fett från nötkött*, druvsocker, kryddor, paprika, cayennepeppar, lök, vitlök, arom, stabiliseringsmedel E450, antioxidationsmedel E300, konserveringsmedel E250, grisfjälster, rökarom. *Ursprung: Sverige.",
    "storage": "",
    "allergens": "",
    "usage": "",
    "nutrition": [
      {
        "Näringsvärde": "Energi (kcal)",
        "100 Gram": "270 kcal"
      },
      {
        "Näringsvärde": "Energi (kJ)",
        "100 Gram": "1100 kJ"
      },
      {
        "Näringsvärde": "Fett",
        "100 Gram": "22 g"
      },
      {
        "Näringsvärde": "Varav mättat fett",
        "100 Gram": "9 g"
      },
      {
        "Näringsvärde": "Kolhydrat",
        "100 Gram": "5 g"
      },
      {
        "Näringsvärde": "Varav sockerarter",
        "100 Gram": "0.6 g"
      },
      {
        "Näringsvärde": "Protein",
        "100 Gram": "12 g"
      },
      {
        "Näringsvärde": "Salt",
        "100 Gram": "1.8 g"
      }
    ],
    "nutritionUnitText": "Näringsvärde per 100 gram",
    "categories": {
      "mainCategory": "Kött, Chark & Fågel",
      "subCategories": [
        {
          "name": "Korv",
          "subSubCategories": [
            "Kryddkorv"
          ]
        }
      ]
    }
  },
  {
    "name": "Leverapastej med gurka Bredbar 200g ICA",
    "weightText": "0.2 kg",
    "caPart": "",
    "weightValue": 0.2,
    "weightUnit": "kg",
    "comparePrice": "64,75 kr/kg",
    "currentPrice": 12.95,
    "attributes": [
      "Kött från Sverige"
    ],
    "imgUrl": "https://handlaprivatkund.ica.se/images-v3/bf7a00ca-390e-4769-865f-dc369586872e/98ff34d4-85e2-4416-a15b-d43c7c4c0d25/500x500.jpg",
    "productInformation": "ICA Leverpastej med gurka passar perfekt på frukostmackan eller varför inte i smörgåstårtan. Leverpastej är en källa till järn.",
    "countryText": "",
    "companyText": "ICA",
    "ingrediensText": "Grislever* (29%), vatten, fett från gris*, gurkmix (6,5%) (gurka, socker, ättika, lök, modifierad stärkelse, salt, konserveringsmedel (E202), stabiliseringsmedel (E509), kryddextrakt (cayennepeppar), kryddor, färgämnen (E141, E101)),potatismjöl, bindväv från gris*, socker, MJÖLK, koksalt, kryddor (lök, ingefära), kryddextrakt (kardemumma, muskotnöt, nejlika, peppar, timjan), lök, antioxidationsmedel (E300), konserveringsmedel (E250).*Fött, uppfött och slaktat i Sverige.",
    "storage": "Kylvara högst +8°C",
    "allergens": "",
    "usage": "",
    "nutrition": [
      {
        "Näringsvärde": "Energi (kcal)",
        "100 Gram": "270 kcal"
      },
      {
        "Näringsvärde": "Energi (kJ)",
        "100 Gram": "1120 kJ"
      },
      {
        "Näringsvärde": "Fett",
        "100 Gram": "22 g"
      },
      {
        "Näringsvärde": "Varav mättat fett",
        "100 Gram": "11 g"
      },
      {
        "Näringsvärde": "Kolhydrat",
        "100 Gram": "9 g"
      },
      {
        "Näringsvärde": "Varav sockerarter",
        "100 Gram": "3 g"
      },
      {
        "Näringsvärde": "Protein",
        "100 Gram": "9 g"
      },
      {
        "Näringsvärde": "Salt",
        "100 Gram": "1.6 g"
      },
      {
        "Näringsvärde": "Järn",
        "100 Gram": "5 mg"
      }
    ],
    "nutritionUnitText": "Näringsvärde per 100 gram",
    "categories": {
      "mainCategory": "Kött, Chark & Fågel",
      "subCategories": [
        {
          "name": "Pålägg",
          "subSubCategories": [
            "Pastej & paté",
            "Pastej"
          ]
        }
      ]
    }
  },
  {
    "name": "Pannbiff 300g ICA",
    "weightText": "0.3 kg",
    "caPart": "",
    "weightValue": 0.3,
    "weightUnit": "kg",
    "comparePrice": "109,83 kr/kg",
    "currentPrice": 32.95,
    "attributes": [
      "Kött från Sverige",
      "Ursprungsland Sverige"
    ],
    "imgUrl": "https://handlaprivatkund.ica.se/images-v3/bf7a00ca-390e-4769-865f-dc369586872e/77f43a89-571f-4fe5-b12b-370d3e9d518d/500x500.jpg",
    "productInformation": "ICA Pannbiffar är saftiga och matiga med mild smak. Servera med potatismos, lingon och gräddsås. Mums!",
    "countryText": "Sverige",
    "companyText": "ICA",
    "ingrediensText": "Ingredienser Gris*- och nötkött* 72%, vatten, potatismjöl, animaliskt nötprotein, potatisflingor, salt, lök, druvsocker, potatisfiber, kryddor (svartpeppar, vitpeppar, muskotnöt), grönsaksbuljong (glukossirap, tomatextrakt, vitlök). Stekta i rapsolja. *Fött, uppfött och slaktat i Sverige",
    "storage": "",
    "allergens": "",
    "usage": "",
    "nutrition": [
      {
        "Näringsvärde": "Energi (kcal)",
        "100 Gram": "230 kcal"
      },
      {
        "Näringsvärde": "Energi (kJ)",
        "100 Gram": "950 kJ"
      },
      {
        "Näringsvärde": "Fett",
        "100 Gram": "16 g"
      },
      {
        "Näringsvärde": "Varav mättat fett",
        "100 Gram": "6 g"
      },
      {
        "Näringsvärde": "Kolhydrat",
        "100 Gram": "7.1 g"
      },
      {
        "Näringsvärde": "Varav sockerarter",
        "100 Gram": "0.9 g"
      },
      {
        "Näringsvärde": "Fiber",
        "100 Gram": "1 g"
      },
      {
        "Näringsvärde": "Protein",
        "100 Gram": "15 g"
      },
      {
        "Näringsvärde": "Salt",
        "100 Gram": "1.6 g"
      }
    ],
    "nutritionUnitText": "Näringsvärde per 100 gram",
    "categories": {
      "mainCategory": "Kött, Chark & Fågel",
      "subCategories": [
        {
          "name": "Matchark",
          "subSubCategories": [
            "Köttbullar & färsprodukter",
            "Köttbullar & färsprodukter, färska"
          ]
        }
      ]
    }
  },
  {
    "name": "Sylta Småländsk 200g Lithells",
    "weightText": "0.2 kg",
    "caPart": "",
    "weightValue": 0.2,
    "weightUnit": "kg",
    "comparePrice": "92,50 kr/kg",
    "currentPrice": 18.5,
    "attributes": [
      "Nyckelhålet"
    ],
    "imgUrl": "https://handlaprivatkund.ica.se/images-v3/bf7a00ca-390e-4769-865f-dc369586872e/b9b50e61-bc4c-460f-8f0e-e5a4ee3e3418/500x500.jpg",
    "productInformation": "Lithells Småländsk Sylta passar på smörgåsen med en klick rödbetssallad eller senap. Syltan är färdig att ätas när man tar den ur förpackningen.",
    "countryText": "",
    "companyText": "Lithells",
    "ingrediensText": "Griskött (45%), vatten, bindväv från gris, kalvkött (5%), salt, kryddor (kryddpeppar, vitpeppar), jästextrakt, konserveringsmedel (E250). Köttråvara: EU",
    "storage": "Kylvara: Förvaras vid högst +8°C.",
    "allergens": "",
    "usage": "Öppnad förpackning förvaras i kylskåp 3-5 dagar.",
    "nutrition": [
      {
        "Näringsvärde": "Energi (kcal)",
        "100 Gram": "120 kcal"
      },
      {
        "Näringsvärde": "Energi (kJ)",
        "100 Gram": "480 kJ"
      },
      {
        "Näringsvärde": "Fett",
        "100 Gram": "8 g"
      },
      {
        "Näringsvärde": "Varav mättat fett",
        "100 Gram": "4 g"
      },
      {
        "Näringsvärde": "Kolhydrat",
        "100 Gram": "0.5 g"
      },
      {
        "Näringsvärde": "Varav sockerarter",
        "100 Gram": "0.5 g"
      },
      {
        "Näringsvärde": "Protein",
        "100 Gram": "11 g"
      },
      {
        "Näringsvärde": "Salt",
        "100 Gram": "1.7 g"
      }
    ],
    "nutritionUnitText": "Näringsvärde per 100 gram",
    "categories": {
      "mainCategory": "Jul",
      "subCategories": [
        {
          "name": "Julmat",
          "subSubCategories": [
            "Övrig julmat"
          ]
        }
      ]
    }
  },
  {
    "name": "Kyckling Caesar Stekt och Skivad 200g Kronfågel",
    "weightText": "0.2 kg",
    "caPart": "",
    "weightValue": 0.2,
    "weightUnit": "kg",
    "comparePrice": "224,75 kr/kg",
    "currentPrice": 44.95,
    "attributes": [
      "Nyckelhålet"
    ],
    "imgUrl": "https://handlaprivatkund.ica.se/images-v3/bf7a00ca-390e-4769-865f-dc369586872e/072dac6c-4992-4003-b566-b2ef3f61c30d/500x500.jpg",
    "productInformation": "Stekt och skivad kyckling Caesar från Kronfågel är en av våra goda vardagsfavoriter. En stekt och skivad kycklingfilé färdig att äta, perfekt kryddad för en snabb och härligt god Caesarsallad till lunch, middag eller picknick. Kycklingfilé Caesar kan serveras kall eller varm, enkel att servera familjen eller större sällskap. Alltid svensk kyckling för en godare måltid",
    "countryText": "",
    "companyText": "Kronfågel",
    "ingrediensText": "Kycklingbröstfilé, salt, svartpeppar, chili, ingefära, kanel, kardemumma, kryddnejlika, spiskummin, vitlök, stabiliseringsmedel (E450, E451), druvsocker, surhetsreglerande medel (E262, E330), kryddextrakt (paprika, svartpeppar, rosmarin), antioxidationsmedel (E301), arom. Till 100g färdig kyckling har använts 112g kyckling.",
    "storage": "",
    "allergens": "",
    "usage": "",
    "nutrition": [
      {
        "Näringsvärde": "Energi (kcal)",
        "100 Gram": "110 kcal"
      },
      {
        "Näringsvärde": "Energi (kJ)",
        "100 Gram": "450 kJ"
      },
      {
        "Näringsvärde": "Fett",
        "100 Gram": "1.7 g"
      },
      {
        "Näringsvärde": "Varav mättat fett",
        "100 Gram": "0.5 g"
      },
      {
        "Näringsvärde": "Kolhydrat",
        "100 Gram": "0.5 g"
      },
      {
        "Näringsvärde": "Varav sockerarter",
        "100 Gram": "0.5 g"
      },
      {
        "Näringsvärde": "Protein",
        "100 Gram": "22 g"
      },
      {
        "Näringsvärde": "Salt",
        "100 Gram": "1.5 g"
      }
    ],
    "nutritionUnitText": "Näringsvärde per 100 gram",
    "categories": {
      "mainCategory": "Kött, Chark & Fågel",
      "subCategories": [
        {
          "name": "Kyckling & Fågel",
          "subSubCategories": [
            "Förberedd fågel",
            "Förberedd fågel, färsk"
          ]
        }
      ]
    }
  },
  {
    "name": "Pepparsalami 120g Kotivara",
    "weightText": "0.12 kg",
    "caPart": "",
    "weightValue": 0.12,
    "weightUnit": "kg",
    "comparePrice": "241,25 kr/kg",
    "currentPrice": 28.95,
    "attributes": [
      "Glutenfritt",
      "Laktosfritt"
    ],
    "imgUrl": "https://handlaprivatkund.ica.se/images-v3/bf7a00ca-390e-4769-865f-dc369586872e/606ed2ee-cb01-4b41-a955-f798c429238c/500x500.jpg",
    "productInformation": "Pepparsalami passar som pålägg på smörgåsen, som tapas, på buffébordet eller som krydda i matlagningen.",
    "countryText": "",
    "companyText": "Kotivara",
    "ingrediensText": "griskött (EU), hästkött (EU och utanför EU), späck (EU), salt, kryddor (svart- och vitpeppar, koriander, SENAPSFRÖ), maltodextrin, gelatin, dextros, antioxidationsmedel (E301), kryddextrakt (svartpeppar) och konserveringsmedel (E250). Till 100 g av den färdiga varan har använts 128 g kött.",
    "storage": "",
    "allergens": "",
    "usage": "",
    "nutrition": [
      {
        "Näringsvärde": "Energi (kcal)",
        "100 Gram": "433 kcal"
      },
      {
        "Näringsvärde": "Energi (kJ)",
        "100 Gram": "1810 kJ"
      },
      {
        "Näringsvärde": "Fett",
        "100 Gram": "37 g"
      },
      {
        "Näringsvärde": "Varav mättat fett",
        "100 Gram": "13.4 g"
      },
      {
        "Näringsvärde": "Kolhydrat",
        "100 Gram": "3.9 g"
      },
      {
        "Näringsvärde": "Varav sockerarter",
        "100 Gram": "0.1 g"
      },
      {
        "Näringsvärde": "Fiber",
        "100 Gram": "2.1 g"
      },
      {
        "Näringsvärde": "Protein",
        "100 Gram": "21.6 g"
      },
      {
        "Näringsvärde": "Salt",
        "100 Gram": "4 g"
      }
    ],
    "nutritionUnitText": "Näringsvärde per 100 gram",
    "categories": {
      "mainCategory": "Kött, Chark & Fågel",
      "subCategories": [
        {
          "name": "Pålägg",
          "subSubCategories": [
            "Salami"
          ]
        }
      ]
    }
  },
  {
    "name": "Kyckling Örtkryddad 120g ICA",
    "weightText": "0.12 kg",
    "caPart": "",
    "weightValue": 0.12,
    "weightUnit": "kg",
    "comparePrice": "216,25 kr/kg",
    "currentPrice": 25.95,
    "attributes": [
      "Från Sverige",
      "Nyckelhålet",
      "Kött från Sverige"
    ],
    "imgUrl": "https://handlaprivatkund.ica.se/images-v3/bf7a00ca-390e-4769-865f-dc369586872e/23d3d77c-e21c-4566-9047-868e5b22cd0b/500x500.jpg",
    "productInformation": "ICA Örtkryddad kyckling är gjord på svenk fågel och passar både på smörgåsen eller i en sallad. Lägg kycklingen på smörgåsen och kombinera med lite cottage cheese och paprika för ett extra smarrigt mellanmål!",
    "countryText": "",
    "companyText": "ICA",
    "ingrediensText": "Ingredienser: Kyckling* 95%, salt, antioxidationsmedel (E301, E331), socker**, stabiliseringsmedel (E450), konserveringsmedel (E250). Ytkrydda: salt, socker**, vitlök, rosmarin, salvia, persilja, timjan, körvel, basilika, rapsolja.*Fött, uppfött och slaktat i Sverige.**Ursprung Sverige.",
    "storage": "Lägsta förvaringstemperatur 0°C Högsta förvaringstemperatur 8°C",
    "allergens": "",
    "usage": "",
    "nutrition": [
      {
        "Näringsvärde": "Energi (kcal)",
        "100 Gram": "100 kcal"
      },
      {
        "Näringsvärde": "Energi (kJ)",
        "100 Gram": "420 kJ"
      },
      {
        "Näringsvärde": "Fett",
        "100 Gram": "1.1 g"
      },
      {
        "Näringsvärde": "Varav mättat fett",
        "100 Gram": "0.5 g"
      },
      {
        "Näringsvärde": "Kolhydrat",
        "100 Gram": "2 g"
      },
      {
        "Näringsvärde": "Varav sockerarter",
        "100 Gram": "0.5 g"
      },
      {
        "Näringsvärde": "Protein",
        "100 Gram": "20 g"
      },
      {
        "Näringsvärde": "Salt",
        "100 Gram": "2.3 g"
      }
    ],
    "nutritionUnitText": "",
    "categories": {
      "mainCategory": "Kött, Chark & Fågel",
      "subCategories": [
        {
          "name": "Pålägg",
          "subSubCategories": [
            "Fågel"
          ]
        }
      ]
    }
  },
  {
    "name": "Grillkorv Tjock Extra fin 75% Kötthalt 600g ICA",
    "weightText": "0.6 kg",
    "caPart": "",
    "weightValue": 0.6,
    "weightUnit": "kg",
    "comparePrice": "98,25 kr/kg",
    "currentPrice": 58.95,
    "attributes": [
      "Glutenfritt",
      "Kött från Sverige",
      "Ursprungsland Sverige",
      "Laktosfritt"
    ],
    "imgUrl": "https://handlaprivatkund.ica.se/images-v3/bf7a00ca-390e-4769-865f-dc369586872e/aaaa41e6-5f80-426c-865e-727e5a029ad9/500x500.jpg",
    "productInformation": "ICA Extra fin tjock grillkorv är en klassik grillkorv gjord på svensk råvara med en högre kötthalt på 75 %. Ugnsrosta grillkorv, potatis, paprika och lök – en enkel matig rätt som passar perfekt i vardagsstressen.",
    "countryText": "Sverige",
    "companyText": "ICA",
    "ingrediensText": "Gris*- och nötkött* 75%, vatten, potatismjöl, salt, fett från gris*, socker, kryddor (vitpeppar, lökpulver, paprikapulver), antioxidationsmedel (E300), konserveringsmedel (E250).Stoppad i naturtarm från gris. Alspånsrökt.*Fött, uppfött och slaktat i Sverige.",
    "storage": "Kylvara: max +8°C.",
    "allergens": "",
    "usage": "Öppnad förpackning: max +8°C",
    "nutrition": [
      {
        "Näringsvärde": "Energi (kcal)",
        "100 Gram": "265 kcal"
      },
      {
        "Näringsvärde": "Energi (kJ)",
        "100 Gram": "1098 kJ"
      },
      {
        "Näringsvärde": "Fett",
        "100 Gram": "23 g"
      },
      {
        "Näringsvärde": "Varav mättat fett",
        "100 Gram": "9.1 g"
      },
      {
        "Näringsvärde": "Kolhydrat",
        "100 Gram": "3.5 g"
      },
      {
        "Näringsvärde": "Varav sockerarter",
        "100 Gram": "0.7 g"
      },
      {
        "Näringsvärde": "Protein",
        "100 Gram": "11 g"
      },
      {
        "Näringsvärde": "Salt",
        "100 Gram": "1.9 g"
      }
    ],
    "nutritionUnitText": "Näringsvärde per 100 gram",
    "categories": {
      "mainCategory": "Kött, Chark & Fågel",
      "subCategories": [
        {
          "name": "Korv",
          "subSubCategories": [
            "Glutenfri korv"
          ]
        }
      ]
    }
  },
  {
    "name": "Korv Fuet 170g ICA",
    "weightText": "0.17 kg",
    "caPart": "",
    "weightValue": 0.17,
    "weightUnit": "kg",
    "comparePrice": "246,76 kr/kg",
    "currentPrice": 41.95,
    "attributes": [],
    "imgUrl": "https://handlaprivatkund.ica.se/images-v3/bf7a00ca-390e-4769-865f-dc369586872e/7739eac0-bd9a-4281-aa90-b7107186ba66/500x500.jpg",
    "productInformation": "Fuet är en spansk lufttorkad korv med inslag av svartpeppar. Allra bäst smakar den rumstempererad. Då är den enkel att skära upp och smakerna kommer fram ordentligt. En succé till fördrinken, precis som den är.",
    "countryText": "",
    "companyText": "ICA",
    "ingrediensText": "Griskött*, salt, LAKTOS, MJÖLKPULVER, aromer, svartpeppar, druvsocker, antioxidationsmedel (E301), konserveringsmedel (E250, E252), MJÖLKsyrakultur. Stoppad i naturtarm av gris. *Fött, uppfött och slaktat i Spanien. Till 100 g färdig produkt har 159 g köttråvara använts.",
    "storage": "Förvaras torrt och svalt, ej över normal rumstemperatur. Öppnad förpackning förvaras i kylskåp (max +8°C).",
    "allergens": "LAKTOS, MJÖLKPULVER",
    "usage": "",
    "nutrition": [
      {
        "Näringsvärde": "Energi (kcal)",
        "100 Gram": "430 kcal"
      },
      {
        "Näringsvärde": "Energi (kJ)",
        "100 Gram": "1782 kJ"
      },
      {
        "Näringsvärde": "Fett",
        "100 Gram": "36 g"
      },
      {
        "Näringsvärde": "Varav mättat fett",
        "100 Gram": "14 g"
      },
      {
        "Näringsvärde": "Kolhydrat",
        "100 Gram": "2.5 g"
      },
      {
        "Näringsvärde": "Varav sockerarter",
        "100 Gram": "2.5 g"
      },
      {
        "Näringsvärde": "Protein",
        "100 Gram": "24 g"
      },
      {
        "Näringsvärde": "Salt",
        "100 Gram": "4.5 g"
      }
    ],
    "nutritionUnitText": "Näringsvärde per 100 gram",
    "categories": {
      "mainCategory": "Kött, Chark & Fågel",
      "subCategories": [
        {
          "name": "Delikatesschark",
          "subSubCategories": [
            "Salami delikatess"
          ]
        }
      ]
    }
  },
  {
    "name": "Stekfläsk Skivat 375g Scan",
    "weightText": "0.375 kg",
    "caPart": "",
    "weightValue": 0.375,
    "weightUnit": "kg",
    "comparePrice": "135,87 kr/kg",
    "currentPrice": 50.95,
    "attributes": [],
    "imgUrl": "https://handlaprivatkund.ica.se/images-v3/bf7a00ca-390e-4769-865f-dc369586872e/ebd526fb-d8a7-4118-99d3-e02050b1a204/500x500.jpg",
    "productInformation": "Scan Piggham är ett extra gott, saftigt och smakrikt kött som tilldelats Gastronomiska Akademins pris för “det saftiga och välsmakande köttet”. Stekfläsk, som sitter på sidan, är härligt gott och går snabbt att steka. Med färdigskurna skivor tillagar du snabbt och lätt en festmåltid.",
    "countryText": "",
    "companyText": "Scan",
    "ingrediensText": "Ingredienser: Svenskt sidfläsk (92%), vatten, salt, glykossirap, antioxidationsmedel (E301), konserveringsmedel (E250). Stekfläsk är en rå produkt som ska tillagas före användning.",
    "storage": "",
    "allergens": "",
    "usage": "",
    "nutrition": [
      {
        "Näringsvärde": "Energi (kcal)",
        "100 Gram": "320 kcal"
      },
      {
        "Näringsvärde": "Energi (kJ)",
        "100 Gram": "1350 kJ"
      },
      {
        "Näringsvärde": "Fett",
        "100 Gram": "30 g"
      },
      {
        "Näringsvärde": "Varav mättat fett",
        "100 Gram": "12 g"
      },
      {
        "Näringsvärde": "Kolhydrat",
        "100 Gram": "0.5 g"
      },
      {
        "Näringsvärde": "Varav sockerarter",
        "100 Gram": "0.5 g"
      },
      {
        "Näringsvärde": "Protein",
        "100 Gram": "13 g"
      },
      {
        "Näringsvärde": "Salt",
        "100 Gram": "2 g"
      }
    ],
    "nutritionUnitText": "Näringsvärde per 100 gram",
    "categories": {
      "mainCategory": "Kött, Chark & Fågel",
      "subCategories": [
        {
          "name": "Matchark",
          "subSubCategories": [
            "Bacon & stekfläsk"
          ]
        }
      ]
    }
  },
  {
    "name": "Sidfläsk Färskt skivat ca 400g ICA",
    "weightText": "Ca 0.4 kg",
    "caPart": "Ca",
    "weightValue": 0.4,
    "weightUnit": "kg",
    "comparePrice": "115,00 kr/kg",
    "currentPrice": 46,
    "attributes": [
      "Kött från Sverige",
      "Ursprungsland Sverige"
    ],
    "imgUrl": "https://handlaprivatkund.ica.se/images-v3/bf7a00ca-390e-4769-865f-dc369586872e/23eeab4f-c516-4002-bfbc-d89c539f59e7/500x500.jpg",
    "productInformation": "ICA sidfläsk i skivor. För en saftig risrätt; strimla fläsket, woka det och krydda med curry, vitlök och chili. Tillsätt grönsaker, kokt ris och ett par ägg. - Lägst antibiotikaanvändning i EU- Djuromsorg i världsklass- Levande landsbygd",
    "countryText": "Sverige",
    "companyText": "ICA",
    "ingrediensText": "",
    "storage": "",
    "allergens": "",
    "usage": "",
    "nutrition": [
      {
        "Näringsvärde": "Energi (kcal)",
        "100 Gram": "255 kcal"
      },
      {
        "Näringsvärde": "Energi (kJ)",
        "100 Gram": "1057 kJ"
      },
      {
        "Näringsvärde": "Fett",
        "100 Gram": "21 g"
      },
      {
        "Näringsvärde": "Varav mättat fett",
        "100 Gram": "8.8 g"
      },
      {
        "Näringsvärde": "Kolhydrat",
        "100 Gram": "0.5 g"
      },
      {
        "Näringsvärde": "Varav sockerarter",
        "100 Gram": "0.5 g"
      },
      {
        "Näringsvärde": "Protein",
        "100 Gram": "17 g"
      },
      {
        "Näringsvärde": "Salt",
        "100 Gram": "0.15 g"
      }
    ],
    "nutritionUnitText": "Näringsvärde per 100 gram",
    "categories": {
      "mainCategory": "Kött, Chark & Fågel",
      "subCategories": [
        {
          "name": "Matchark",
          "subSubCategories": [
            "Bacon & stekfläsk"
          ]
        }
      ]
    }
  },
  {
    "name": "Prinskorv 600g Scan",
    "weightText": "0.6 kg",
    "caPart": "",
    "weightValue": 0.6,
    "weightUnit": "kg",
    "comparePrice": "84,92 kr/kg",
    "currentPrice": 50.95,
    "attributes": [
      "Kött från Sverige",
      "Ursprungsland Sverige"
    ],
    "imgUrl": "https://handlaprivatkund.ica.se/images-v3/bf7a00ca-390e-4769-865f-dc369586872e/2f4414df-4f79-415d-bb9a-5bc60f5c69fb/500x500.jpg",
    "productInformation": "En varmrökt kvalitetsprinskorv med klassisk smak och hög kötthalt. Prinskorvarna är tillverkade med extra tunt skinn. Våra korvar innehåller bara svenskt kött från våra gårdar.",
    "countryText": "Sverige",
    "companyText": "Scan",
    "ingrediensText": "INGREDIENSER: Svenskt gris- och nötkött (61%)*, vatten, fett från gris- och nötkött*, potatismjöl, salt, lök, kryddor, kryddextrakt, antioxidationsmedel E326: E300, konserveringsmedel E261:E250, kollagentarm, rökarom. *Ursprung: Sverige",
    "storage": "",
    "allergens": "",
    "usage": "",
    "nutrition": [
      {
        "Näringsvärde": "Energi (kcal)",
        "100 Gram": "260 kcal"
      },
      {
        "Näringsvärde": "Energi (kJ)",
        "100 Gram": "1100 kJ"
      },
      {
        "Näringsvärde": "Fett",
        "100 Gram": "23 g"
      },
      {
        "Näringsvärde": "Varav mättat fett",
        "100 Gram": "9 g"
      },
      {
        "Näringsvärde": "Kolhydrat",
        "100 Gram": "4 g"
      },
      {
        "Näringsvärde": "Varav sockerarter",
        "100 Gram": "0.5 g"
      },
      {
        "Näringsvärde": "Protein",
        "100 Gram": "10 g"
      },
      {
        "Näringsvärde": "Salt",
        "100 Gram": "1.9 g"
      }
    ],
    "nutritionUnitText": "Näringsvärde per 100 gram",
    "categories": {
      "mainCategory": "Jul",
      "subCategories": [
        {
          "name": "Julmat",
          "subSubCategories": [
            "Korv, Köttbullar & Rödbetssallad",
            "Prinskorv & Julkorv"
          ]
        }
      ]
    }
  },
  {
    "name": "Lammfärs Färsk 20% frystinad 500g ICA",
    "weightText": "0.5 kg",
    "caPart": "",
    "weightValue": 0.5,
    "weightUnit": "kg",
    "comparePrice": "183,90 kr/kg",
    "currentPrice": 91.95,
    "attributes": [
      "Kött från Sverige"
    ],
    "imgUrl": "https://handlaprivatkund.ica.se/images-v3/bf7a00ca-390e-4769-865f-dc369586872e/489fc3df-4148-4aff-9bef-e84fece4ee90/500x500.jpg",
    "productInformation": "Lammfärs med 20 % fetthalt från svenska gårdar. Råvaran har varit fryst, bör ej återfrysas",
    "countryText": "",
    "companyText": "ICA",
    "ingrediensText": "Finmald färs av lamm**. **Fött, uppfött, slaktat och styckat i Sverige. Berett (malet) i Sverige 507.",
    "storage": "Kylvara. Förvaras vid max 4°C. Lägsta förvaringstemperatur 0°C Högsta förvaringstemperatur 4°C",
    "allergens": "",
    "usage": "",
    "nutrition": [
      {
        "Näringsvärde": "Energi (kcal)",
        "100 Gram": "247 kcal"
      },
      {
        "Näringsvärde": "Energi (kJ)",
        "100 Gram": "1024 kJ"
      },
      {
        "Näringsvärde": "Fett",
        "100 Gram": "20 g"
      },
      {
        "Näringsvärde": "Varav mättat fett",
        "100 Gram": "9.2 g"
      },
      {
        "Näringsvärde": "Kolhydrat",
        "100 Gram": "0.5 g"
      },
      {
        "Näringsvärde": "Varav sockerarter",
        "100 Gram": "0.5 g"
      },
      {
        "Näringsvärde": "Protein",
        "100 Gram": "17 g"
      },
      {
        "Näringsvärde": "Salt",
        "100 Gram": "0.2 g"
      }
    ],
    "nutritionUnitText": "Näringsvärde per 100 gram",
    "categories": {
      "mainCategory": "Kött, Chark & Fågel",
      "subCategories": [
        {
          "name": "Kött",
          "subSubCategories": [
            "Lamm",
            "Lammfärs"
          ]
        }
      ]
    }
  },
  {
    "name": "Cognacsmedwurst Alspånsrökt 300g ICA",
    "weightText": "0.3 kg",
    "caPart": "",
    "weightValue": 0.3,
    "weightUnit": "kg",
    "comparePrice": "93,17 kr/kg",
    "currentPrice": 27.95,
    "attributes": [
      "Kött från Sverige",
      "Ursprungsland Sverige"
    ],
    "imgUrl": "https://handlaprivatkund.ica.se/images-v3/bf7a00ca-390e-4769-865f-dc369586872e/77cb6ed7-2a0c-450a-846d-e43706a5137d/500x500.jpg",
    "productInformation": "ICA Alspånsrökt Cognacsmedwurst är en korv med syrlig smak och lite sälta. Passar på smörgåsen, till charktallriken eller smörgåsbordet.",
    "countryText": "Sverige",
    "companyText": "ICA",
    "ingrediensText": "INGREDIENSER: Gris*- och nötkött* 69%, fett från gris*, socker, salt, potatisflingor, animaliskt protein (från gris), vatten, druvsocker, kryddor (vitpeppar, ingefära), cognac, cognacsarom, konserveringsmedel (E250), antioxidationsmedel (E300), karmin (E120). Ej ätbart korvskinn. Kallrökt. *Fött, uppfött och slaktat i Sverige.",
    "storage": "Högsta förvaringstemperatur 8°C",
    "allergens": "",
    "usage": "",
    "nutrition": [
      {
        "Näringsvärde": "Energi (kcal)",
        "100 Gram": "400 kcal"
      },
      {
        "Näringsvärde": "Energi (kJ)",
        "100 Gram": "1650 kJ"
      },
      {
        "Näringsvärde": "Fett",
        "100 Gram": "36 g"
      },
      {
        "Näringsvärde": "Varav mättat fett",
        "100 Gram": "14 g"
      },
      {
        "Näringsvärde": "Kolhydrat",
        "100 Gram": "6.3 g"
      },
      {
        "Näringsvärde": "Varav sockerarter",
        "100 Gram": "4 g"
      },
      {
        "Näringsvärde": "Protein",
        "100 Gram": "13.5 g"
      },
      {
        "Näringsvärde": "Salt",
        "100 Gram": "2.5 g"
      }
    ],
    "nutritionUnitText": "Näringsvärde per 100 gram",
    "categories": {
      "mainCategory": "Kött, Chark & Fågel",
      "subCategories": [
        {
          "name": "Pålägg",
          "subSubCategories": [
            "Påläggskorv"
          ]
        }
      ]
    }
  },
  {
    "name": "Bratwurst 300g ICA",
    "weightText": "0.3 kg",
    "caPart": "",
    "weightValue": 0.3,
    "weightUnit": "kg",
    "comparePrice": "101,67 kr/kg",
    "currentPrice": 30.5,
    "attributes": [
      "Kött från Sverige",
      "Ursprungsland Sverige"
    ],
    "imgUrl": "https://handlaprivatkund.ica.se/images-v3/bf7a00ca-390e-4769-865f-dc369586872e/c215cf3b-1efe-45ca-8d06-103cd679c575/500x500.jpg",
    "productInformation": "Korv med kryddig smak av bl.a. ingefära, koriander och vitlök. Skär några snitt längs med korven och stek på medelvärme i 8-10 minuter.",
    "countryText": "Sverige",
    "companyText": "ICA",
    "ingrediensText": "Ingredienser: Gris*- och nötkött* 78%, vatten, potatisstärkelse, salt, kryddor (muskot, kummin, druvsocker, vitlökspulver, svartpeppar, lökpulver, paprikapulver, ingefära), antioxidationsmedel (E300), konserveringsmedel (E250). Alspånsrökt. Stoppad i naturtarm från gris. *Fött, uppfött och slaktat i Sverige.",
    "storage": "",
    "allergens": "",
    "usage": "Kylvara. Förvaras vid högst +8°C",
    "nutrition": [
      {
        "Näringsvärde": "Energi (kcal)",
        "100 Gram": "250 kcal"
      },
      {
        "Näringsvärde": "Energi (kJ)",
        "100 Gram": "1050 kJ"
      },
      {
        "Näringsvärde": "Fett",
        "100 Gram": "21 g"
      },
      {
        "Näringsvärde": "Varav mättat fett",
        "100 Gram": "7 g"
      },
      {
        "Näringsvärde": "Kolhydrat",
        "100 Gram": "3.4 g"
      },
      {
        "Näringsvärde": "Varav sockerarter",
        "100 Gram": "1.8 g"
      },
      {
        "Näringsvärde": "Protein",
        "100 Gram": "12 g"
      },
      {
        "Näringsvärde": "Salt",
        "100 Gram": "1.9 g"
      }
    ],
    "nutritionUnitText": "Näringsvärde per 100 gram",
    "categories": {
      "mainCategory": "Kött, Chark & Fågel",
      "subCategories": [
        {
          "name": "Korv",
          "subSubCategories": [
            "Kryddkorv"
          ]
        }
      ]
    }
  },
  {
    "name": "Stekkorv Kyckling Extra fin 77% Kötthalt 500g ICA",
    "weightText": "0.5 kg",
    "caPart": "",
    "weightValue": 0.5,
    "weightUnit": "kg",
    "comparePrice": "91,90 kr/kg",
    "currentPrice": 45.95,
    "attributes": [
      "Från Sverige",
      "Glutenfritt",
      "Laktosfritt"
    ],
    "imgUrl": "https://handlaprivatkund.ica.se/images-v3/bf7a00ca-390e-4769-865f-dc369586872e/072f70a2-91d0-46b8-a059-86880bae24e0/500x500.jpg",
    "productInformation": "ICA Kycklingstekkorv med 77 % kötthalt gjord på svensk kycklingråvara med tydlig smak. En saftig stekkorv som passar perfekt till korvstroganoff, eller varför inte skiva ner den och stek på och ät tillsammans med stuvade makaroner.",
    "countryText": "",
    "companyText": "ICA",
    "ingrediensText": "Kycklingkött* 77%, vatten, fett från kyckling*, salt, potatismjöl, druvsocker, kryddor (ingefära, vitpeppar), kryddextrakt (svartpeppar, koriander), antioxidationsmedel (E300), konserveringsmedel (E250), rökarom. *Fött, uppfött och slaktat i Sverige. Ej ätbart korvskinn.",
    "storage": "Kylvara: Förvaras vid högst +8°C.",
    "allergens": "",
    "usage": "Ej ätbart korvskinn.",
    "nutrition": [
      {
        "Näringsvärde": "Energi (kcal)",
        "100 Gram": "191 kcal"
      },
      {
        "Näringsvärde": "Energi (kJ)",
        "100 Gram": "793 kJ"
      },
      {
        "Näringsvärde": "Fett",
        "100 Gram": "15 g"
      },
      {
        "Näringsvärde": "Varav mättat fett",
        "100 Gram": "4.9 g"
      },
      {
        "Näringsvärde": "Kolhydrat",
        "100 Gram": "2 g"
      },
      {
        "Näringsvärde": "Varav sockerarter",
        "100 Gram": "0.9 g"
      },
      {
        "Näringsvärde": "Protein",
        "100 Gram": "12 g"
      },
      {
        "Näringsvärde": "Salt",
        "100 Gram": "2 g"
      }
    ],
    "nutritionUnitText": "Näringsvärde per 100 gram",
    "categories": {
      "mainCategory": "Kött, Chark & Fågel",
      "subCategories": [
        {
          "name": "Korv",
          "subSubCategories": [
            "Glutenfri korv"
          ]
        }
      ]
    }
  },
  {
    "name": "Jamón Serrano 100g ICA",
    "weightText": "0.1 kg",
    "caPart": "",
    "weightValue": 0.1,
    "weightUnit": "kg",
    "comparePrice": "329,50 kr/kg",
    "currentPrice": 32.95,
    "attributes": [],
    "imgUrl": "https://handlaprivatkund.ica.se/images-v3/bf7a00ca-390e-4769-865f-dc369586872e/36c2e640-8390-4a23-836c-5e8f0b982e77/500x500.jpg",
    "productInformation": "ICA Jamon Serrano är en Spansk lufttorkad skinka, lagrad i 12 månader. Fyllig smak och med en välbalanserad sälta. Servera den på en tapasbricka tillsammans med en en god spansk manchegoost eller lufttorkad Fuet.",
    "countryText": "Spanien",
    "companyText": "ICA",
    "ingrediensText": "Ingredienser: Skinka av gris* (herlmuskel), salt, socker, konserveringsmedel (E250, E252), antioxidationsmedel (E301). *Fött, uppfött och slaktat i Spanien. Till 100 g färdig har 161 g köttråvara använts.",
    "storage": "Lägsta förvaringstemperatur 0°C Högsta förvaringstemperatur 5°C",
    "allergens": "",
    "usage": "",
    "nutrition": [],
    "nutritionUnitText": "Näringsvärde per styck",
    "categories": {
      "mainCategory": "Kött, Chark & Fågel",
      "subCategories": [
        {
          "name": "Delikatesschark",
          "subSubCategories": [
            "Lufttorkad skinka"
          ]
        }
      ]
    }
  },
  {
    "name": "Classic Salami Stick 80g Göl",
    "weightText": "0.08 kg",
    "caPart": "",
    "weightValue": 0.08,
    "weightUnit": "kg",
    "comparePrice": "324,38 kr/kg",
    "currentPrice": 25.95,
    "attributes": [],
    "imgUrl": "https://handlaprivatkund.ica.se/images-v3/bf7a00ca-390e-4769-865f-dc369586872e/d56e0a1f-fece-4d97-9ddd-c02e59c9f06a/500x500.jpg",
    "productInformation": "",
    "countryText": "",
    "companyText": "Göl",
    "ingrediensText": "Ingredienser: Griskött, grisfett, geleringsmedel (E 401), salt, socker, glukos, peppar, vitlök, aromer, antioxidationsmedel (E 316), stabiliseringsmedel (E 509), startkultur, färgämne (E 120), konserveringsmedel (E 250). Till 100 g färdigvara har använts 156 g griskött.",
    "storage": "Förvaras vid rumstemperatur. Lägsta förvaringstemperatur 4°C Högsta förvaringstemperatur 21°C",
    "allergens": "",
    "usage": "",
    "nutrition": [
      {
        "Näringsvärde": "Energi (kcal)",
        "100 Gram": "557 kcal"
      },
      {
        "Näringsvärde": "Energi (kJ)",
        "100 Gram": "2306 kJ"
      },
      {
        "Näringsvärde": "Fett",
        "100 Gram": "49 g"
      },
      {
        "Näringsvärde": "Varav mättat fett",
        "100 Gram": "20 g"
      },
      {
        "Näringsvärde": "Kolhydrat",
        "100 Gram": "3 g"
      },
      {
        "Näringsvärde": "Varav sockerarter",
        "100 Gram": "1 g"
      },
      {
        "Näringsvärde": "Protein",
        "100 Gram": "26 g"
      },
      {
        "Näringsvärde": "Salt",
        "100 Gram": "5 g"
      }
    ],
    "nutritionUnitText": "Näringsvärde per 100 gram",
    "categories": {
      "mainCategory": "Kött, Chark & Fågel",
      "subCategories": [
        {
          "name": "Delikatesschark",
          "subSubCategories": [
            "Ölkorv"
          ]
        }
      ]
    }
  },
  {
    "name": "Pastrami 120g ICA",
    "weightText": "0.12 kg",
    "caPart": "",
    "weightValue": 0.12,
    "weightUnit": "kg",
    "comparePrice": "199,58 kr/kg",
    "currentPrice": 23.95,
    "attributes": [
      "Nyckelhålet",
      "Kött från Sverige",
      "Ursprungsland Sverige"
    ],
    "imgUrl": "https://handlaprivatkund.ica.se/images-v3/bf7a00ca-390e-4769-865f-dc369586872e/2bb62752-82b1-4677-b48d-3b428b3eedd6/500x500.jpg",
    "productInformation": "ICA Pastrami är gjord på svenskt kött. Passar utmärkt till smörgåsen eller varför inte i en matig sallad.",
    "countryText": "Sverige",
    "companyText": "ICA",
    "ingrediensText": "Ingredienser: Skinka av gris* 95%, salt,stabiliseringsmedel (E451), potatismjöl, druvsocker, potatisfiber, socker**, anti-oxidationsmedel (E301), konserverings-medel (E250) kryddor (koriander, paprika-bitar, svartpeppar, chili och vitpeppar).*Fött, uppfött och slaktat i Sverige. **Ursprung Sverige.",
    "storage": "Lägsta förvaringstemperatur 0°C Högsta förvaringstemperatur 8°C",
    "allergens": "",
    "usage": "",
    "nutrition": [
      {
        "Näringsvärde": "Energi (kcal)",
        "100 Gram": "102 kcal"
      },
      {
        "Näringsvärde": "Energi (kJ)",
        "100 Gram": "430 kJ"
      },
      {
        "Näringsvärde": "Fett",
        "100 Gram": "2.8 g"
      },
      {
        "Näringsvärde": "Varav mättat fett",
        "100 Gram": "0.8 g"
      },
      {
        "Näringsvärde": "Kolhydrat",
        "100 Gram": "0.5 g"
      },
      {
        "Näringsvärde": "Varav sockerarter",
        "100 Gram": "0.5 g"
      },
      {
        "Näringsvärde": "Protein",
        "100 Gram": "19 g"
      },
      {
        "Näringsvärde": "Salt",
        "100 Gram": "2.4 g"
      }
    ],
    "nutritionUnitText": "Näringsvärde per 100 gram",
    "categories": {
      "mainCategory": "Kött, Chark & Fågel",
      "subCategories": [
        {
          "name": "Pålägg",
          "subSubCategories": [
            "Rostbiff & pastrami"
          ]
        }
      ]
    }
  },
  {
    "name": "Salami Magnifico Peperonico i skivor ca 8g Negroni",
    "weightText": "Ca 0.008 kg",
    "caPart": "Ca",
    "weightValue": 0.008,
    "weightUnit": "kg",
    "comparePrice": "469,50 kr/kg",
    "currentPrice": 3.76,
    "attributes": [],
    "imgUrl": "https://handlaprivatkund.ica.se/images-v3/bf7a00ca-390e-4769-865f-dc369586872e/c1b3fce1-e13e-4c00-9e87-359fa30d1405/500x500.jpg",
    "productInformation": "",
    "countryText": "",
    "companyText": "Negroni",
    "ingrediensText": "Griskött, paprikakoncentrat, salt, chilipeppar (0,4%), druvsocker, kryddor, paprika, antioxidationsmedel (natriumaskorbat), konserveringsmedel (kaliumnitrat, natriumnitrit). Till 100g färdig produkt har använts 127g köttråvara. ej ätbart korvskinn.",
    "storage": "Förvaras torrt och svalt.",
    "allergens": "",
    "usage": "Ej ätbart korvskinn.",
    "nutrition": [],
    "nutritionUnitText": "",
    "categories": {
      "mainCategory": "Butikens egna varor",
      "subCategories": [
        {
          "name": "Egen delikatesschark",
          "subSubCategories": [
            "Salami"
          ]
        }
      ]
    }
  },
  {
    "name": "Grillkorv Extra fin 75% Kötthalt 1kg ICA",
    "weightText": "1 kg",
    "caPart": "",
    "weightValue": 1,
    "weightUnit": "kg",
    "comparePrice": "67,95 kr/kg",
    "currentPrice": 67.95,
    "attributes": [
      "Glutenfritt",
      "Kött från Sverige",
      "Laktosfritt"
    ],
    "imgUrl": "https://handlaprivatkund.ica.se/images-v3/bf7a00ca-390e-4769-865f-dc369586872e/9051e983-8a17-464a-96e5-f1e6c789bd22/500x500.jpg",
    "productInformation": "ICA Grillkorv är en extra fin, svensk korv med hög kötthalt på 75%. God att grilla eller att steka. Ett tips är att skära ett par snitt i korven innan du tillagar den.",
    "countryText": "",
    "companyText": "ICA",
    "ingrediensText": "Gris*- och nötkött* 75%, vatten, potatismjöl, salt, fett från gris*, socker, kryddor (vitpeppar, lökpulver, paprikapulver), antioxidationsmedel (E300), konserveringsmedel (E250), rökarom, korven är skinnfri. *Fött, uppfött och slaktat i Sverige.",
    "storage": "Kylvara: Förvaras vid högst +8°C",
    "allergens": "",
    "usage": "",
    "nutrition": [
      {
        "Näringsvärde": "Energi (kcal)",
        "100 Gram": "265 kcal"
      },
      {
        "Näringsvärde": "Energi (kJ)",
        "100 Gram": "1098 kJ"
      },
      {
        "Näringsvärde": "Fett",
        "100 Gram": "23 g"
      },
      {
        "Näringsvärde": "Varav mättat fett",
        "100 Gram": "9.1 g"
      },
      {
        "Näringsvärde": "Kolhydrat",
        "100 Gram": "3.5 g"
      },
      {
        "Näringsvärde": "Varav sockerarter",
        "100 Gram": "0.7 g"
      },
      {
        "Näringsvärde": "Protein",
        "100 Gram": "11 g"
      },
      {
        "Näringsvärde": "Salt",
        "100 Gram": "1.9 g"
      }
    ],
    "nutritionUnitText": "Näringsvärde per 100 gram",
    "categories": {
      "mainCategory": "Kött, Chark & Fågel",
      "subCategories": [
        {
          "name": "Korv",
          "subSubCategories": [
            "Grillkorv"
          ]
        }
      ]
    }
  },
  {
    "name": "Kalkonfärs df 500g Ingelsta kalkon",
    "weightText": "0.5 kg",
    "caPart": "",
    "weightValue": 0.5,
    "weightUnit": "kg",
    "comparePrice": "115,90 kr/kg",
    "currentPrice": 57.95,
    "attributes": [
      "Nyckelhålet",
      "Svensk Fågel"
    ],
    "imgUrl": "https://handlaprivatkund.ica.se/images-v3/bf7a00ca-390e-4769-865f-dc369586872e/91c77627-cbb7-4ef7-9b66-bb186948ffef/500x500.jpg",
    "productInformation": "",
    "countryText": "",
    "companyText": "Ingelsta kalkon",
    "ingrediensText": "Ingredienser: Kalkonkött (100%).",
    "storage": "",
    "allergens": "",
    "usage": "",
    "nutrition": [
      {
        "Näringsvärde": "Energi (kcal)",
        "100 Gram": "170 kcal"
      },
      {
        "Näringsvärde": "Energi (kJ)",
        "100 Gram": "700 kJ"
      },
      {
        "Näringsvärde": "Fett",
        "100 Gram": "9 g"
      },
      {
        "Näringsvärde": "Varav mättat fett",
        "100 Gram": "3 g"
      },
      {
        "Näringsvärde": "Kolhydrat",
        "100 Gram": "1 g"
      },
      {
        "Näringsvärde": "Varav sockerarter",
        "100 Gram": "0.5 g"
      },
      {
        "Näringsvärde": "Protein",
        "100 Gram": "20 g"
      },
      {
        "Näringsvärde": "Salt",
        "100 Gram": "0.5 g"
      }
    ],
    "nutritionUnitText": "Näringsvärde per 100 gram",
    "categories": {
      "mainCategory": "Kött, Chark & Fågel",
      "subCategories": [
        {
          "name": "Kyckling & Fågel",
          "subSubCategories": [
            "Kalkon",
            "Fryst kalkon"
          ]
        }
      ]
    }
  },
  {
    "name": "Salami chips 80g Göl",
    "weightText": "0.08 kg",
    "caPart": "",
    "weightValue": 0.08,
    "weightUnit": "kg",
    "comparePrice": "324,38 kr/kg",
    "currentPrice": 25.95,
    "attributes": [],
    "imgUrl": "https://handlaprivatkund.ica.se/images-v3/bf7a00ca-390e-4769-865f-dc369586872e/eb0e87cb-7595-4e17-9e39-86c106016b63/500x500.jpg",
    "productInformation": "",
    "countryText": "",
    "companyText": "Göl",
    "ingrediensText": "Ingredienser: Griskött, grisfett, salt, aromer, kryddor, paprikaextrakt, glukos, färgämne (E 120), antioxidationsmedel (E 316), konserveringsmedel (E 250), startkultur. Till 100 g färdigvara har använts 150 g griskött.",
    "storage": "Förvaras vid rumstemperatur.",
    "allergens": "",
    "usage": "",
    "nutrition": [
      {
        "Näringsvärde": "Energi (kcal)",
        "100 Gram": "507 kcal"
      },
      {
        "Näringsvärde": "Energi (kJ)",
        "100 Gram": "2101 kJ"
      },
      {
        "Näringsvärde": "Fett",
        "100 Gram": "44 g"
      },
      {
        "Näringsvärde": "Varav mättat fett",
        "100 Gram": "16 g"
      },
      {
        "Näringsvärde": "Kolhydrat",
        "100 Gram": "2.8 g"
      },
      {
        "Näringsvärde": "Varav sockerarter",
        "100 Gram": "1 g"
      },
      {
        "Näringsvärde": "Protein",
        "100 Gram": "25 g"
      },
      {
        "Näringsvärde": "Salt",
        "100 Gram": "3.7 g"
      }
    ],
    "nutritionUnitText": "Näringsvärde per 100 gram",
    "categories": {
      "mainCategory": "Kött, Chark & Fågel",
      "subCategories": [
        {
          "name": "Delikatesschark",
          "subSubCategories": [
            "Ölkorv"
          ]
        }
      ]
    }
  },
  {
    "name": "Skinka Rökt Bror Jakobs 100g Jakobsdals",
    "weightText": "0.1 kg",
    "caPart": "",
    "weightValue": 0.1,
    "weightUnit": "kg",
    "comparePrice": "299,50 kr/kg",
    "currentPrice": 29.95,
    "attributes": [
      "Kött från Sverige"
    ],
    "imgUrl": "https://handlaprivatkund.ica.se/images-v3/bf7a00ca-390e-4769-865f-dc369586872e/51765e90-1b02-4334-a6db-fcdcef57fb19/500x500.jpg",
    "productInformation": "Tillagas av innan- och ytterlår av svensk köttråvara. Skinkan putsas noggrant, handläggs, nätas och röks sedan långsamt så att smakerna får tid på sig att utvecklas och mogna. Så tillagas en saftig klassisk skinka med mjuk saltdoft och en röksöt smak.",
    "countryText": "",
    "companyText": "Jakobsdals",
    "ingrediensText": "Skinka 96% (helmuskel), salt, druvsocker (majs), antioxidationsmedel (E325, E301), stabiliseringsmedel (E451), kryddor, kryddextrakt (muskot), konserveringsmedel E250. Rökt med rökarom. Ursprung: Sverige",
    "storage": "Lägsta förvaringstemperatur 0°C Högsta förvaringstemperatur 8°C",
    "allergens": "",
    "usage": "",
    "nutrition": [
      {
        "Näringsvärde": "Energi (kcal)",
        "100 Gram": "110",
        "% av DRI(*)": "6"
      },
      {
        "Näringsvärde": "Energi (kJ)",
        "100 Gram": "450",
        "% av DRI(*)": "5"
      },
      {
        "Näringsvärde": "Fett",
        "100 Gram": "2.2",
        "% av DRI(*)": "3"
      },
      {
        "Näringsvärde": "Varav mättat fett",
        "100 Gram": "0.7",
        "% av DRI(*)": "3"
      },
      {
        "Näringsvärde": "Kolhydrat",
        "100 Gram": "1.8",
        "% av DRI(*)": "1"
      },
      {
        "Näringsvärde": "Varav sockerarter",
        "100 Gram": "1.6",
        "% av DRI(*)": "2"
      },
      {
        "Näringsvärde": "Protein",
        "100 Gram": "20",
        "% av DRI(*)": "40"
      },
      {
        "Näringsvärde": "Salt",
        "100 Gram": "3.5",
        "% av DRI(*)": "58"
      }
    ],
    "nutritionUnitText": "Näringsvärde per 100 gram",
    "categories": {
      "mainCategory": "Kött, Chark & Fågel",
      "subCategories": [
        {
          "name": "Pålägg",
          "subSubCategories": [
            "Skinka"
          ]
        }
      ]
    }
  },
  {
    "name": "Högrevshamburgare Färsk 2-p 300g ICA",
    "weightText": "0.3 kg",
    "caPart": "",
    "weightValue": 0.3,
    "weightUnit": "kg",
    "comparePrice": "223,17 kr/kg",
    "currentPrice": 66.95,
    "attributes": [
      "Kött från Sverige"
    ],
    "imgUrl": "https://handlaprivatkund.ica.se/images-v3/bf7a00ca-390e-4769-865f-dc369586872e/ee3fec8d-8dfc-4ae8-a535-ef1e5f41540b/500x500.jpg",
    "productInformation": "",
    "countryText": "",
    "companyText": "ICA",
    "ingrediensText": "Högrev av nötkött* 90%, vatten, salt, svartpeppar. *Fött, uppfött, slaktat och styckat i Sverige. Fetthalt 12%",
    "storage": "",
    "allergens": "",
    "usage": "",
    "nutrition": [
      {
        "Näringsvärde": "Energi (kcal)",
        "100 Gram": "173 kcal"
      },
      {
        "Näringsvärde": "Energi (kJ)",
        "100 Gram": "719 kJ"
      },
      {
        "Näringsvärde": "Fett",
        "100 Gram": "12 g"
      },
      {
        "Näringsvärde": "Varav mättat fett",
        "100 Gram": "5.4 g"
      },
      {
        "Näringsvärde": "Kolhydrat",
        "100 Gram": "0.5 g"
      },
      {
        "Näringsvärde": "Varav sockerarter",
        "100 Gram": "0.5 g"
      },
      {
        "Näringsvärde": "Protein",
        "100 Gram": "17 g"
      },
      {
        "Näringsvärde": "Salt",
        "100 Gram": "1.2 g"
      }
    ],
    "nutritionUnitText": "Näringsvärde per 100 gram",
    "categories": {
      "mainCategory": "Kött, Chark & Fågel",
      "subCategories": [
        {
          "name": "Matchark",
          "subSubCategories": [
            "Hamburgare",
            "Färska hamburgare"
          ]
        }
      ]
    }
  },
  {
    "name": "Kycklingköttbullar Stekta Färska 500g ICA",
    "weightText": "0.5 kg",
    "caPart": "",
    "weightValue": 0.5,
    "weightUnit": "kg",
    "comparePrice": "99,90 kr/kg",
    "currentPrice": 49.95,
    "attributes": [
      "Från Sverige"
    ],
    "imgUrl": "https://handlaprivatkund.ica.se/images-v3/bf7a00ca-390e-4769-865f-dc369586872e/0ff712c6-9cb6-496b-a0e8-002e03bbc29f/500x500.jpg",
    "productInformation": "ICA Kycklingköttbullar 500 g är färdiga att äta och passar både till vardag och helg. Värm enkelt i stekpannan och servera gärna med makaroner eller potatis med lingon. Köttet i bullarna är från Sverige.",
    "countryText": "",
    "companyText": "ICA",
    "ingrediensText": "Kycklingkött* 72%, vatten, fett frånkyckling*, potatisstärkelse, lök,potatisflingor, salt, druvsocker,kryddor (vitpeppar, paprikapulver,svartpepparextrakt), potatisfiber,bambufiber, citrusfiber, vitlök,arom, tomat. Stekta i rapsolja.*Fött, uppfött och slaktat i Sverige.",
    "storage": "",
    "allergens": "",
    "usage": "",
    "nutrition": [
      {
        "Näringsvärde": "Energi (kcal)",
        "100 Gram": "241 kcal"
      },
      {
        "Näringsvärde": "Energi (kJ)",
        "100 Gram": "1003 kJ"
      },
      {
        "Näringsvärde": "Fett",
        "100 Gram": "17 g"
      },
      {
        "Näringsvärde": "Varav mättat fett",
        "100 Gram": "4.5 g"
      },
      {
        "Näringsvärde": "Kolhydrat",
        "100 Gram": "10 g"
      },
      {
        "Näringsvärde": "Varav sockerarter",
        "100 Gram": "0.5 g"
      },
      {
        "Näringsvärde": "Protein",
        "100 Gram": "12 g"
      },
      {
        "Näringsvärde": "Salt",
        "100 Gram": "1.6 g"
      }
    ],
    "nutritionUnitText": "Näringsvärde per 100 gram",
    "categories": {
      "mainCategory": "Jul",
      "subCategories": [
        {
          "name": "Julmat",
          "subSubCategories": [
            "Korv, Köttbullar & Rödbetssallad",
            "Köttbullar & Rödbetssallad"
          ]
        }
      ]
    }
  },
  {
    "name": "Majskyckling Färsk Hel ca 1,3kg Guldfågeln",
    "weightText": "Ca 1.3 kg",
    "caPart": "Ca",
    "weightValue": 1.3,
    "weightUnit": "kg",
    "comparePrice": "85,95 kr/kg",
    "currentPrice": 111.74,
    "attributes": [
      "Ursprungsland Sverige",
      "Svensk Fågel"
    ],
    "imgUrl": "https://handlaprivatkund.ica.se/images-v3/bf7a00ca-390e-4769-865f-dc369586872e/4391e43a-1c70-4da6-ab65-fcf7922b2ed9/500x500.jpg",
    "productInformation": "",
    "countryText": "Sverige",
    "companyText": "Guldfågeln",
    "ingrediensText": "Färsk hel majskyckling utan inkråm. Klass A Hel kyckling (100%)",
    "storage": "Lägsta förvaringstemperatur 0°C Högsta förvaringstemperatur 4°C",
    "allergens": "",
    "usage": "",
    "nutrition": [
      {
        "Näringsvärde": "Energi (kcal)",
        "100 Gram": "180 kcal"
      },
      {
        "Näringsvärde": "Energi (kJ)",
        "100 Gram": "750 kJ"
      },
      {
        "Näringsvärde": "Fett",
        "100 Gram": "12 g"
      },
      {
        "Näringsvärde": "Varav mättat fett",
        "100 Gram": "4 g"
      },
      {
        "Näringsvärde": "Kolhydrat",
        "100 Gram": "0.5 g"
      },
      {
        "Näringsvärde": "Varav sockerarter",
        "100 Gram": "0.5 g"
      },
      {
        "Näringsvärde": "Protein",
        "100 Gram": "18 g"
      },
      {
        "Näringsvärde": "Salt",
        "100 Gram": "0.2 g"
      }
    ],
    "nutritionUnitText": "Näringsvärde per 100 gram",
    "categories": {
      "mainCategory": "Kött, Chark & Fågel",
      "subCategories": [
        {
          "name": "Kyckling & Fågel",
          "subSubCategories": [
            "Hel kyckling",
            "Hel kyckling, färsk"
          ]
        }
      ]
    }
  },
  {
    "name": "Pastramibröst Kalkon i skivor ca 14g Ingelsta kalkon",
    "weightText": "Ca 0.014 kg",
    "caPart": "Ca",
    "weightValue": 0.014,
    "weightUnit": "kg",
    "comparePrice": "379,50 kr/kg",
    "currentPrice": 5.31,
    "attributes": [],
    "imgUrl": "https://handlaprivatkund.ica.se/images-v3/bf7a00ca-390e-4769-865f-dc369586872e/7fc2fcb0-42b1-4d5e-8d90-d05dc7a0a0a5/500x500.jpg",
    "productInformation": "",
    "countryText": "",
    "companyText": "Ingelsta kalkon",
    "ingrediensText": "Ingredienser: Kalkonkött (87%), vatten, salt, druvsocker, stabiliseringsmedel (E451), antioxidationsmedel (E301), svartpeppar, vitpeppar, paprika, ingefära, kryddpeppar, konserveringsmedel (E250).",
    "storage": "",
    "allergens": "",
    "usage": "",
    "nutrition": [],
    "nutritionUnitText": "Näringsvärde per styck",
    "categories": {
      "mainCategory": "Butikens egna varor",
      "subCategories": [
        {
          "name": "Egen delikatesschark",
          "subSubCategories": []
        }
      ]
    }
  },
  {
    "name": "Bacon Skivor Ekologisk 100g Tulip",
    "weightText": "0.1 kg",
    "caPart": "",
    "weightValue": 0.1,
    "weightUnit": "kg",
    "comparePrice": "249,50 kr/kg",
    "currentPrice": 24.95,
    "attributes": [
      "EU Ekologiskt",
      "Ekologiskt"
    ],
    "imgUrl": "https://handlaprivatkund.ica.se/images-v3/bf7a00ca-390e-4769-865f-dc369586872e/7b866d3d-d4a1-4974-a5ad-7862b78432fb/500x500.jpg",
    "productInformation": "Våra ekologiska grisar från Danmark går ute större delen av året, och bökar fritt i gräsbevuxen hage. Grisarna har tillgång till innevistelse när de önskar. Under den kallaste vintern är de inne mer, men har då tillgång till rastgård med halm och strö. Även smågrisarna föds upp utomhus, med såväl rastgård som hage. Våra ekologiska grisar äter ekologiskt foder, har knorren kvar och ges ingen antibiotika. Baconet från våra ekologiska utegrisar framställs helt utan tillsatser och innehåller inga e-nummer. I vanligt bacon finns tillsatt nitrit. Nitrit ger bl a köttet en rödare färg. Det gör att baconet i det här paketet kan vara lite brunare i färgen än annat bacon.",
    "countryText": "",
    "companyText": "Tulip",
    "ingrediensText": "Ingredienser: Ekologiskt sidfläsk, salt.",
    "storage": "Hållbarhet efter öppning: 2 dagar vid högst +5 °C, dock längst till bäst före datum.",
    "allergens": "",
    "usage": "",
    "nutrition": [
      {
        "Näringsvärde": "Energi (kcal)",
        "100 Gram": "312 kcal"
      },
      {
        "Näringsvärde": "Energi (kJ)",
        "100 Gram": "1291 kJ"
      },
      {
        "Näringsvärde": "Fett",
        "100 Gram": "28 g"
      },
      {
        "Näringsvärde": "Varav mättat fett",
        "100 Gram": "11 g"
      },
      {
        "Näringsvärde": "Kolhydrat",
        "100 Gram": "0 g"
      },
      {
        "Näringsvärde": "Varav sockerarter",
        "100 Gram": "0 g"
      },
      {
        "Näringsvärde": "Protein",
        "100 Gram": "15 g"
      },
      {
        "Näringsvärde": "Salt",
        "100 Gram": "2.9 g"
      }
    ],
    "nutritionUnitText": "Näringsvärde per 100 gram",
    "categories": {
      "mainCategory": "Kött, Chark & Fågel",
      "subCategories": [
        {
          "name": "Matchark",
          "subSubCategories": [
            "Bacon & stekfläsk"
          ]
        }
      ]
    }
  },
  {
    "name": "Minichorizo hot chipotle 300g ICA Selection",
    "weightText": "0.3 kg",
    "caPart": "",
    "weightValue": 0.3,
    "weightUnit": "kg",
    "comparePrice": "159,83 kr/kg",
    "currentPrice": 47.95,
    "attributes": [
      "Kött från Sverige",
      "Ursprungsland Sverige"
    ],
    "imgUrl": "https://handlaprivatkund.ica.se/images-v3/bf7a00ca-390e-4769-865f-dc369586872e/aa969847-c589-42b6-abe3-dd92e5bed11b/500x500.jpg",
    "productInformation": "",
    "countryText": "Sverige",
    "companyText": "ICA Selection",
    "ingrediensText": "Ingredienser: Kött av gris** 90%, druvsocker, tomat, kryddor(vitpeppar,anchochili,paprika,oregano, cayennepeppar),salt, farinsocker, lök, vatten, kryddextrakter,(chipotle,jalapeno,paprika), köttbuljong(av gris),rökektrakt(ek), antioxidations-medel (E325,E300), konserveringsmedel (E250). **Fött i, uppfött i, slaktat i, styckat i Sverige.",
    "storage": "Kylvara. Förvaras vid högst 4°C. Lägsta förvaringstemperatur 0°C Högsta förvaringstemperatur 4°C",
    "allergens": "",
    "usage": "",
    "nutrition": [
      {
        "Näringsvärde": "Energi (kcal)",
        "100 Gram": "290 kcal"
      },
      {
        "Näringsvärde": "Energi (kJ)",
        "100 Gram": "1250 kJ"
      },
      {
        "Näringsvärde": "Fett",
        "100 Gram": "25 g"
      },
      {
        "Näringsvärde": "Varav mättat fett",
        "100 Gram": "10 g"
      },
      {
        "Näringsvärde": "Kolhydrat",
        "100 Gram": "4.4 g"
      },
      {
        "Näringsvärde": "Varav sockerarter",
        "100 Gram": "2.7 g"
      },
      {
        "Näringsvärde": "Protein",
        "100 Gram": "14 g"
      },
      {
        "Näringsvärde": "Salt",
        "100 Gram": "2.4 g"
      }
    ],
    "nutritionUnitText": "",
    "categories": {
      "mainCategory": "Kött, Chark & Fågel",
      "subCategories": [
        {
          "name": "Korv",
          "subSubCategories": [
            "Färsk korv"
          ]
        }
      ]
    }
  },
  {
    "name": "Lunchkorv Extra fin 70% kötthalt 400g ICA",
    "weightText": "0.4 kg",
    "caPart": "",
    "weightValue": 0.4,
    "weightUnit": "kg",
    "comparePrice": "106,25 kr/kg",
    "currentPrice": 42.5,
    "attributes": [
      "Glutenfritt",
      "Kött från Sverige",
      "Laktosfritt"
    ],
    "imgUrl": "https://handlaprivatkund.ica.se/images-v3/bf7a00ca-390e-4769-865f-dc369586872e/da16c9cc-9372-431b-a8d7-ffad8d0122c0/500x500.jpg",
    "productInformation": "ICA Extra fin lunchkorv gjord på svensk råvara med en hög kötthalt på 70 %. En lunchkorv med mild smak av vitpeppar som passar såväl till lunchen som till frukosten.",
    "countryText": "",
    "companyText": "ICA",
    "ingrediensText": "Gris-* och nötkött* 70%, vatten, potatismjöl, fett från gris*, salt, druvsocker, kryddor (lökpulver, vitpeppar, koriander), kryddextrakt (svartpeppar, muskotblomma), antioxidationsmedel (E300), konserveringsmedel (E250).Stoppad i naturtarm från gris. Alspånsrökt.*Fött, uppfött och slaktat i Sverige.",
    "storage": "Kylvara: max +8°C.",
    "allergens": "",
    "usage": "Öppnad förpackning: max +8°C",
    "nutrition": [
      {
        "Näringsvärde": "Energi (kcal)",
        "100 Gram": "276 kcal"
      },
      {
        "Näringsvärde": "Energi (kJ)",
        "100 Gram": "1143 kJ"
      },
      {
        "Näringsvärde": "Fett",
        "100 Gram": "24 g"
      },
      {
        "Näringsvärde": "Varav mättat fett",
        "100 Gram": "9.6 g"
      },
      {
        "Näringsvärde": "Kolhydrat",
        "100 Gram": "5 g"
      },
      {
        "Näringsvärde": "Varav sockerarter",
        "100 Gram": "0.7 g"
      },
      {
        "Näringsvärde": "Protein",
        "100 Gram": "10 g"
      },
      {
        "Näringsvärde": "Salt",
        "100 Gram": "2 g"
      }
    ],
    "nutritionUnitText": "Näringsvärde per 100 gram",
    "categories": {
      "mainCategory": "Kött, Chark & Fågel",
      "subCategories": [
        {
          "name": "Korv",
          "subSubCategories": [
            "Frukostkorv"
          ]
        }
      ]
    }
  },
  {
    "name": "Bog Rökt 120g ICA",
    "weightText": "0.12 kg",
    "caPart": "",
    "weightValue": 0.12,
    "weightUnit": "kg",
    "comparePrice": "191,25 kr/kg",
    "currentPrice": 22.95,
    "attributes": [
      "Nyckelhålet",
      "Kött från Sverige"
    ],
    "imgUrl": "https://handlaprivatkund.ica.se/images-v3/bf7a00ca-390e-4769-865f-dc369586872e/8e1c7930-3b28-4c58-ae7f-ab68c6e8e59b/500x500.jpg",
    "productInformation": "Alspåns- och enrisrökt.",
    "countryText": "",
    "companyText": "ICA",
    "ingrediensText": "Ingredienser: Bog av gris* (helmuskel) 95%, salt, stabiliseringsmedel (E451), potatismjöl, druvsocker, potatisfiber, socker**, antioxidationsmedel (E301), konserveringsmedel (E250). *Fött, uppfött och slaktat i Sverige.**Ursprung Sverige.",
    "storage": "Lägsta förvaringstemperatur 0°C Högsta förvaringstemperatur 8°C",
    "allergens": "",
    "usage": "",
    "nutrition": [
      {
        "Näringsvärde": "Energi (kcal)",
        "100 Gram": "118 kcal"
      },
      {
        "Näringsvärde": "Energi (kJ)",
        "100 Gram": "494 kJ"
      },
      {
        "Näringsvärde": "Fett",
        "100 Gram": "5 g"
      },
      {
        "Näringsvärde": "Varav mättat fett",
        "100 Gram": "1.6 g"
      },
      {
        "Näringsvärde": "Kolhydrat",
        "100 Gram": "0.5 g"
      },
      {
        "Näringsvärde": "Varav sockerarter",
        "100 Gram": "0.5 g"
      },
      {
        "Näringsvärde": "Protein",
        "100 Gram": "18 g"
      },
      {
        "Näringsvärde": "Salt",
        "100 Gram": "2.5 g"
      }
    ],
    "nutritionUnitText": "Näringsvärde per 100 gram",
    "categories": {
      "mainCategory": "Kött, Chark & Fågel",
      "subCategories": [
        {
          "name": "Pålägg",
          "subSubCategories": [
            "Skinka"
          ]
        }
      ]
    }
  },
  {
    "name": "Stekfläsk Skivat 1kg ICA",
    "weightText": "1 kg",
    "caPart": "",
    "weightValue": 1,
    "weightUnit": "kg",
    "comparePrice": "110,00 kr/kg",
    "currentPrice": 110,
    "attributes": [
      "Kött från Sverige",
      "Ursprungsland Sverige"
    ],
    "imgUrl": "https://handlaprivatkund.ica.se/images-v3/bf7a00ca-390e-4769-865f-dc369586872e/d78116dd-f6b9-4435-863d-ab0379276f23/500x500.jpg",
    "productInformation": "ICA klassiskt rimmat Stekfläsk är skivat utan svål med fyllig smak och fin sälta. Tillverkat i Halmstad av svenskt kött.",
    "countryText": "Sverige",
    "companyText": "ICA",
    "ingrediensText": "Ingredienser: Griskött* 95%, salt, antioxidationsmedel (E301), konserveringsmedel(E250). *Fött uppfött och slaktat i Sverige",
    "storage": "Lägsta förvaringstemperatur 0°C Högsta förvaringstemperatur 8°C",
    "allergens": "",
    "usage": "",
    "nutrition": [
      {
        "Näringsvärde": "Energi (kcal)",
        "100 Gram": "264 kcal"
      },
      {
        "Näringsvärde": "Energi (kJ)",
        "100 Gram": "1095 kJ"
      },
      {
        "Näringsvärde": "Fett",
        "100 Gram": "22 g"
      },
      {
        "Näringsvärde": "Varav mättat fett",
        "100 Gram": "9 g"
      },
      {
        "Näringsvärde": "Kolhydrat",
        "100 Gram": "0.5 g"
      },
      {
        "Näringsvärde": "Varav sockerarter",
        "100 Gram": "0.5 g"
      },
      {
        "Näringsvärde": "Protein",
        "100 Gram": "16 g"
      },
      {
        "Näringsvärde": "Salt",
        "100 Gram": "2 g"
      },
      {
        "Näringsvärde": "Järn",
        "100 Gram": "0 mg"
      },
      {
        "Näringsvärde": "Natrium",
        "100 Gram": "0 mg"
      }
    ],
    "nutritionUnitText": "",
    "categories": {
      "mainCategory": "Kött, Chark & Fågel",
      "subCategories": [
        {
          "name": "Matchark",
          "subSubCategories": [
            "Bacon & stekfläsk"
          ]
        }
      ]
    }
  },
  {
    "name": "Originalpastej Skivbar 250g Arboga",
    "weightText": "0.25 kg",
    "caPart": "",
    "weightValue": 0.25,
    "weightUnit": "kg",
    "comparePrice": "87,80 kr/kg",
    "currentPrice": 21.95,
    "attributes": [],
    "imgUrl": "https://handlaprivatkund.ica.se/images-v3/bf7a00ca-390e-4769-865f-dc369586872e/c897f1e6-c412-4ff5-bade-fa18bab4bcf1/500x500.jpg",
    "productInformation": "Skivbar leverpastej som passar på en macka med smörgåsgurka eller en klick rödbetssallad. Använd även som pålägg på en matig landgång.",
    "countryText": "",
    "companyText": "Arboga",
    "ingrediensText": "Grislever (31%), MJÖLK, griskött (13%), fett från gris, vatten, VETEmjöl, bindväv från gris, potatismjöl, rapsolja, MJÖLKpulver, koksalt, socker, tryffelersättning (champinjoner, fårticka), kryddor och kryddextrakt (bl.a ingefära, muskotnöt, nejlika), druvsocker (majs), maltodextrin (majs), antioxidationsmedel (E300), konserveringsmedel (E250).",
    "storage": "",
    "allergens": "",
    "usage": "Kylvara: Högst +8°C",
    "nutrition": [
      {
        "Näringsvärde": "Energi (kcal)",
        "100 Gram": "270 kcal"
      },
      {
        "Näringsvärde": "Energi (kJ)",
        "100 Gram": "1150 kJ"
      },
      {
        "Näringsvärde": "Fett",
        "100 Gram": "21 g"
      },
      {
        "Näringsvärde": "Varav mättat fett",
        "100 Gram": "9.5 g"
      },
      {
        "Näringsvärde": "Kolhydrat",
        "100 Gram": "8.5 g"
      },
      {
        "Näringsvärde": "Varav sockerarter",
        "100 Gram": "2.5 g"
      },
      {
        "Näringsvärde": "Protein",
        "100 Gram": "12 g"
      },
      {
        "Näringsvärde": "Salt",
        "100 Gram": "2 g"
      },
      {
        "Näringsvärde": "Järn",
        "100 Gram": "7 mg",
        "% av DRI(*)": "50"
      }
    ],
    "nutritionUnitText": "Näringsvärde per 100 gram",
    "categories": {
      "mainCategory": "Kött, Chark & Fågel",
      "subCategories": [
        {
          "name": "Pålägg",
          "subSubCategories": [
            "Pastej & paté",
            "Pastej"
          ]
        }
      ]
    }
  },
  {
    "name": "Salami klassisk 120g Kotivara",
    "weightText": "0.12 kg",
    "caPart": "",
    "weightValue": 0.12,
    "weightUnit": "kg",
    "comparePrice": "241,25 kr/kg",
    "currentPrice": 28.95,
    "attributes": [],
    "imgUrl": "https://handlaprivatkund.ica.se/images-v3/bf7a00ca-390e-4769-865f-dc369586872e/eb6307b3-0aa6-4150-bc8f-69abf928122f/500x500.jpg",
    "productInformation": "Salami passar som pålägg på smörgåsen, som tapas, på buffébordet eller som krydda i matlagningen.",
    "countryText": "",
    "companyText": "Kotivara",
    "ingrediensText": "griskött (EU), nötkött (EU), salt, maltodextrin, kryddor (svart- och vitpeppar, koriander), dextros, antioxidationsmedel (E301), kryddextrakt (svartpeppar) och konserveringsmedel (E250).Till 100 g av den färdiga varan har använts 134 g kött.",
    "storage": "",
    "allergens": "",
    "usage": "",
    "nutrition": [
      {
        "Näringsvärde": "Energi (kcal)",
        "100 Gram": "433 kcal"
      },
      {
        "Näringsvärde": "Energi (kJ)",
        "100 Gram": "1810 kJ"
      },
      {
        "Näringsvärde": "Fett",
        "100 Gram": "37 g"
      },
      {
        "Näringsvärde": "Varav mättat fett",
        "100 Gram": "13.4 g"
      },
      {
        "Näringsvärde": "Kolhydrat",
        "100 Gram": "3.9 g"
      },
      {
        "Näringsvärde": "Varav sockerarter",
        "100 Gram": "0.1 g"
      },
      {
        "Näringsvärde": "Fiber",
        "100 Gram": "2.1 g"
      },
      {
        "Näringsvärde": "Protein",
        "100 Gram": "21.6 g"
      },
      {
        "Näringsvärde": "Salt",
        "100 Gram": "4 g"
      }
    ],
    "nutritionUnitText": "Näringsvärde per 100 gram",
    "categories": {
      "mainCategory": "Kött, Chark & Fågel",
      "subCategories": [
        {
          "name": "Pålägg",
          "subSubCategories": [
            "Salami"
          ]
        }
      ]
    }
  },
  {
    "name": "Kyckling Grillad 240g ICA",
    "weightText": "0.24 kg",
    "caPart": "",
    "weightValue": 0.24,
    "weightUnit": "kg",
    "comparePrice": "203,96 kr/kg",
    "currentPrice": 48.95,
    "attributes": [
      "Från Sverige",
      "Nyckelhålet"
    ],
    "imgUrl": "https://handlaprivatkund.ica.se/images-v3/bf7a00ca-390e-4769-865f-dc369586872e/28184ecf-bf92-4151-ad80-ef01a2da37bf/500x500.jpg",
    "productInformation": "ICA Grillad Kyckling är omsorgsfullt grillad för att få saftig smak och fin konsistens. Den passar både på smörgåsen, pizzan eller i en sallad. Dessutom lyfter den snabbt mellanmålsknäcket till en ny nivå tillsammans med lite cottage cheese och någon skiva paprika. Smarrigt och enkelt!",
    "countryText": "",
    "companyText": "ICA",
    "ingrediensText": "Ingredienser: Kyckling* 95%, salt, grillkrydda (salt, glukossirap, lök, druvsocker, socker**, vitlök, kryddextrakt, antioxidationsmedel (E330)), socker**, antioxidationsmedel (E331, E301), stabiliseringsmedel (E450), konserveringsmedel (E250).*Fött, uppfött och slaktat i Sverige.**Ursprung Sverige.",
    "storage": "Lägsta förvaringstemperatur 0°C Högsta förvaringstemperatur 8°C",
    "allergens": "",
    "usage": "",
    "nutrition": [
      {
        "Näringsvärde": "Energi (kcal)",
        "100 Gram": "90 kcal"
      },
      {
        "Näringsvärde": "Energi (kJ)",
        "100 Gram": "390 kJ"
      },
      {
        "Näringsvärde": "Fett",
        "100 Gram": "1.5 g"
      },
      {
        "Näringsvärde": "Varav mättat fett",
        "100 Gram": "0.5 g"
      },
      {
        "Näringsvärde": "Kolhydrat",
        "100 Gram": "2.2 g"
      },
      {
        "Näringsvärde": "Varav sockerarter",
        "100 Gram": "0.8 g"
      },
      {
        "Näringsvärde": "Protein",
        "100 Gram": "17 g"
      },
      {
        "Näringsvärde": "Salt",
        "100 Gram": "2.5 g"
      }
    ],
    "nutritionUnitText": "",
    "categories": {
      "mainCategory": "Kött, Chark & Fågel",
      "subCategories": [
        {
          "name": "Pålägg",
          "subSubCategories": [
            "Fågel"
          ]
        }
      ]
    }
  },
  {
    "name": "Sylta Lammhults 350g Ello i Lammhult",
    "weightText": "0.35 kg",
    "caPart": "",
    "weightValue": 0.35,
    "weightUnit": "kg",
    "comparePrice": "79,86 kr/kg",
    "currentPrice": 27.95,
    "attributes": [
      "Ursprungsland Sverige"
    ],
    "imgUrl": "https://handlaprivatkund.ica.se/images-v3/bf7a00ca-390e-4769-865f-dc369586872e/fb8b9b74-e4c0-473b-9784-0d4d4edf5bc6/500x500.jpg",
    "productInformation": "Ät syltan som den är kallskuren med potatissallad och inlagda rödbetor, på buffébordet eller helt enkelt som pålägg på mackan.",
    "countryText": "Sverige",
    "companyText": "Ello",
    "ingrediensText": "",
    "storage": "",
    "allergens": "",
    "usage": "",
    "nutrition": [],
    "nutritionUnitText": "",
    "categories": {
      "mainCategory": "Kött, Chark & Fågel",
      "subCategories": [
        {
          "name": "Matchark",
          "subSubCategories": [
            "Sylta"
          ]
        }
      ]
    }
  },
  {
    "name": "Leverpastej Ugnsbakad Ekologisk 200g Scan",
    "weightText": "0.2 kg",
    "caPart": "",
    "weightValue": 0.2,
    "weightUnit": "kg",
    "comparePrice": "114,75 kr/kg",
    "currentPrice": 22.95,
    "attributes": [
      "EU Ekologiskt",
      "Kött från Sverige",
      "Ekologiskt"
    ],
    "imgUrl": "https://handlaprivatkund.ica.se/images-v3/bf7a00ca-390e-4769-865f-dc369586872e/bbe517dc-e1b8-45ca-9f3c-ca388b447457/500x500.jpg",
    "productInformation": "En härligt god ugnsbakad leverpastej som riktar sig till finsmakaren i dig. Den är bredbar och har en omtyckt krydd- och leversmak. Dessutom är den ekologisk, vilket innebär att den är framställd med höga krav på djuromsorg och djurhållning.",
    "countryText": "",
    "companyText": "Scan",
    "ingrediensText": "INGREDIENSER: Svenskt fett fläsk*°, gris- och nötlever*° (30%), vatten, potatismjöl*, socker*, salt, lök*, kryddor*, antioxidationsmedel E301, konserveringsmedel E250, naturlig arom. ° Ursprung: Sverige. *= Ekologisk råvara",
    "storage": "",
    "allergens": "",
    "usage": "",
    "nutrition": [
      {
        "Näringsvärde": "Energi (kcal)",
        "100 Gram": "310 kcal"
      },
      {
        "Näringsvärde": "Energi (kJ)",
        "100 Gram": "1300 kJ"
      },
      {
        "Näringsvärde": "Fett",
        "100 Gram": "26 g"
      },
      {
        "Näringsvärde": "Varav mättat fett",
        "100 Gram": "8 g"
      },
      {
        "Näringsvärde": "Kolhydrat",
        "100 Gram": "10 g"
      },
      {
        "Näringsvärde": "Varav sockerarter",
        "100 Gram": "3.4 g"
      },
      {
        "Näringsvärde": "Protein",
        "100 Gram": "9 g"
      },
      {
        "Näringsvärde": "Salt",
        "100 Gram": "2 g"
      },
      {
        "Näringsvärde": "Järn",
        "100 Gram": "6 mg",
        "% av DRI(*)": "43"
      }
    ],
    "nutritionUnitText": "Näringsvärde per 100 gram",
    "categories": {
      "mainCategory": "Kött, Chark & Fågel",
      "subCategories": [
        {
          "name": "Pålägg",
          "subSubCategories": [
            "Pastej & paté",
            "Pastej"
          ]
        }
      ]
    }
  },
  {
    "name": "Rostbiff Grillad 80g Jakobsdals",
    "weightText": "0.08 kg",
    "caPart": "",
    "weightValue": 0.08,
    "weightUnit": "kg",
    "comparePrice": "399,38 kr/kg",
    "currentPrice": 31.95,
    "attributes": [
      "Kött från Sverige"
    ],
    "imgUrl": "https://handlaprivatkund.ica.se/images-v3/bf7a00ca-390e-4769-865f-dc369586872e/60089dbd-f028-4fbd-aee4-4195d6d7a48a/500x500.jpg",
    "productInformation": "Mor Matildas Grillade Rostbiff är gjord av speciellt utvalt och finputsat svenskt nötkött. Den är kryddad runt om med vår egna utvalda kryddblandning som ger lite extra pepparton. Vi grillar köttet varsamt för att få den rätta rödrosa färgen.",
    "countryText": "",
    "companyText": "Jakobsdals",
    "ingrediensText": "Nötkött, salt, kryddor, druvsocker (majs), stabiliseringsmedel E451, glukossirap, arom, antioxidationsmedel E301, E325, kryddextrakt, kryddor (paprika, vitlök). Ursprung: Sverige",
    "storage": "Lägsta förvaringstemperatur 0°C Högsta förvaringstemperatur 8°C",
    "allergens": "",
    "usage": "",
    "nutrition": [
      {
        "Näringsvärde": "Energi (kcal)",
        "Gram": "110 kcal"
      },
      {
        "Näringsvärde": "Energi (kJ)",
        "Gram": "460 kJ"
      },
      {
        "Näringsvärde": "Fett",
        "Gram": "1.6 g"
      },
      {
        "Näringsvärde": "Varav mättat fett",
        "Gram": "0.7 g"
      },
      {
        "Näringsvärde": "Kolhydrat",
        "Gram": "1.9 g"
      },
      {
        "Näringsvärde": "Varav sockerarter",
        "Gram": "1 g"
      },
      {
        "Näringsvärde": "Protein",
        "Gram": "21 g"
      },
      {
        "Näringsvärde": "Salt",
        "Gram": "2.2 g"
      }
    ],
    "nutritionUnitText": "",
    "categories": {
      "mainCategory": "Kött, Chark & Fågel",
      "subCategories": [
        {
          "name": "Pålägg",
          "subSubCategories": [
            "Rostbiff & pastrami"
          ]
        }
      ]
    }
  },
  {
    "name": "Salami Napoli 80g Zeta",
    "weightText": "0.08 kg",
    "caPart": "",
    "weightValue": 0.08,
    "weightUnit": "kg",
    "comparePrice": "424,38 kr/kg",
    "currentPrice": 33.95,
    "attributes": [],
    "imgUrl": "https://handlaprivatkund.ica.se/images-v3/bf7a00ca-390e-4769-865f-dc369586872e/04c239a5-d1fb-4e3f-8ed6-87687b94749a/500x500.jpg",
    "productInformation": "Zeta Salame Napoli är en lufttorkad traditionell salami med angenäm sälta och lång eftersmak. Grovt malen med hela pepparkorn. God på antipastitallriken.",
    "countryText": "",
    "companyText": "Zeta",
    "ingrediensText": "Ingredienser: Fläskkött*, salt, dextros, sackaros, kryddor, naturliga aromer, rökarom, antioxidationsmedel E301, konserveringsmedel E252 och E250. Till 100 g färdig produkt har 137 g kött använts. *Uppfött och slaktat i Italien. KÖTTHALT 94 %.",
    "storage": "Lägsta förvaringstemperatur 0°C Högsta förvaringstemperatur 8°C",
    "allergens": "",
    "usage": "",
    "nutrition": [
      {
        "Näringsvärde": "Energi (kcal)",
        "100 Gram": "334 kcal"
      },
      {
        "Näringsvärde": "Energi (kJ)",
        "100 Gram": "1387 kJ"
      },
      {
        "Näringsvärde": "Fett",
        "100 Gram": "27 g"
      },
      {
        "Näringsvärde": "Varav mättat fett",
        "100 Gram": "10 g"
      },
      {
        "Näringsvärde": "Kolhydrat",
        "100 Gram": "0.5 g"
      },
      {
        "Näringsvärde": "Varav sockerarter",
        "100 Gram": "0.5 g"
      },
      {
        "Näringsvärde": "Protein",
        "100 Gram": "22 g"
      },
      {
        "Näringsvärde": "Salt",
        "100 Gram": "4.3 g"
      }
    ],
    "nutritionUnitText": "",
    "categories": {
      "mainCategory": "Kött, Chark & Fågel",
      "subCategories": [
        {
          "name": "Delikatesschark",
          "subSubCategories": [
            "Salami delikatess"
          ]
        }
      ]
    }
  }
]