[
  {
    "name": "Glass Cookie dough peaces 160ml Ben & Jerrys",
    "weightText": "0.16 l",
    "caPart": "",
    "weightValue": 0.16,
    "weightUnit": "l",
    "comparePrice": "368,44 kr/l",
    "currentPrice": 58.95,
    "attributes": [
      "Rättvisemärkt"
    ],
    "imgUrl": "https://handlaprivatkund.ica.se/images-v3/bf7a00ca-390e-4769-865f-dc369586872e/4b81b132-ecb4-442b-8091-bb05ddf19284/500x500.jpg",
    "productInformation": "Ben & Jerry's Cookie Dough \"Peaces\" är små \"peaces\" av vaniljglass med en mjuk kärna av kakdeg, chokladöverdrag och chokladsmulor. Ta en påse med små bitar av kakdegskärlek när du vill belöna dig alldeles extra, eller tillsammans med någon annan. Ge din glassked en ledig kväll! Dessa ljuvliga munsbitar är perfekta snacks för att tillfredsställa glassbegäret sent på kvällen eller för att stilla eftermiddagens sötsug. Inga rena skålar? Inga problem. Har du bara en minut på dig att få din glassdos? Ice Cream Cookie Dough \"Peaces\" är som gjorda för detta ögonblick. Vi har länge vetat att kakdeg och glass är en mix gjord av dessertgudarna. Faktum är att vi kombinerade kakdeg och glass första gången redan 1984, i vår allra första glassbar. Ett anonymt fan föreslog att vi skulle blanda massor av chocolate chip cookie dough i vår vaniljglass, och vi bestämde oss för att ge det en chans. Vad blev resultatet? Ren dessertperfektion. Sedan dess har vi experimenterat med nya sätt att glädja kakdegsälskare. Ta för dig av vår senaste innovation inom kakdeg och njut. Ben & Jerry's Ice Cream Cookie Dough \"Peaces\" är gjord på Fairtrade-certifierat socker, kakao och vanilj, så att du kan känna dig nöjd med varje tugga av detta glassnack. Alltsammans började på en renoverad bensinmack i Burlington i Vermont, USA, 1978. Två grabbar och ett företag som tillverkade glass. Det var början på ett äventyr som är lika mytomspunnet som vår glass är god. En glass som nu är berömd på avlägsna platser, och med svåruttalade namn världen över.",
    "countryText": "",
    "companyText": "Ben & Jerrys",
    "ingrediensText": "Ingredienser: SKUMMJÖLK,socker, vegetabiliska oljor (soja, solros), GRÄDDE (10%), kokosfett, VETEMJÖL, glukossirap, SKUMMJÖLKSPULVER, fettreducerat kakaopulver (2%), ÄGGULA,kakaopulver (1%), SMÖR, emulgeringsmedel (lecitiner (innehåller SOJA)), salt, melass, stabiliseringsmedel (guarkärnmjöl, fruktkärnmjöl), karamelliserat socker, ÄGG, naturligvaniljarom. Kan innehålla jordnötter, mandlar, hasselnötter, pistagenötter och valnötter.",
    "storage": "Förvaring vid -18°C eller kallare. Lägsta förvaringstemperatur -25°C Högsta förvaringstemperatur -18°C",
    "allergens": "Innehåller Mjölk Kan innehålla Nötter (eng: tree nuts) Innehåller Ägg Innehåller Sojabönor Innehåller Spannmål som innehåller gluten Kan innehålla Jordnötter",
    "usage": "",
    "nutrition": [
      {
        "Näringsvärde": "Energi (kcal)",
        "100 Gram": "380 kcal"
      },
      {
        "Näringsvärde": "Energi (kJ)",
        "100 Gram": "1589 kJ"
      },
      {
        "Näringsvärde": "Fett",
        "100 Gram": "24 g"
      },
      {
        "Näringsvärde": "Varav mättat fett",
        "100 Gram": "10 g"
      },
      {
        "Näringsvärde": "Kolhydrat",
        "100 Gram": "37 g"
      },
      {
        "Näringsvärde": "Varav sockerarter",
        "100 Gram": "29 g"
      },
      {
        "Näringsvärde": "Protein",
        "100 Gram": "4.1 g"
      },
      {
        "Näringsvärde": "Salt",
        "100 Gram": "0.35 g"
      }
    ],
    "nutritionUnitText": "Näringsvärde per 100 gram",
    "categories": {
      "mainCategory": "Glass, Godis & Snacks",
      "subCategories": [
        {
          "name": "Glass",
          "subSubCategories": [
            "Små Glasspaket"
          ]
        }
      ]
    }
  },
  {
    "name": "Glass Magnum mini Classic, Almond, White chocolate 6-p Magnum",
    "weightText": "",
    "caPart": "",
    "weightValue": 0,
    "weightUnit": "",
    "comparePrice": "6 per frp 8,49 kr/st",
    "currentPrice": 50.95,
    "attributes": [],
    "imgUrl": "https://handlaprivatkund.ica.se/images-v3/bf7a00ca-390e-4769-865f-dc369586872e/32255fec-77f5-4f76-91a6-21cee59d7d7d/500x500.jpg",
    "productInformation": "Magnums klassiska smaker i miniformat. Den perfekta glassen för alla chokladälskare. De sex glasspinnarna i multipack har följande smaker: Classic, Almond och White Chocolate. Magnum Classic består av sammetslen vaniljglass och Magnum-choklad. Magnum Almond består av sammetslen vaniljglass med Magnum-choklad och bitar av mandel. Magnum White Chocolate är en kombination av sammetslen vaniljglass och vit choklad. Multipack är det perfekta alternativet för dig som inte kan få nog av Magnum. Njut av glassen själv eller dela en lyxig stund med dina vänner. Magnum erbjuder en unik njutning och tillåtelse att vara lite busig. Vi tror att en dag utan njutning är en bortkastad dag – för glädje och njutning gör livet värt att leva. Det är detaljerna som räknas. Våra experter drivs av passion, precision och kärlek till glass. Vi använder endast noggrant utvalda ingredienser i våra produkter. Vårt nära samarbete med Rainforest Alliance säkerställer att alla våra kakaobönor produceras på ett ansvarsfullt sätt – de har en lång väg framför sig innan de blir Magnum-choklad. Det handlar om kvalitet och hållbarhet hela vägen. Magnum uppmuntrar alla att ta vara på stunden och skämma bort sig själva med lite lyx. Sedan 1989 har livsnjutare över hela världen kunnat njuta av en enastående upplevelse av choklad och glass. Välj bland hela sortimentet med veganska glassar i en mängd olika smaker i kombination. Magnum har något för alla. Vilken glassmak är din favorit? Glöm inte att när du vill ha din glass lika god varje gång, ska glassförpackningen förvaras i -18 °C eller kallare för bästa glassupplevelse. Genom att vara extremt noggrann med varje detalj blir resultatet något unikt. Som Magnum. Upptäck alla våra Magnum-glassar och upptäck en hel värld av njutning.",
    "countryText": "",
    "companyText": "Magnum",
    "ingrediensText": "Vaniljglass med överdrag av vit choklad (33%). Vaniljglass med överdrag av vit choklad (33%). Ingredienser: SKUMMJÖLK, socker, kakaosmör, vatten, SKUMMJÖLKSPULVER, kokosfett, glukossirap, MJÖLKFETT, HELMJÖLKSPULVER, glukos-fruktossirap, vasslepulver (MJÖLK), emulgeringsmedel (E471, lecitiner), stabiliseringsmedel (guarkämmjöl, fruktkämmjöl, taragummi, karragenan), vaniljstångsbitar, naturlig vaniljarom' (MJÖLK), naturlig vaniljarom, färgämne (karotener). Kan innehålla mandlar och pistagenötter. Vaniljglass med överdrag av mjölkchoklad (32%) och mandelbitar (4,5%). Vaniljglass med överdrag av mjölkchoklad (32%) och mandelbitar (4,5%). Ingredienser: SKUMMJÖLK, socker, kakaosmör, vatten, SKUMMJÖLKSPULVER, kokosfett, MANDLAR, glukossirap, MJÖLKFETT, glukos-fruktossirap, kakaomassa', vasslepulver (MJÖLK), emulgeringsmedel (E471, lecitiner), stabiliseringsmedel (guarkämmjöl, fruktkärmjöl, taragummi, karragenan), vaniljstängbitar, naturlig vaniljarom1 (MJÖLK), naturlig vaniljarom, färgämne (karotener). Kan innehålla andra nötter. Glass med vanilj från Madagaskar och överdrag av mjölkchoklad (33%). Ingredienser: SKUMMJÖLK, socker, kakaosmör1, kakaomassa1, vatten, kokosfett, glukossirap, HELMJÖLKSPULVER, glukos-fruktossirap, vasslepulver (MJÖLK), MJÖLKFETT, emulgeringsmedel (E471, SOJALECITIN, E476), vaniljstångsbitar, stabiliseringsmedel (fruktkärnmjöl, guarkärnmjöl, karragenan), naturlig vaniljarom1 (MJÖLK), arom, färgämne (karotener). Kan innehålla mandel. 1Rainforest Alliance-certifierad.",
    "storage": "Förvaring vid -18°C eller kallare.",
    "allergens": "",
    "usage": "",
    "nutrition": [],
    "nutritionUnitText": "",
    "categories": {
      "mainCategory": "Glass, Godis & Snacks",
      "subCategories": [
        {
          "name": "Glass",
          "subSubCategories": [
            "Mixade glasslådor"
          ]
        }
      ]
    }
  },
  {
    "name": "Glass Magnum White chocolate strawberry 4-p Magnum",
    "weightText": "",
    "caPart": "",
    "weightValue": 0,
    "weightUnit": "",
    "comparePrice": "6 per frp 8,49 kr/st",
    "currentPrice": 50.95,
    "attributes": [
      "Rainforest Alliance certifierad"
    ],
    "imgUrl": "https://handlaprivatkund.ica.se/images-v3/bf7a00ca-390e-4769-865f-dc369586872e/5f005276-0cd8-42ae-854e-edf2653fef4f/500x500.jpg",
    "productInformation": "Upplev Magnum White Chocolate & Strawberry glasspinne. Du kommer inte att ångra dig. Lyssna bara på den här beskrivningen och njut av orden. Krämig jordgubbsglass med jordgubbssås och ett överdrag av vit choklad. Vad sägs om det? Det är dags att njuta. Vi tror att en dag utan glädje är en dag som går förlorad, eftersom det är glädje och njutning som gör livet värt att leva. Här i ett flerpack med fyra glasspinnar som gör det enkelt att dela upplevelsen med dina närmaste. Om du vill spara glassen till senare så glöm inte att den ska förvaras vid -18°C eller kallare för bästa upplevelse. När varenda detalj räknas blir resultatet något utöver det vanliga. Därför väljer vi noggrant ut ingredienserna och använder oss av experter för att skapa alla våra produkter med passion och precision. Vårt nära samarbete med Rainforest Alliance säkerställer att vår kakao är ansvarsfullt producerade och Rainforest Alliance-certifierad. De har en lång resa framför sig innan de blir Magnum-choklad. Det handlar om kvalitet och hållbarhet under hela resan. Magnum uppmuntrar alla att ta sig tid och unna sig själva lite lyx. Sedan 1989 har alla som söker en bit lyx världen över kunnat ta del av en extraordinär choklad- och glassupplevelse. Med både klassiska smaker såväl som nya och spännande varianter i kombination med vårt veganska glassutbud, finns det något för alla i vårt sortiment. Vilken glassmak föredrar du?",
    "countryText": "",
    "companyText": "Magnum",
    "ingrediensText": "Ingredienser: SKUMMJÖLK, socker, jordgubbspuré (11%), kakaosmör¹, vatten, SKUMMJÖLKSPULVER, kokosfett, glukossirap, SKUMMJÖLKSPULVER eller koncentrat, MJÖLKFETT, fruktsocker, HELMJÖLKSPULVER, glukos-fruktossirap, emulgeringsmedel (E471, lecitiner), syra (citronsyra), vasslepulver (MJÖLK), stabiliseringsmedel (guarkärnmjöl, fruktkärnmjöl, taragummi, karragenan), rödbetsjuicekoncentrat, aromer (innehåller MJÖLK), fläderbärsjuicekoncentrat, naturlig vaniljarom. Kan innehålla mandlar och pistagenötter. ¹Rainforest Alliance-certifierad.",
    "storage": "Förvaring vid -18°C eller kallare. Lägsta förvaringstemperatur -25°C Högsta förvaringstemperatur -18°C",
    "allergens": "Kan innehålla Nötter (eng: tree nuts) Innehåller Mjölk",
    "usage": "",
    "nutrition": [
      {
        "Näringsvärde": "Energi (kcal)",
        "100 Gram": "288 kcal"
      },
      {
        "Näringsvärde": "Energi (kJ)",
        "100 Gram": "1203 kJ"
      },
      {
        "Näringsvärde": "Fett",
        "100 Gram": "17 g"
      },
      {
        "Näringsvärde": "Varav mättat fett",
        "100 Gram": "11 g"
      },
      {
        "Näringsvärde": "Kolhydrat",
        "100 Gram": "30 g"
      },
      {
        "Näringsvärde": "Varav sockerarter",
        "100 Gram": "26 g"
      },
      {
        "Näringsvärde": "Protein",
        "100 Gram": "3.8 g"
      },
      {
        "Näringsvärde": "Salt",
        "100 Gram": "0.13 g"
      }
    ],
    "nutritionUnitText": "Näringsvärde per 100 gram",
    "categories": {
      "mainCategory": "Glass, Godis & Snacks",
      "subCategories": [
        {
          "name": "Glass",
          "subSubCategories": [
            "Pinnglass"
          ]
        }
      ]
    }
  },
  {
    "name": "Glass Strawberry Cheesecake 465ml Ben & Jerrys",
    "weightText": "0.465 l",
    "caPart": "",
    "weightValue": 0.465,
    "weightUnit": "l",
    "comparePrice": "141,83 kr/l",
    "currentPrice": 65.95,
    "attributes": [
      "Rättvisemärkt"
    ],
    "imgUrl": "https://handlaprivatkund.ica.se/images-v3/bf7a00ca-390e-4769-865f-dc369586872e/e3f4ce1c-0152-497b-b827-c0ee0f27896d/500x500.jpg",
    "productInformation": "Gräddglass med jordgubbscheesecake, jordgubbsbitar och virvlar med grahamskex. Om du kommer på en mer perfekt jordgubbssmak så säg till. Vi tycker den här är svår att överträffa. För dig som älskar jordgubbscheesecake och alltid har längtat efter glass som smakar som din favorit, har vi skapat en glass sprängfylld med jordgubbscheesecakens alla härligheter och en fantastisk virvel av grahamskex. Allt du älskar med cheesecake och allt du älskar med Ben & Jerry's glass i ett och samma paket. Strawberry Cheesecake hamnar alltid på vår tio-i-topp-lista varje år. Kan det vara virveln av grahamskex? Krispigheten är verkligen ett perfekt komplement till den krämiga glassen. Eller är det jordgubbarna? De härliga jordgubbarna blir på något sätt ännu godare mitt i glassen. Säkert har alla sitt svar. Och det fina är att alla har rätt. Så leta fram en sked och njut av en efterrätt fylld av smaskiga bitar och virvlar\" så det låter mer som Ben & Jerry's. Glassen ligger i en förpackning som är framtagen på ett ansvarsfullt sätt. Precis som alla våra förpackningar. Historien om Ben & Jerry's började på en renoverad bensinmack i Burlington i Vermont, USA, 1978. Två grabbar och ett företag som tillverkade glass. Det var starten på ett äventyr som är lika mytomspunnet som vår glass är god. En glass som nu är berömd på avlägsna platser, och med svåruttalade namn världen över. Men nu får det vara nog med ord. Låt glassen tala.Ben & Jerry’s glass framställs av Fairtrade-certifierat socker, kakao och vanilj.",
    "countryText": "",
    "companyText": "Ben & Jerrys",
    "ingrediensText": "Ingredienser: GRÄDDE (24%), socker, vatten, kondenserad SKUMMJÖLK, jordgubbspuré (6%), jordgubbar (4%), vegetabiliska oljor (sojaolja, raps), mjöl (VETE, FULLKORNSVETE), ÄGGULA, majsstärkelse, FÄRSKOST (0,9%), MJÖLKFETT, stabiliseringsmedel (pektin, guarkärnmjöl, fruktkärnmjöl, karragenan), citronjuicekoncentrat, salt, emulgeringsmedel (SOJALECITIN), arom, honung, bakpulver (natriumbikarbonat), fläderbärsjuicekoncentrat, surhetsreglerande medel (mjölksyra). > Socker och honung handlade utifrån principerna för massbalans. Totalt 48% exklusive vatten och mejeriF. Finfo.fairtrade.net/sourcing",
    "storage": "Förvaras vid -18°C Lägsta förvaringstemperatur -25°C Högsta förvaringstemperatur -18°C",
    "allergens": "Innehåller Mjölk Innehåller Sojabönor Innehåller Spannmål som innehåller gluten Innehåller Ägg",
    "usage": "",
    "nutrition": [
      {
        "Näringsvärde": "Energi (kcal)",
        "100 Gram": "243 kcal"
      },
      {
        "Näringsvärde": "Energi (kJ)",
        "100 Gram": "1021 kJ"
      },
      {
        "Näringsvärde": "Fett",
        "100 Gram": "14 g"
      },
      {
        "Näringsvärde": "Varav mättat fett",
        "100 Gram": "7.4 g"
      },
      {
        "Näringsvärde": "Kolhydrat",
        "100 Gram": "27 g"
      },
      {
        "Näringsvärde": "Varav sockerarter",
        "100 Gram": "24 g"
      },
      {
        "Näringsvärde": "Protein",
        "100 Gram": "3.3 g"
      },
      {
        "Näringsvärde": "Salt",
        "100 Gram": "0.28 g"
      }
    ],
    "nutritionUnitText": "Näringsvärde per 100 gram",
    "categories": {
      "mainCategory": "Glass, Godis & Snacks",
      "subCategories": [
        {
          "name": "Glass",
          "subSubCategories": [
            "Små Glasspaket"
          ]
        }
      ]
    }
  },
  {
    "name": "Glass Gammeldags vanilj 500ml GB Gräddglass",
    "weightText": "0.5 l",
    "caPart": "",
    "weightValue": 0.5,
    "weightUnit": "l",
    "comparePrice": "39,90 kr/l",
    "currentPrice": 19.95,
    "attributes": [],
    "imgUrl": "https://handlaprivatkund.ica.se/images-v3/bf7a00ca-390e-4769-865f-dc369586872e/569d0219-3a00-4c96-bb1b-97987fa007b4/500x500.jpg",
    "productInformation": "Gräddglass Gammaldags Vanilj från GB Glace är en ljuvligt krämig gräddglass gjord på hållbart producerad grädde från svenska gårdar. Den färska grädden blandas med äggula, vanilj och socker. Precis som förr i tiden. Enda skillnaden är att den numera görs i vår glassfabrik i Flen, i hjärtat av Sörmland. Den goda gräddglassen förpackas i en pappersförpackning som dessutom är växtbaserad. Och när du har provat vanilj finns det fler smaker att välja mellan. Hos oss finns en smak för varje tillfälle för att du och dina vänner ska kunna njuta av glass tillsammans. Flera gånger. Året om. Förvara glassen vid -18°C eller kallare. GB Glace – Glassglädje och Gemenskap sedan 1942. Våra grundare hade visionen att sprida glädje genom härlig och välsmakande glass vars magi för oss samman och smälter bort hindren mellan människor. Vi vill göra folk glada. Varje dag. Vårt mål är att erbjuda god glass av bra kvalitet till dig samtidigt som vi vill att våra produkter ska överträffa dina förväntningar varje gång. Glassfabriken och vårt hjärta finns i Flen och där producerar vi varje år både omtyckta klassiker såväl som nyheter med omsorgsfullt utvalda ingredienser och omtanke om miljön. Vi vill se till att det finns en glass för alla och hoppas att du kan hitta mer än en favorit bland de glassar som vi erbjuder!",
    "countryText": "",
    "companyText": "GB Gräddglass",
    "ingrediensText": "Ingredienser: SKUMMJÖLK, GRÄDDE (29%), koncentrerad SKUMMJÖLK, socker, MJÖLKFETT, ÄGGULA (1,5%), vaniljstångbitar, arom.",
    "storage": "Lägsta förvaringstemperatur -25°C Högsta förvaringstemperatur -18°C",
    "allergens": "Innehåller Ägg Innehåller Mjölk",
    "usage": "",
    "nutrition": [
      {
        "Näringsvärde": "Energi (kcal)",
        "100 Milliliter": "117 kcal",
        "% av DRI(*)": "6"
      },
      {
        "Näringsvärde": "Energi (kJ)",
        "100 Milliliter": "488 kJ",
        "% av DRI(*)": "6"
      },
      {
        "Näringsvärde": "Fett",
        "100 Milliliter": "8 g",
        "% av DRI(*)": "11"
      },
      {
        "Näringsvärde": "Varav mättat fett",
        "100 Milliliter": "5.3 g",
        "% av DRI(*)": "27"
      },
      {
        "Näringsvärde": "Kolhydrat",
        "100 Milliliter": "9.1 g",
        "% av DRI(*)": "4"
      },
      {
        "Näringsvärde": "Varav sockerarter",
        "100 Milliliter": "9.1 g",
        "% av DRI(*)": "10"
      },
      {
        "Näringsvärde": "Protein",
        "100 Milliliter": "2 g",
        "% av DRI(*)": "4"
      },
      {
        "Näringsvärde": "Salt",
        "100 Milliliter": "0.07 g",
        "% av DRI(*)": "1"
      }
    ],
    "nutritionUnitText": "Näringsvärde per 100 milliliter",
    "categories": {
      "mainCategory": "Glass, Godis & Snacks",
      "subCategories": [
        {
          "name": "Glass",
          "subSubCategories": [
            "Små Glasspaket"
          ]
        }
      ]
    }
  },
  {
    "name": "Glass Chocolate & Vanilla Half Baked 465ml Ben & Jerrys",
    "weightText": "0.465 l",
    "caPart": "",
    "weightValue": 0.465,
    "weightUnit": "l",
    "comparePrice": "141,83 kr/l",
    "currentPrice": 65.95,
    "attributes": [
      "Rättvisemärkt"
    ],
    "imgUrl": "https://handlaprivatkund.ica.se/images-v3/bf7a00ca-390e-4769-865f-dc369586872e/e12c4d07-816f-40f8-8112-f2459ea2f651/500x500.jpg",
    "productInformation": "Ben & Jerry's Half Baked är choklad- och vaniljgräddglass med browniebitar och kakdegsbitar med chokladbitar. Detta är en av de klassiska Ben & Jerry's smakerna så om du inte har provat den, är det dags nu! När du väl provat, är chansen stor att den blir en av dina favoriter. Alla Ben & Jerry's smaker är 100% Fairtrade-certifierad.",
    "countryText": "",
    "companyText": "Ben & Jerrys",
    "ingrediensText": "Ingredienser: GRÄDDE (25%), vatten, socker, kondenserad SKUMMJÖLK, mjöl (VETE, mältat KORN), kakaopulver (2%), farinsocker, ÄGGULA, SMÖR, sojaolja, fettreducerat kakaopulver, ÄGG, kakaomassa, melass, torkad ÄGGVITA, vaniljextrakt, stabiliseringsmedel (guarkärnmjöl, karragenan), salt, kakaosmör, naturlig arom (innehåller MJÖLK), naturlig vaniljarom, emulgeringsmedel (SOJALECITIN), bakpulver (natriumbikarbonat). > Socker, kakao, vanilj handlade utifrån principerna för massbalans. Totalt 73% exklusive vatten och mejeriF. Finfo.fairtrade.net/sourcing",
    "storage": "Förvaring vid -18°C eller kallare. Lägsta förvaringstemperatur -25°C Högsta förvaringstemperatur -18°C",
    "allergens": "Innehåller Mjölk Innehåller Spannmål som innehåller gluten Innehåller Sojabönor Innehåller Ägg",
    "usage": "",
    "nutrition": [
      {
        "Näringsvärde": "Energi (kcal)",
        "100 Gram": "265 kcal"
      },
      {
        "Näringsvärde": "Energi (kJ)",
        "100 Gram": "1111 kJ"
      },
      {
        "Näringsvärde": "Fett",
        "100 Gram": "13 g"
      },
      {
        "Näringsvärde": "Varav mättat fett",
        "100 Gram": "8.1 g"
      },
      {
        "Näringsvärde": "Kolhydrat",
        "100 Gram": "32 g"
      },
      {
        "Näringsvärde": "Varav sockerarter",
        "100 Gram": "27 g"
      },
      {
        "Näringsvärde": "Fiber",
        "100 Gram": "1.3 g"
      },
      {
        "Näringsvärde": "Protein",
        "100 Gram": "4.2 g"
      },
      {
        "Näringsvärde": "Salt",
        "100 Gram": "0.21 g"
      }
    ],
    "nutritionUnitText": "Näringsvärde per 100 gram",
    "categories": {
      "mainCategory": "Glass, Godis & Snacks",
      "subCategories": [
        {
          "name": "Glass",
          "subSubCategories": [
            "Små Glasspaket"
          ]
        }
      ]
    }
  },
  {
    "name": "Glass Bonbon Salted caramel & almond 204 Milliliter Magnum",
    "weightText": "0.204 l",
    "caPart": "",
    "weightValue": 0.204,
    "weightUnit": "l",
    "comparePrice": "264,46 kr/l",
    "currentPrice": 53.95,
    "attributes": [],
    "imgUrl": "https://handlaprivatkund.ica.se/images-v3/bf7a00ca-390e-4769-865f-dc369586872e/3ec77feb-9f72-4e8f-9ec9-7b40e79d6326/500x500.jpg",
    "productInformation": "Vi presenterar nya Magnum Bonbon Salted Caramel & Almond i ett flerpack med 12 bitar med ett skal av rostad mjölkchoklad som omsluter tjock, krämig Magnum vaniljglass och band av kladdig salt kolasås. Den perfekta glassen i bitar för små stunder av oöverträffad njutning, oavsett om du bara vill ha en eller hela burken! Öppna burken med Magnum bonbon och låt njutningen ta över. Bit i det spröda skalet av mjölkchoklad med rostade mandelbitar. Njut av den krämiga vaniljglassen med band av seg, salt kolasås. När varje detalj räknas blir resultatet extraordinärt. Därför väljer vi noggrant ut alla våra ingredienser och använder experter för att skapa våra produkter med både passion och precision. Om du vill spara glassen till senare tillfälle ska den förvaras i -18 °C eller kallare. Vårt nära samarbete med Rainforest Alliance säkerställer att vår kakao är ansvarsfullt producerad och Rainforest Alliance-certifierad. Och kakaon har en lång resa framför sig innan den blir Magnum-choklad, eftersom vi är måna om kvalitet och hållbarhet under hela resan. Magnum uppmuntrar alla att ta sig tid att unna sig lite lyx. Sedan 1989 har de som söker en touch av lyx runt om i världen kunnat njuta av våra extraordinära choklad- och glassupplevelser. Från klassisk vaniljglass, samt nya och spännande smaker i kombination med vårt veganska glassortiment, finns det något för alla i vårt sortiment. Vilken Magnum är rätt för dig?",
    "countryText": "",
    "companyText": "Magnum",
    "ingrediensText": "Ingredienser: Socker, SKUMMJÖLK, GRÄDDE (9,5%), glukos-fruktossirap, kakaosmör¹, koncentrerad SKUMMJÖLK, SKUMMJÖLKSPULVER, glukossirap, MJÖLKFETT, MANDLAR, kakaomassa¹, kokosfett, karamelliserat socker, emulgeringsmedel (E471, lecitiner), havssalt, stabiliseringsmedel (E407, E412, E410, E417), naturlig vaniljarom¹, naturlig vaniljarom. Kan innehålla vete, ägg, soja, hasselnötter och valnötter. ¹Rainforest Alliance-certifierad.",
    "storage": "",
    "allergens": "Innehåller Mjölk Kan innehålla Ägg Kan innehålla Sojabönor Kan innehålla Spannmål som innehåller gluten Innehåller Nötter (eng: tree nuts)",
    "usage": "",
    "nutrition": [
      {
        "Näringsvärde": "Energi (kcal)",
        "100 Gram": "360 kcal"
      },
      {
        "Näringsvärde": "Energi (kJ)",
        "100 Gram": "1505 kJ"
      },
      {
        "Näringsvärde": "Fett",
        "100 Gram": "21 g"
      },
      {
        "Näringsvärde": "Varav mättat fett",
        "100 Gram": "12 g"
      },
      {
        "Näringsvärde": "Kolhydrat",
        "100 Gram": "38 g"
      },
      {
        "Näringsvärde": "Varav sockerarter",
        "100 Gram": "32 g"
      },
      {
        "Näringsvärde": "Protein",
        "100 Gram": "4.9 g"
      },
      {
        "Näringsvärde": "Salt",
        "100 Gram": "0.35 g"
      }
    ],
    "nutritionUnitText": "Näringsvärde per 100 gram",
    "categories": {
      "mainCategory": "Glass, Godis & Snacks",
      "subCategories": [
        {
          "name": "Glass",
          "subSubCategories": [
            "Små Glasspaket"
          ]
        }
      ]
    }
  },
  {
    "name": "Glass Bonbon Gold billionaire 204 Milliliter Magnum",
    "weightText": "0.204 l",
    "caPart": "",
    "weightValue": 0.204,
    "weightUnit": "l",
    "comparePrice": "264,46 kr/l",
    "currentPrice": 53.95,
    "attributes": [],
    "imgUrl": "https://handlaprivatkund.ica.se/images-v3/bf7a00ca-390e-4769-865f-dc369586872e/a139e0c5-ae8a-4db5-9555-b3d03a16494b/500x500.jpg",
    "productInformation": "Vi presenterar nya Magnum Bonbon Gold Caramel Billionaire i ett flerpack med 12 bitar med ett skal av karamelliserad Magnum Gold-choklad, delikat toppat med krispiga ljusa kakbitar, som omsluter sammetslen Magnum glass och mjuka strängar av en salt kolasås för full njutning. Den perfekta glassen i bitar för små stunder av oöverträffad njutning, oavsett om du bara vill ha en eller hela burken! Öppna burken med Magnum bonbon och låt njutningen ta över. Bit i det spröda skalet av karamelliserad choklad. Låt de krispiga kakbitarna förhöja upplevelsen. Och njut av den krämiga glassen och strängarna av salt kolasås. När varje detalj räknas blir resultatet extraordinärt. Därför väljer vi noggrant ut alla våra ingredienser och använder experter för att skapa våra produkter med både passion och precision. Om du vill spara glassen till senare tillfälle ska den förvaras i -18 °C eller kallare. Vårt nära samarbete med Rainforest Alliance säkerställer att vår kakao är ansvarsfullt producerad och Rainforest Alliance-certifierad. Och kakaon har en lång resa framför sig innan den blir Magnum-choklad, eftersom vi är måna om kvalitet och hållbarhet under hela resan. Magnum uppmuntrar alla att ta sig tid att unna sig lite lyx. Sedan 1989 har de som söker en touch av lyx runt om i världen kunnat njuta av våra extraordinära choklad- och glassupplevelser. Från klassisk vaniljglass, samt nya och spännande smaker i kombination med vårt veganska glassortiment, finns det något för alla i vårt sortiment. Vilken Magnum är rätt för dig?",
    "countryText": "",
    "companyText": "Magnum",
    "ingrediensText": "Ingredienser: Socker, SKUMMJÖLK, GRÄDDE (9,5%), glukos-fruktossirap, SKUMMJÖLKSPULVER, kakaosmör¹, koncentrerad SKUMMJÖLK, MJÖLKFETT, glukossirap, kokosfett, karamelliserat socker, vasslepulver (MJÖLK), majsstärkelse, rismjöl, salt, solrosolja, kakaomassa¹, naturlig vaniljarom¹, arom (innehåller SMÖR), stabiliseringsmedel (E407, E412, E410, E417), emulgeringsmedel (E471, E476, lecitiner), bakpulver (E500), naturlig vaniljarom. Kan innehålla vete, ägg, soja, mandlar, hasselnötter och valnötter. ¹Rainforest Alliance-certifierad.",
    "storage": "",
    "allergens": "Innehåller Mjölk Kan innehålla Nötter (eng: tree nuts) Kan innehålla Sojabönor Kan innehålla Ägg Kan innehålla Spannmål som innehåller gluten",
    "usage": "",
    "nutrition": [
      {
        "Näringsvärde": "Energi (kcal)",
        "100 Gram": "356 kcal"
      },
      {
        "Näringsvärde": "Energi (kJ)",
        "100 Gram": "1489 kJ"
      },
      {
        "Näringsvärde": "Fett",
        "100 Gram": "20 g"
      },
      {
        "Näringsvärde": "Varav mättat fett",
        "100 Gram": "12 g"
      },
      {
        "Näringsvärde": "Kolhydrat",
        "100 Gram": "39 g"
      },
      {
        "Näringsvärde": "Varav sockerarter",
        "100 Gram": "33 g"
      },
      {
        "Näringsvärde": "Fiber",
        "100 Gram": "0.5 g"
      },
      {
        "Näringsvärde": "Protein",
        "100 Gram": "5.2 g"
      },
      {
        "Näringsvärde": "Salt",
        "100 Gram": "0.45 g"
      }
    ],
    "nutritionUnitText": "Näringsvärde per 100 gram",
    "categories": {
      "mainCategory": "Glass, Godis & Snacks",
      "subCategories": [
        {
          "name": "Glass",
          "subSubCategories": [
            "Små Glasspaket"
          ]
        }
      ]
    }
  },
  {
    "name": "Halstablett Honey Fresh & natural menthol 72g Vicks",
    "weightText": "0.072 kg",
    "caPart": "",
    "weightValue": 0.072,
    "weightUnit": "kg",
    "comparePrice": "298,61 kr/kg",
    "currentPrice": 21.5,
    "attributes": [],
    "imgUrl": "https://handlaprivatkund.ica.se/images-v3/bf7a00ca-390e-4769-865f-dc369586872e/c8f5e524-2b7f-4099-bcb9-198f50bf5387/500x500.jpg",
    "productInformation": "Vicks Honey Fresh är en halstablett med uppskattad smak av honung och mentol. Produkten har en lindrande och lenande funktion vid förkylning men kan användas vid alla tillfällen. Vicks Honey Fresh känns uppfräschande för både hals och andedräkt.",
    "countryText": "",
    "companyText": "Vicks",
    "ingrediensText": "socker, glukossirap, honung (8 %), mentol (0,13 %), eukalyptussolja (0,05 %), skumdämpningsmedel: E471.",
    "storage": "Förvaras torrt, ej över normal rumstemperatur. Skyddas mot direkt solljus",
    "allergens": "",
    "usage": "För uppfriskande och fräsch känsla i munnen",
    "nutrition": [
      {
        "Näringsvärde": "Energi (kcal)",
        "100 Gram": "392 kcal"
      },
      {
        "Näringsvärde": "Energi (kJ)",
        "100 Gram": "1666 kJ"
      },
      {
        "Näringsvärde": "Fett",
        "100 Gram": "0 g"
      },
      {
        "Näringsvärde": "Varav mättat fett",
        "100 Gram": "0 g"
      },
      {
        "Näringsvärde": "Kolhydrat",
        "100 Gram": "98 g"
      },
      {
        "Näringsvärde": "Varav sockerarter",
        "100 Gram": "74 g"
      },
      {
        "Näringsvärde": "Protein",
        "100 Gram": "0.5 g"
      },
      {
        "Näringsvärde": "Salt",
        "100 Gram": "0.01 g"
      }
    ],
    "nutritionUnitText": "Näringsvärde per 100 gram",
    "categories": {
      "mainCategory": "Glass, Godis & Snacks",
      "subCategories": [
        {
          "name": "Halstabletter",
          "subSubCategories": [
            "Halstabletter, påse"
          ]
        }
      ]
    }
  },
  {
    "name": "Guldnougat Dubbel 50g Cloetta",
    "weightText": "0.05 kg",
    "caPart": "",
    "weightValue": 0.05,
    "weightUnit": "kg",
    "comparePrice": "250,00 kr/kg",
    "currentPrice": 12.5,
    "attributes": [
      "Rainforest Alliance certifierad"
    ],
    "imgUrl": "https://handlaprivatkund.ica.se/images-v3/bf7a00ca-390e-4769-865f-dc369586872e/4b194ac4-6007-4efe-afff-40cd58869c19/500x500.jpg",
    "productInformation": "Krämig och mjuk hasselnötsnougat. Passar när du är sugen på något sött!",
    "countryText": "",
    "companyText": "Cloetta",
    "ingrediensText": "socker, HASSELNÖTTER (19%), kakaomassa1, vegetabiliska fetter (palm, shea), kakaosmör1, VASSLEPULVER (MJÖLK), emulgeringsmedel (solroslecitin), arom. Kan innehålla MANDEL. 1Rainforest Alliance Certified. Find out more at ra.org.",
    "storage": "Lägsta förvaringstemperatur 16°C Högsta förvaringstemperatur 20°C",
    "allergens": "Kan innehålla spår av Mandel.",
    "usage": "",
    "nutrition": [
      {
        "Näringsvärde": "Energi (kcal)",
        "100 Gram": "550 kcal"
      },
      {
        "Näringsvärde": "Energi (kJ)",
        "100 Gram": "2300 kJ"
      },
      {
        "Näringsvärde": "Fett",
        "100 Gram": "33 g"
      },
      {
        "Näringsvärde": "Varav mättat fett",
        "100 Gram": "13 g"
      },
      {
        "Näringsvärde": "Kolhydrat",
        "100 Gram": "56 g"
      },
      {
        "Näringsvärde": "Varav sockerarter",
        "100 Gram": "55 g"
      },
      {
        "Näringsvärde": "Protein",
        "100 Gram": "6 g"
      },
      {
        "Näringsvärde": "Salt",
        "100 Gram": "0.25 g"
      }
    ],
    "nutritionUnitText": "Näringsvärde per 100 gram",
    "categories": {
      "mainCategory": "Glass, Godis & Snacks",
      "subCategories": [
        {
          "name": "Choklad",
          "subSubCategories": [
            "Chokladstycksaker"
          ]
        }
      ]
    }
  },
  {
    "name": "Sportlunch Dubbel 50g Cloetta",
    "weightText": "0.05 kg",
    "caPart": "",
    "weightValue": 0.05,
    "weightUnit": "kg",
    "comparePrice": "250,00 kr/kg",
    "currentPrice": 12.5,
    "attributes": [
      "Rainforest Alliance certifierad"
    ],
    "imgUrl": "https://handlaprivatkund.ica.se/images-v3/bf7a00ca-390e-4769-865f-dc369586872e/dabb4e6c-a3bb-4acc-94dc-2f260efe39cd/500x500.jpg",
    "productInformation": "Frasigt rån täckt av mjölkchoklad. Enkelt att bryta i bitar och dela med sig! Eller ät hela chokladbiten själv!",
    "countryText": "",
    "companyText": "Cloetta",
    "ingrediensText": "socker, kakaosmör1, HELMJÖLKSPULVER, kakaomassa1, VETEMJÖL, vegetabiliska fetter (palm, shea), VASSLEPULVER (MJÖLK), SKUMMJÖLKSPULVER, fettreducerat kakaopulver1, emulgeringsmedel (SOJALECITIN), salt, kokosolja, aromer (bl.a. vanillin), bakpulver (E500). Mjölkchokladen innehåller minst 27% kakao och andra vegetabiliska fetter än kakaosmör. Kan innehålla HASSELNÖTTER. 1Rainforest Alliance Certified. Find out more at ra.org.",
    "storage": "Förvaras torrt och svalt. Lägsta förvaringstemperatur 16°C Högsta förvaringstemperatur 20°C",
    "allergens": "Kan innehålla spår av Nötter.",
    "usage": "",
    "nutrition": [
      {
        "Näringsvärde": "Energi (kcal)",
        "100 Gram": "532 kcal"
      },
      {
        "Näringsvärde": "Energi (kJ)",
        "100 Gram": "2232 kJ"
      },
      {
        "Näringsvärde": "Fett",
        "100 Gram": "30 g"
      },
      {
        "Näringsvärde": "Varav mättat fett",
        "100 Gram": "18 g"
      },
      {
        "Näringsvärde": "Kolhydrat",
        "100 Gram": "59 g"
      },
      {
        "Näringsvärde": "Varav sockerarter",
        "100 Gram": "53 g"
      },
      {
        "Näringsvärde": "Protein",
        "100 Gram": "6.3 g"
      },
      {
        "Näringsvärde": "Salt",
        "100 Gram": "0.34 g"
      }
    ],
    "nutritionUnitText": "Näringsvärde per 100 gram",
    "categories": {
      "mainCategory": "Glass, Godis & Snacks",
      "subCategories": [
        {
          "name": "Choklad",
          "subSubCategories": [
            "Chokladstycksaker"
          ]
        }
      ]
    }
  },
  {
    "name": "Halstablett Blue Extra Strong sockerfri 72g Vicks",
    "weightText": "0.072 kg",
    "caPart": "",
    "weightValue": 0.072,
    "weightUnit": "kg",
    "comparePrice": "298,61 kr/kg",
    "currentPrice": 21.5,
    "attributes": [],
    "imgUrl": "https://handlaprivatkund.ica.se/images-v3/bf7a00ca-390e-4769-865f-dc369586872e/4411b140-fed3-44e9-88da-a5f25c88ecac/500x500.jpg",
    "productInformation": "Vicks Blue Extra Strong är en sockerfri halstablett med frisk smak av mint. Produkten har en lindrande och lenande funktion vid förkylning men kan användas vid alla tillfällen. Vicks Blue Extra Strong känns uppfräschande för både hals och andedräkt. Innehåller sötningsmedel.",
    "countryText": "",
    "companyText": "Vicks",
    "ingrediensText": "Sötningsmedel (isomalt, xylitol, acesulfam k), naturlig mintsmak (0,2 %), mentol (0,2 %), färgämnen: E131 och E132.",
    "storage": "Förvaras torrt, ej över normal rumstemperatur. Skyddas mot direkt solljus",
    "allergens": "",
    "usage": "För uppfriskande och fräsch känsla i munnen",
    "nutrition": [
      {
        "Näringsvärde": "Energi (kcal)",
        "100 Gram": "236 kcal"
      },
      {
        "Näringsvärde": "Energi (kJ)",
        "100 Gram": "985 kJ"
      },
      {
        "Näringsvärde": "Fett",
        "100 Gram": "0 g"
      },
      {
        "Näringsvärde": "Varav mättat fett",
        "100 Gram": "0 g"
      },
      {
        "Näringsvärde": "Kolhydrat",
        "100 Gram": "99 g"
      },
      {
        "Näringsvärde": "Varav sockerarter",
        "100 Gram": "0 g"
      },
      {
        "Näringsvärde": "Protein",
        "100 Gram": "0 g"
      },
      {
        "Näringsvärde": "Salt",
        "100 Gram": "0 g"
      }
    ],
    "nutritionUnitText": "Näringsvärde per 100 gram",
    "categories": {
      "mainCategory": "Glass, Godis & Snacks",
      "subCategories": [
        {
          "name": "Halstabletter",
          "subSubCategories": [
            "Halstabletter, påse"
          ]
        }
      ]
    }
  },
  {
    "name": "Halstablett Fruity Fresh Lemon & natural menthol sockerfri 72g Vicks",
    "weightText": "0.072 kg",
    "caPart": "",
    "weightValue": 0.072,
    "weightUnit": "kg",
    "comparePrice": "298,61 kr/kg",
    "currentPrice": 21.5,
    "attributes": [],
    "imgUrl": "https://handlaprivatkund.ica.se/images-v3/bf7a00ca-390e-4769-865f-dc369586872e/3eae9283-e93e-471c-85ff-8a1b558b3959/500x500.jpg",
    "productInformation": "Vicks Fruity Fresh Lemon är en sockerfri halstablett med uppskattad smak av citron och mentol. Produkten har en lindrande och lenande funktion vid förkylning men kan användas vid alla tillfällen. Vicks Fruity Fresh känns uppfräschande för både hals och andedräkt. Innehåller sötningsmedel.",
    "countryText": "",
    "companyText": "Vicks",
    "ingrediensText": "Sötningsmedel (isomalt, acesulfam k, sukralos), surhetsreglerande medel: citronsyra, citronjuice från koncentrat (0,6 %), naturlig arom, mentol (0,06 %), färgamne: E160a.",
    "storage": "Förvaras torrt, ej över normal rumstemperatur. Skyddas mot direkt solljus",
    "allergens": "",
    "usage": "För uppfriskande och fräsch känsla i munnen",
    "nutrition": [
      {
        "Näringsvärde": "Energi (kcal)",
        "100 Gram": "238 kcal"
      },
      {
        "Näringsvärde": "Energi (kJ)",
        "100 Gram": "992 kJ"
      },
      {
        "Näringsvärde": "Fett",
        "100 Gram": "0 g"
      },
      {
        "Näringsvärde": "Varav mättat fett",
        "100 Gram": "0 g"
      },
      {
        "Näringsvärde": "Kolhydrat",
        "100 Gram": "97 g"
      },
      {
        "Näringsvärde": "Varav sockerarter",
        "100 Gram": "0.5 g"
      },
      {
        "Näringsvärde": "Protein",
        "100 Gram": "0 g"
      },
      {
        "Näringsvärde": "Salt",
        "100 Gram": "0 g"
      }
    ],
    "nutritionUnitText": "Näringsvärde per 100 gram",
    "categories": {
      "mainCategory": "Glass, Godis & Snacks",
      "subCategories": [
        {
          "name": "Halstabletter",
          "subSubCategories": [
            "Halstabletter, påse"
          ]
        }
      ]
    }
  },
  {
    "name": "Halstablett Double Action Eucalyptus sockerfri 72g Vicks",
    "weightText": "0.072 kg",
    "caPart": "",
    "weightValue": 0.072,
    "weightUnit": "kg",
    "comparePrice": "298,61 kr/kg",
    "currentPrice": 21.5,
    "attributes": [],
    "imgUrl": "https://handlaprivatkund.ica.se/images-v3/bf7a00ca-390e-4769-865f-dc369586872e/30241b86-8e73-42ce-bcae-1dfd42ca6f8f/500x500.jpg",
    "productInformation": "Ger en uppfriskande och fräsch smak i munnen. Uppfräschande för hals och andedräkt. Tydlig känsla av mentol & eukalyptus. Sockerfri",
    "countryText": "",
    "companyText": "Vicks",
    "ingrediensText": "Sötningsmedel (isomalt, xylitol, acesulfam k), mentol (0,3 %), eukalyptusolja (0,15 %).",
    "storage": "Förvaras torrt, ej över normal rumstemperatur. Skyddas mot direkt solljus",
    "allergens": "",
    "usage": "För uppfriskande och fräsch känsla i munnen",
    "nutrition": [
      {
        "Näringsvärde": "Energi (kcal)",
        "100 Gram": "236 kcal"
      },
      {
        "Näringsvärde": "Energi (kJ)",
        "100 Gram": "985 kJ"
      },
      {
        "Näringsvärde": "Fett",
        "100 Gram": "0 g"
      },
      {
        "Näringsvärde": "Varav mättat fett",
        "100 Gram": "0 g"
      },
      {
        "Näringsvärde": "Kolhydrat",
        "100 Gram": "99 g"
      },
      {
        "Näringsvärde": "Varav sockerarter",
        "100 Gram": "0 g"
      },
      {
        "Näringsvärde": "Protein",
        "100 Gram": "0 g"
      },
      {
        "Näringsvärde": "Salt",
        "100 Gram": "0 g"
      }
    ],
    "nutritionUnitText": "Näringsvärde per 100 gram",
    "categories": {
      "mainCategory": "Glass, Godis & Snacks",
      "subCategories": [
        {
          "name": "Halstabletter",
          "subSubCategories": [
            "Halstabletter, påse"
          ]
        }
      ]
    }
  },
  {
    "name": "Plopp Dubbel 50g Cloetta",
    "weightText": "0.05 kg",
    "caPart": "",
    "weightValue": 0.05,
    "weightUnit": "kg",
    "comparePrice": "250,00 kr/kg",
    "currentPrice": 12.5,
    "attributes": [
      "Rainforest Alliance certifierad"
    ],
    "imgUrl": "https://handlaprivatkund.ica.se/images-v3/bf7a00ca-390e-4769-865f-dc369586872e/056903c3-bbf8-402a-8ef3-6f7742b624b4/500x500.jpg",
    "productInformation": "Mjölkchokladbit fylld med toffeé. Kan brytas i delar så du kan dela med dig. Eller njut helt själv när du vill unna dig något sött!",
    "countryText": "",
    "companyText": "Cloetta",
    "ingrediensText": "socker, glukossirap, kakaosmör1, HELMJÖLKSPULVER, vegetabiliska fetter (palm, shea), kakaomassa1, SKUMMJÖLKSPULVER, VASSLEPULVER (MJÖLK), salt, emulgeringsmedel (SOJALECITIN), aromer (bl.a. vanillin). Kan innehålla HASSELNÖTTER. Mjölkchokladen innehåller förutom kakaosmör även annat vegetabiliskt fett. 1Rainforest Alliance Certified. Find out more at ra.org.",
    "storage": "Förvaras torrt och svalt. Lägsta förvaringstemperatur 16°C Högsta förvaringstemperatur 20°C",
    "allergens": "Kan innehålla spår av Nötter.",
    "usage": "",
    "nutrition": [
      {
        "Näringsvärde": "Energi (kcal)",
        "100 Gram": "475 kcal"
      },
      {
        "Näringsvärde": "Energi (kJ)",
        "100 Gram": "1998 kJ"
      },
      {
        "Näringsvärde": "Fett",
        "100 Gram": "23 g"
      },
      {
        "Näringsvärde": "Varav mättat fett",
        "100 Gram": "14 g"
      },
      {
        "Näringsvärde": "Kolhydrat",
        "100 Gram": "63 g"
      },
      {
        "Näringsvärde": "Varav sockerarter",
        "100 Gram": "49 g"
      },
      {
        "Näringsvärde": "Protein",
        "100 Gram": "4.1 g"
      },
      {
        "Näringsvärde": "Salt",
        "100 Gram": "0.41 g"
      }
    ],
    "nutritionUnitText": "Näringsvärde per 100 gram",
    "categories": {
      "mainCategory": "Glass, Godis & Snacks",
      "subCategories": [
        {
          "name": "Choklad",
          "subSubCategories": [
            "Chokladstycksaker"
          ]
        }
      ]
    }
  },
  {
    "name": "Halstablett Ice Tea Peach Sugar Free 72g Vicks",
    "weightText": "0.072 kg",
    "caPart": "",
    "weightValue": 0.072,
    "weightUnit": "kg",
    "comparePrice": "298,61 kr/kg",
    "currentPrice": 21.5,
    "attributes": [],
    "imgUrl": "https://handlaprivatkund.ica.se/images-v3/bf7a00ca-390e-4769-865f-dc369586872e/460a9f73-6cdf-4327-8568-a32e6fe52684/500x500.jpg",
    "productInformation": "Vicks IceTea Peach är en sockerfri halstablett med en mjuk kärna med smak av iste och persika. Produkten har en lindrande och lenande funktion vid förkylning men kan användas vid alla tillfällen. Vicks IceTea Peach känns uppfräschande för både hals och andedräkt. Innehåller sötningsmedel.",
    "countryText": "",
    "companyText": "Vicks",
    "ingrediensText": "Sötningsmedel (isomalt, maltitol, xylitol, acesulfam k, sucralose), surhetsreglerande medel: citronsyra, mate extract (0,5%), persika juice koncentrat (0,5%), naturlig arom, färgämnen: karotener, menthol (0,06%).",
    "storage": "Förvaras torrt, ej över normal rumstemperatur. Skyddas mot direkt solljus",
    "allergens": "",
    "usage": "För uppfriskande och fräsch känsla i munnen",
    "nutrition": [
      {
        "Näringsvärde": "Energi (kcal)",
        "100 Gram": "232 kcal"
      },
      {
        "Näringsvärde": "Energi (kJ)",
        "100 Gram": "968 kJ"
      },
      {
        "Näringsvärde": "Fett",
        "100 Gram": "0 g"
      },
      {
        "Näringsvärde": "Varav mättat fett",
        "100 Gram": "0 g"
      },
      {
        "Näringsvärde": "Kolhydrat",
        "100 Gram": "95 g"
      },
      {
        "Näringsvärde": "Varav sockerarter",
        "100 Gram": "0.5 g"
      },
      {
        "Näringsvärde": "Protein",
        "100 Gram": "0.5 g"
      },
      {
        "Näringsvärde": "Salt",
        "100 Gram": "0.01 g"
      }
    ],
    "nutritionUnitText": "Näringsvärde per 100 gram",
    "categories": {
      "mainCategory": "Glass, Godis & Snacks",
      "subCategories": [
        {
          "name": "Halstabletter",
          "subSubCategories": [
            "Halstabletter, påse"
          ]
        }
      ]
    }
  },
  {
    "name": "Center Dubbel 50g Cloetta",
    "weightText": "0.05 kg",
    "caPart": "",
    "weightValue": 0.05,
    "weightUnit": "kg",
    "comparePrice": "250,00 kr/kg",
    "currentPrice": 12.5,
    "attributes": [
      "Rainforest Alliance certifierad"
    ],
    "imgUrl": "https://handlaprivatkund.ica.se/images-v3/bf7a00ca-390e-4769-865f-dc369586872e/c2e24d3c-d0aa-4652-b243-368153a506e9/500x500.jpg",
    "productInformation": "",
    "countryText": "",
    "companyText": "Cloetta",
    "ingrediensText": "socker, glukossirap, kakaosmör1, HELMJÖLKSPULVER, vegetabiliska fetter (palm, shea), kakaomassa1, SKUMMJÖLKSPULVER, VASSLEPULVER (MJÖLK), salt, emulgeringsmedel (SOJALECITIN), aromer (bl.a. vanillin). Mjölkchokladen innehåller förutom kakaosmör även annat vegetabiliskt fett. Kan innehålla HASSELNÖTTER. 1Rainforest Alliance Certified. Find out more at ra.org.",
    "storage": "Lägsta förvaringstemperatur 16°C Högsta förvaringstemperatur 20°C",
    "allergens": "Kan innehålla spår av Nötter.",
    "usage": "",
    "nutrition": [
      {
        "Näringsvärde": "Energi (kcal)",
        "100 Gram": "481 kcal"
      },
      {
        "Näringsvärde": "Energi (kJ)",
        "100 Gram": "2024 kJ"
      },
      {
        "Näringsvärde": "Fett",
        "100 Gram": "23 g"
      },
      {
        "Näringsvärde": "Varav mättat fett",
        "100 Gram": "15 g"
      },
      {
        "Näringsvärde": "Kolhydrat",
        "100 Gram": "63 g"
      },
      {
        "Näringsvärde": "Varav sockerarter",
        "100 Gram": "48 g"
      },
      {
        "Näringsvärde": "Protein",
        "100 Gram": "4.1 g"
      },
      {
        "Näringsvärde": "Salt",
        "100 Gram": "0.42 g"
      }
    ],
    "nutritionUnitText": "Näringsvärde per 100 gram",
    "categories": {
      "mainCategory": "Glass, Godis & Snacks",
      "subCategories": [
        {
          "name": "Choklad",
          "subSubCategories": [
            "Chokladstycksaker"
          ]
        }
      ]
    }
  },
  {
    "name": "Tarragona Dubbel 50g Cloetta",
    "weightText": "0.05 kg",
    "caPart": "",
    "weightValue": 0.05,
    "weightUnit": "kg",
    "comparePrice": "250,00 kr/kg",
    "currentPrice": 12.5,
    "attributes": [
      "Rainforest Alliance certifierad"
    ],
    "imgUrl": "https://handlaprivatkund.ica.se/images-v3/bf7a00ca-390e-4769-865f-dc369586872e/78d361e8-4bfc-40ed-80b1-1275ca393aa9/500x500.jpg",
    "productInformation": "Chokladen för passionerade nötälskare! Tarragona är mjölkchoklad med hasselnötter och har avnjutits sedan 1928. Detta är en choklad för den moderna livsnjutare och den passionerade nötälskaren. Hasselnötterna i Tarragona rostas enligt konstens alla regler och blir härligt spröda. Nötterna blandas med vår krämiga mjölkchoklad och resultatet blir en choklad för nötälskare.",
    "countryText": "",
    "companyText": "Cloetta",
    "ingrediensText": "socker, kakaosmör1, HELMJÖLKSPULVER, kakaomassa1, HASSELNÖTTER, vegetabiliska fetter (palm, shea), VASSLEPULVER (MJÖLK), emulgeringsmedel (SOJALECITIN), salt, arom (bl.a. vanillin). Mjölkchokladen innehåller minst 27% kakao och andra vegetabiliska fetter än kakaosmör. 1Rainforest Alliance Certified. Find out more at ra.org.",
    "storage": "Lägsta förvaringstemperatur 16°C Högsta förvaringstemperatur 25°C",
    "allergens": "",
    "usage": "",
    "nutrition": [
      {
        "Näringsvärde": "Energi (kcal)",
        "100 Gram": "551 kcal"
      },
      {
        "Näringsvärde": "Energi (kJ)",
        "100 Gram": "2316 kJ"
      },
      {
        "Näringsvärde": "Fett",
        "100 Gram": "34 g"
      },
      {
        "Näringsvärde": "Varav mättat fett",
        "100 Gram": "18 g"
      },
      {
        "Näringsvärde": "Kolhydrat",
        "100 Gram": "54 g"
      },
      {
        "Näringsvärde": "Varav sockerarter",
        "100 Gram": "54 g"
      },
      {
        "Näringsvärde": "Protein",
        "100 Gram": "5.9 g"
      },
      {
        "Näringsvärde": "Salt",
        "100 Gram": "0.29 g"
      }
    ],
    "nutritionUnitText": "Näringsvärde per 100 gram",
    "categories": {
      "mainCategory": "Glass, Godis & Snacks",
      "subCategories": [
        {
          "name": "Choklad",
          "subSubCategories": [
            "Chokladstycksaker"
          ]
        }
      ]
    }
  },
  {
    "name": "Halstablett Triple Action Sockerfri 72g Vicks",
    "weightText": "0.072 kg",
    "caPart": "",
    "weightValue": 0.072,
    "weightUnit": "kg",
    "comparePrice": "298,61 kr/kg",
    "currentPrice": 21.5,
    "attributes": [],
    "imgUrl": "https://handlaprivatkund.ica.se/images-v3/bf7a00ca-390e-4769-865f-dc369586872e/5d68a03b-d8a9-403f-9152-53523209b637/500x500.jpg",
    "productInformation": "Vicks Triple Action är en sockerfri halstablett med frisk smak av mint. Tabletterna är fyllda med svartvinbärsjuice från koncentrat och är berikade med vitamin C och zink. Produkten har en lindrande och lenande funktion vid förkylning men kan användas vid alla tillfällen. Vicks Triple Action känns uppfräschande för både hals och andedräkt. Innehåller sötningsmedel.",
    "countryText": "",
    "companyText": "Vicks",
    "ingrediensText": "Sötningsmedel (isomalt, maltitolsirap, sukralos), svart vinbärssaft från koncentrat (0,3 %), naturlig mintsmak, mentol (0,2 %), L-askorbinsyra (vitamin C), naturlig arom, syra: citronsyra, frukt- och växtkoncentrat (morot, blåbär), zinksulfat.",
    "storage": "Förvaras torrt, ej över normal rumstemperatur. Skyddas mot direkt solljus",
    "allergens": "",
    "usage": "För uppfriskande och fräsch känsla i munnen",
    "nutrition": [
      {
        "Näringsvärde": "Energi (kcal)",
        "100 Gram": "231 kcal"
      },
      {
        "Näringsvärde": "Energi (kJ)",
        "100 Gram": "963 kJ"
      },
      {
        "Näringsvärde": "Fett",
        "100 Gram": "0 g"
      },
      {
        "Näringsvärde": "Varav mättat fett",
        "100 Gram": "0 g"
      },
      {
        "Näringsvärde": "Kolhydrat",
        "100 Gram": "96 g"
      },
      {
        "Näringsvärde": "Varav sockerarter",
        "100 Gram": "0.5 g"
      },
      {
        "Näringsvärde": "Protein",
        "100 Gram": "0 g"
      },
      {
        "Näringsvärde": "Salt",
        "100 Gram": "0.01 g"
      },
      {
        "Näringsvärde": "Vitamin C",
        "100 Gram": "198 mg"
      },
      {
        "Näringsvärde": "Zink",
        "100 Gram": "11.6 mg"
      }
    ],
    "nutritionUnitText": "Näringsvärde per 100 gram",
    "categories": {
      "mainCategory": "Glass, Godis & Snacks",
      "subCategories": [
        {
          "name": "Halstabletter",
          "subSubCategories": [
            "Halstabletter, påse"
          ]
        }
      ]
    }
  },
  {
    "name": "Halstablett Blue Active Strong sockerfri 72g Vicks",
    "weightText": "0.072 kg",
    "caPart": "",
    "weightValue": 0.072,
    "weightUnit": "kg",
    "comparePrice": "298,61 kr/kg",
    "currentPrice": 21.5,
    "attributes": [],
    "imgUrl": "https://handlaprivatkund.ica.se/images-v3/bf7a00ca-390e-4769-865f-dc369586872e/b6faf332-2f2a-40ef-baf3-b78054f2b25b/500x500.jpg",
    "productInformation": "Information från leverantör \n Vicks Blue Active Super Strong är en sockerfri halstablett med en frisk smak av mint. Produkten har en lindrande och lenande funktion vid förkylning men kan användas vid alla tillfällen. Vicks Blue Active Super Strong känns uppfräschande för både hals och andedräkt. Innehåller sötningsmedel.",
    "countryText": "",
    "companyText": "Vicks",
    "ingrediensText": "Sötningsmedel (isomalt, xylitol, acesulfam k), aromer, mentol (0,45 %), färgämne: E132.",
    "storage": "Förvaras torrt, ej över normal rumstemperatur. Skyddas mot direkt solljus",
    "allergens": "",
    "usage": "För uppfriskande och fräsch känsla i munnen",
    "nutrition": [
      {
        "Näringsvärde": "Energi (kcal)",
        "100 Gram": "231 kcal"
      },
      {
        "Näringsvärde": "Energi (kJ)",
        "100 Gram": "970 kJ"
      },
      {
        "Näringsvärde": "Fett",
        "100 Gram": "0 g"
      },
      {
        "Näringsvärde": "Varav mättat fett",
        "100 Gram": "0 g"
      },
      {
        "Näringsvärde": "Kolhydrat",
        "100 Gram": "96 g"
      },
      {
        "Näringsvärde": "Varav sockerarter",
        "100 Gram": "0 g"
      },
      {
        "Näringsvärde": "Protein",
        "100 Gram": "0 g"
      },
      {
        "Näringsvärde": "Salt",
        "100 Gram": "0 g"
      }
    ],
    "nutritionUnitText": "Näringsvärde per 100 gram",
    "categories": {
      "mainCategory": "Glass, Godis & Snacks",
      "subCategories": [
        {
          "name": "Halstabletter",
          "subSubCategories": [
            "Halstabletter, påse"
          ]
        }
      ]
    }
  },
  {
    "name": "Chokladask Aladdin 410g Marabou",
    "weightText": "0.41 kg",
    "caPart": "",
    "weightValue": 0.41,
    "weightUnit": "kg",
    "comparePrice": "304,88 kr/kg",
    "currentPrice": 125,
    "attributes": [],
    "imgUrl": "https://handlaprivatkund.ica.se/images-v3/bf7a00ca-390e-4769-865f-dc369586872e/228c1934-16be-405b-90f6-f8d599e810ef/500x500.jpg",
    "productInformation": "Marabou Aladdin är Sveriges mest köpta pralinask från 1939! Asken är fylld av våra ikoniska och fantastiskt goda chokladpraliner med många härliga fyllningar. Aladdin är den perfekta gå-bort-presenten, ett måste till julen eller om du önskar unna dig en riktigt god pralinask. Genom Cocoa Life, vårt program för en hållbar kakaoproduktion, bidrar Marabou till att kakao odlas på rätt sätt, för att skydda planeten och respektera mänskliga rättigheter i vår värdekedja. Läs mer om Cocoa Life här www.cocoalife.org.",
    "countryText": "",
    "companyText": "Marabou",
    "ingrediensText": "Ingredienser: Socker, kakaomassa, kakaosmör, vegetabiliska fetter (palm, shea, palmkärn, kokos), HASSELNÖTTER, invertsocker, SKUMMJÖLKSPULVER, SMÖRFETT, vasslepulver (MJÖLK), glukossirap, vassleprodukt (MJÖLK), MJÖLKPULVER, stabiliseringsmedel (sorbitoler, invertas, E341), sötad kondenserad SKUMMJÖLK, emulgeringsmedel (SOJALECITINER, E476, E471), kokos, salt, GRÄDDPULVER, rismjöl, alkohol, aromer, frystorkade jordgubbar, konjak, hallonpuré, äpple, dextros, rom, arom (salmiak), ananasfiber, apelsinolja, russin, majs, lakritsextrakt, MANDEL, surhetsreglerande medel (E330), apelsinskal, geleringsmedel (E401), färgämnen (E163, E153, E150a, E160a, E150d), maltodextrin, solrosolja, ytbehandlingsmedel (bivax), frystorkade hallon. KAN INNEHÅLLA ANDRA NÖTTER OCH VETE.",
    "storage": "Lägsta förvaringstemperatur 10°C Högsta förvaringstemperatur 20°C",
    "allergens": "",
    "usage": "",
    "nutrition": [
      {
        "Näringsvärde": "Energi (kcal)",
        "100 Gram": "524 kcal"
      },
      {
        "Näringsvärde": "Energi (kJ)",
        "100 Gram": "2187 kJ"
      },
      {
        "Näringsvärde": "Fett",
        "100 Gram": "30 g"
      },
      {
        "Näringsvärde": "Varav mättat fett",
        "100 Gram": "16 g"
      },
      {
        "Näringsvärde": "Kolhydrat",
        "100 Gram": "58 g"
      },
      {
        "Näringsvärde": "Varav sockerarter",
        "100 Gram": "54 g"
      },
      {
        "Näringsvärde": "Fiber",
        "100 Gram": "3.1 g"
      },
      {
        "Näringsvärde": "Protein",
        "100 Gram": "4 g"
      },
      {
        "Näringsvärde": "Salt",
        "100 Gram": "0.25 g"
      }
    ],
    "nutritionUnitText": "Näringsvärde per 100 gram",
    "categories": {
      "mainCategory": "Glass, Godis & Snacks",
      "subCategories": [
        {
          "name": "Choklad",
          "subSubCategories": [
            "Praliner & presentaskar"
          ]
        }
      ]
    }
  },
  {
    "name": "Halstablett Blue Extra Strong 72g Vicks",
    "weightText": "0.072 kg",
    "caPart": "",
    "weightValue": 0.072,
    "weightUnit": "kg",
    "comparePrice": "298,61 kr/kg",
    "currentPrice": 21.5,
    "attributes": [],
    "imgUrl": "https://handlaprivatkund.ica.se/images-v3/bf7a00ca-390e-4769-865f-dc369586872e/214f9e36-523f-45e7-9d72-37f0b18accb5/500x500.jpg",
    "productInformation": "Vicks Blue Extra Strong är en halstablett med en frisk smak av mint. Produkten har en lindrande och lenande funktion vid förkylning men kan användas vid alla tillfällen. Vicks Blue Extra Strong känns uppfräschande för både hals och andedräkt.",
    "countryText": "",
    "companyText": "Vicks",
    "ingrediensText": "Socker, glukossirap, naturlig mintsmak (0,2 %), mentol (0,2 %), färgämnen: E131 och E132.",
    "storage": "Förvaras svalt och torrt.",
    "allergens": "",
    "usage": "Förtäring",
    "nutrition": [
      {
        "Näringsvärde": "Energi (kcal)",
        "100 Gram": "388 kcal"
      },
      {
        "Näringsvärde": "Energi (kJ)",
        "100 Gram": "1649 kJ"
      },
      {
        "Näringsvärde": "Fett",
        "100 Gram": "0 g"
      },
      {
        "Näringsvärde": "Varav mättat fett",
        "100 Gram": "0 g"
      },
      {
        "Näringsvärde": "Kolhydrat",
        "100 Gram": "97 g"
      },
      {
        "Näringsvärde": "Varav sockerarter",
        "100 Gram": "73 g"
      },
      {
        "Näringsvärde": "Protein",
        "100 Gram": "0 g"
      },
      {
        "Näringsvärde": "Salt",
        "100 Gram": "0 g"
      }
    ],
    "nutritionUnitText": "Näringsvärde per 100 gram",
    "categories": {
      "mainCategory": "Glass, Godis & Snacks",
      "subCategories": [
        {
          "name": "Halstabletter",
          "subSubCategories": [
            "Halstabletter, påse"
          ]
        }
      ]
    }
  },
  {
    "name": "Pastiller Sockerfri Multifruit 72g Vicks",
    "weightText": "0.072 kg",
    "caPart": "",
    "weightValue": 0.072,
    "weightUnit": "kg",
    "comparePrice": "298,61 kr/kg",
    "currentPrice": 21.5,
    "attributes": [],
    "imgUrl": "https://handlaprivatkund.ica.se/images-v3/bf7a00ca-390e-4769-865f-dc369586872e/abb70a56-e34c-4249-8cee-740b9431e433/500x500.jpg",
    "productInformation": "Sockerfria pastiller med multifruktjuicekoncentrat (0,5%) och naturlig mentol. Med sötningsmedel.",
    "countryText": "",
    "companyText": "Vicks",
    "ingrediensText": "Sötningsmedel (isomalt, acesulfam K, sukralos), syra: citronsyra, äppeljuicekoncentrat, arom, frukt- och växtkoncentrat (morotkoncentrat, svartvinbärskoncentrat, koncentrat av gurkmeja), mentol (0,03 %), päronjuicekoncentrat, plommonjuicekoncentrat, passionsfruktsjuicekoncentrat (0,01 %), bananjuicekoncentrat (0,01%), mandarinjuicekoncentrat, apelsinjuicekoncentrat (0,01 %), blond grapefruktjuicekoncentrat, citronjuicekoncentrat, ananasjuicekoncentrat (0,01 %).",
    "storage": "Förvaras svalt och torrt.",
    "allergens": "",
    "usage": "Förtäring",
    "nutrition": [
      {
        "Näringsvärde": "Energi (kcal)",
        "100 Gram": "238 kcal"
      },
      {
        "Näringsvärde": "Energi (kJ)",
        "100 Gram": "994 kJ"
      },
      {
        "Näringsvärde": "Fett",
        "100 Gram": "0 g"
      },
      {
        "Näringsvärde": "Varav mättat fett",
        "100 Gram": "0 g"
      },
      {
        "Näringsvärde": "Kolhydrat",
        "100 Gram": "97 g"
      },
      {
        "Näringsvärde": "Varav sockerarter",
        "100 Gram": "0.5 g"
      },
      {
        "Näringsvärde": "Fiber",
        "100 Gram": "0.5 g"
      },
      {
        "Näringsvärde": "Protein",
        "100 Gram": "0.5 g"
      },
      {
        "Näringsvärde": "Salt",
        "100 Gram": "0 g"
      }
    ],
    "nutritionUnitText": "Näringsvärde per 100 gram",
    "categories": {
      "mainCategory": "Glass, Godis & Snacks",
      "subCategories": [
        {
          "name": "Halstabletter",
          "subSubCategories": [
            "Halstabletter, påse"
          ]
        }
      ]
    }
  },
  {
    "name": "Chokladask Paradis 410g Marabou",
    "weightText": "0.41 kg",
    "caPart": "",
    "weightValue": 0.41,
    "weightUnit": "kg",
    "comparePrice": "304,88 kr/kg",
    "currentPrice": 125,
    "attributes": [],
    "imgUrl": "https://handlaprivatkund.ica.se/images-v3/bf7a00ca-390e-4769-865f-dc369586872e/b76d36a3-db91-4a6c-aa55-983a8ed808fb/500x500.jpg",
    "productInformation": "Marabou Paradis är lika klassisk som sitt storasyskon Aladdin, med sina ljusa mjölkchokladöverdragna praliner och har varit en svensk trotjänare sedan 1957. Paradis är den perfekta gå-bort-presenten, ett måste till julen eller om du önskar unna dig en riktigt god pralinask. Genom Cocoa Life, vårt program för en hållbar kakaoproduktion, bidrar Marabou till att kakao odlas på rätt sätt, för att skydda planeten och respektera mänskliga rättigheter i vår värdekedja. Läs mer om Cocoa Life här www.cocoalife.org.",
    "countryText": "",
    "companyText": "Marabou",
    "ingrediensText": "Ingredienser: Socker, kakaosmör, kakaomassa, vegetabiliska fetter (palm, shea, palmkärn, kokos), SKUMMJÖLKSPULVER, vasslepulver (MJÖLK), SMÖRFETT, vassleprodukt (MJÖLK), HASSELNÖTTER, invertsocker, glukossirap, sötad kondenserad SKUMMJÖLK, stabiliseringsmedel (sorbitoler, E341, invertas), MJÖLKPULVER, emulgeringsmedel (SOJALECITINER, E476, E471), MANDEL, kokos, alkohol, salt, GRÄDDPULVER, rismjöl, aromer, konjak, hallonpuré, äpple, dextros, rom, arom (salmiak), ananasfiber, russin, majs, lakritsextrakt, frystorkade jordgubbar, apelsinskal, geleringsmedel (E401), färgämnen (E163, E153, E150a, E160a, E150d), maltodextrin, solrosolja, ytbehandlingsmedel (bivax), apelsinolja, surhetsreglerande medel (E330), frystorkade hallon. KAN INNEHÅLLA ANDRA NÖTTER OCH VETE.",
    "storage": "Lägsta förvaringstemperatur 10°C Högsta förvaringstemperatur 20°C",
    "allergens": "",
    "usage": "",
    "nutrition": [
      {
        "Näringsvärde": "Energi (kcal)",
        "100 Gram": "531 kcal"
      },
      {
        "Näringsvärde": "Energi (kJ)",
        "100 Gram": "2219 kJ"
      },
      {
        "Näringsvärde": "Fett",
        "100 Gram": "31 g"
      },
      {
        "Näringsvärde": "Varav mättat fett",
        "100 Gram": "17 g"
      },
      {
        "Näringsvärde": "Kolhydrat",
        "100 Gram": "58 g"
      },
      {
        "Näringsvärde": "Varav sockerarter",
        "100 Gram": "55 g"
      },
      {
        "Näringsvärde": "Fiber",
        "100 Gram": "1.8 g"
      },
      {
        "Näringsvärde": "Protein",
        "100 Gram": "4 g"
      },
      {
        "Näringsvärde": "Salt",
        "100 Gram": "0.32 g"
      }
    ],
    "nutritionUnitText": "Näringsvärde per 100 gram",
    "categories": {
      "mainCategory": "Glass, Godis & Snacks",
      "subCategories": [
        {
          "name": "Choklad",
          "subSubCategories": [
            "Praliner & presentaskar"
          ]
        }
      ]
    }
  },
  {
    "name": "Halstablett Honey Fresh Ginger 72g Vicks",
    "weightText": "0.072 kg",
    "caPart": "",
    "weightValue": 0.072,
    "weightUnit": "kg",
    "comparePrice": "298,61 kr/kg",
    "currentPrice": 21.5,
    "attributes": [],
    "imgUrl": "https://handlaprivatkund.ica.se/images-v3/bf7a00ca-390e-4769-865f-dc369586872e/10eb58ba-c5c2-4e0f-8c7c-1bf5ecbda9dd/500x500.jpg",
    "productInformation": "Vicks Honey Fresh Ginger är en halstablett med en hård yta och en mjuk kärna av ingefära. Den har en härlig honungsmak och verkar lenande vid halsont. Halstabletten ger en uppfriskande känsla för halsen och andedräkten och kan användas vid alla tillfällen. Produkten är sockerbaserad.",
    "countryText": "",
    "companyText": "Vicks",
    "ingrediensText": "Ingredienser: socker, glukossirap, invertsockersirap, honung (8%), fruktos, ingefäraextrakt (0,6%), mentol (0,2%), syra (citronsyra), mandarinjuicekoncentrat, aromer, vitamin C.",
    "storage": "Förvaras torrt, ej över normal rumstemperatur. Skyddas mot direkt solljus",
    "allergens": "",
    "usage": "För uppfriskande och fräsch känsla i munnen. Överdriven konsumtion kan ha laxerande effekt.",
    "nutrition": [
      {
        "Näringsvärde": "Energi (kcal)",
        "100 Gram": "384 kcal"
      },
      {
        "Näringsvärde": "Energi (kJ)",
        "100 Gram": "1633 kJ"
      },
      {
        "Näringsvärde": "Fett",
        "100 Gram": "0 g"
      },
      {
        "Näringsvärde": "Varav mättat fett",
        "100 Gram": "0 g"
      },
      {
        "Näringsvärde": "Kolhydrat",
        "100 Gram": "98 g"
      },
      {
        "Näringsvärde": "Varav sockerarter",
        "100 Gram": "74 g"
      },
      {
        "Näringsvärde": "Protein",
        "100 Gram": "0.5 g"
      },
      {
        "Näringsvärde": "Salt",
        "100 Gram": "0.01 g"
      },
      {
        "Näringsvärde": "Vitamin C",
        "100 Gram": "27 mg",
        "% av DRI(*)": "34"
      }
    ],
    "nutritionUnitText": "Näringsvärde per 100 gram",
    "categories": {
      "mainCategory": "Glass, Godis & Snacks",
      "subCategories": [
        {
          "name": "Halstabletter",
          "subSubCategories": [
            "Halstabletter, ask"
          ]
        }
      ]
    }
  },
  {
    "name": "Chokladkaka Mjölkchoklad 160g Marabou",
    "weightText": "0.16 kg",
    "caPart": "",
    "weightValue": 0.16,
    "weightUnit": "kg",
    "comparePrice": "193,44 kr/kg",
    "currentPrice": 30.95,
    "attributes": [],
    "imgUrl": "https://handlaprivatkund.ica.se/images-v3/bf7a00ca-390e-4769-865f-dc369586872e/97416242-954e-48ad-acaa-1994a4f17e9f/500x500.jpg",
    "productInformation": "Marabou Mjölkchoklad, en riktig klassiker! En chokladkaka med vår älskade Marabou Mjölkchoklad i 200g som passar för alla tillfällen. Genom Cocoa Life, vårt program för en hållbar kakaoproduktion, bidrar Marabou till att kakao odlas på rätt sätt, för att skydda planeten och respektera mänskliga rättigheter i vår värdekedja. Läs mer om Cocoa Life här www.cocoalife.org.",
    "countryText": "",
    "companyText": "Marabou",
    "ingrediensText": "Ingredienser: Socker, kakaosmör, kakaomassa, vasslepulver (MJÖLK), SKUMMJÖLKSPULVER, SMÖRFETT, vassleprodukt (MJÖLK), emulgeringsmedel (SOJALECITINER), arom. Minst 30% kakao. KAN INNEHÅLLA NÖTTER OCH VETE.",
    "storage": "",
    "allergens": "",
    "usage": "",
    "nutrition": [
      {
        "Näringsvärde": "Energi (kcal)",
        "100 Gram": "544 kcal"
      },
      {
        "Näringsvärde": "Energi (kJ)",
        "100 Gram": "2273 kJ"
      },
      {
        "Näringsvärde": "Fett",
        "100 Gram": "32 g"
      },
      {
        "Näringsvärde": "Varav mättat fett",
        "100 Gram": "19 g"
      },
      {
        "Näringsvärde": "Kolhydrat",
        "100 Gram": "59 g"
      },
      {
        "Näringsvärde": "Varav sockerarter",
        "100 Gram": "58 g"
      },
      {
        "Näringsvärde": "Fiber",
        "100 Gram": "1.9 g"
      },
      {
        "Näringsvärde": "Protein",
        "100 Gram": "4.4 g"
      },
      {
        "Näringsvärde": "Salt",
        "100 Gram": "0.26 g"
      }
    ],
    "nutritionUnitText": "Näringsvärde per 100 gram",
    "categories": {
      "mainCategory": "Glass, Godis & Snacks",
      "subCategories": [
        {
          "name": "Choklad",
          "subSubCategories": [
            "Chokladkakor"
          ]
        }
      ]
    }
  },
  {
    "name": "Kexchoklad 60g Cloetta",
    "weightText": "0.06 kg",
    "caPart": "",
    "weightValue": 0.06,
    "weightUnit": "kg",
    "comparePrice": "199,17 kr/kg",
    "currentPrice": 11.95,
    "attributes": [
      "Rainforest Alliance certifierad"
    ],
    "imgUrl": "https://handlaprivatkund.ica.se/images-v3/bf7a00ca-390e-4769-865f-dc369586872e/6bb766c8-7a76-4e25-971b-812f88771497/500x500.jpg",
    "productInformation": "Kexchoklad är Cloettas aktiva svenska klassiker som har en speciell plats i många svenskars hjärtan. Kexchoklad är frasiga rån fyllda med choklad under ett täcke av läcker, ljus mjölkchoklad. Sveriges godaste mellanmål! Innehåller 60 g Kexchoklad.",
    "countryText": "",
    "companyText": "Cloetta",
    "ingrediensText": "socker, VETEMJÖL, SKUMMJÖLKSPULVER, vegetabiliska fetter (palm, shea), VASSLEPULVER (MJÖLK), kakaosmör1, HELMJÖLKSPULVER, kakaomassa1, fettreducerat kakaopulver1, kokosolja, emulgeringsmedel (SOJALECITIN), salt, bakpulver (natriumvätekarbonat), aromer (bl.a. vanillin). Mjölkchokladen innehåller förutom kakaosmör även annat vegetabiliskt fett och minst 25 % kakao. 1Rainforest Alliance Certified. Find out more at ra.org.",
    "storage": "Förvaras torrt och svalt. Lägsta förvaringstemperatur 16°C Högsta förvaringstemperatur 20°C",
    "allergens": "",
    "usage": "",
    "nutrition": [
      {
        "Näringsvärde": "Energi (kcal)",
        "100 Gram": "502 kcal"
      },
      {
        "Näringsvärde": "Energi (kJ)",
        "100 Gram": "2106 kJ"
      },
      {
        "Näringsvärde": "Fett",
        "100 Gram": "24 g"
      },
      {
        "Näringsvärde": "Varav mättat fett",
        "100 Gram": "14 g"
      },
      {
        "Näringsvärde": "Kolhydrat",
        "100 Gram": "61 g"
      },
      {
        "Näringsvärde": "Varav sockerarter",
        "100 Gram": "42 g"
      },
      {
        "Näringsvärde": "Protein",
        "100 Gram": "9.7 g"
      },
      {
        "Näringsvärde": "Salt",
        "100 Gram": "0.41 g"
      }
    ],
    "nutritionUnitText": "Näringsvärde per 100 gram",
    "categories": {
      "mainCategory": "Glass, Godis & Snacks",
      "subCategories": [
        {
          "name": "Choklad",
          "subSubCategories": [
            "Chokladstycksaker"
          ]
        }
      ]
    }
  },
  {
    "name": "Cheezdoodles 225g OLW",
    "weightText": "0.225 kg",
    "caPart": "",
    "weightValue": 0.225,
    "weightUnit": "kg",
    "comparePrice": "148,89 kr/kg",
    "currentPrice": 33.5,
    "attributes": [],
    "imgUrl": "https://handlaprivatkund.ica.se/images-v3/bf7a00ca-390e-4769-865f-dc369586872e/f2b61bb8-c3a8-4848-8ca0-01f49b42412a/500x500.jpg",
    "productInformation": "Ostbågar, ostkrokar eller cheez doodles - kärt barn har många namn. OLWs ostbågar är Sveriges mest sålda snacks, och vi förstår varför. Spröda och frasiga majsbågar som smaksatts med mild ostkrydda. En riktig klassiker till fredagsmyset. Njut och bestäm själv om du vill bjuda!",
    "countryText": "",
    "companyText": "Olw",
    "ingrediensText": "Majsmjöl, vegetabilisk olja², OSTPULVER (85% OST, vasslepulver (från MJÖLK), salt, färgämne (betakaroten, paprikaextrakt)), KÄRNMJÖLKSPULVER, potatisstärkelse, salt, druvsocker.²För info om vilken olja som använts se www.olw.se/ravaror",
    "storage": "",
    "allergens": "Innehåller Mjölk",
    "usage": "",
    "nutrition": [
      {
        "Näringsvärde": "Energi (kcal)",
        "100 Gram": "520 kcal"
      },
      {
        "Näringsvärde": "Energi (kJ)",
        "100 Gram": "2200 kJ"
      },
      {
        "Näringsvärde": "Fett",
        "100 Gram": "30 g"
      },
      {
        "Näringsvärde": "Varav mättat fett",
        "100 Gram": "14 g"
      },
      {
        "Näringsvärde": "Kolhydrat",
        "100 Gram": "53 g"
      },
      {
        "Näringsvärde": "Varav sockerarter",
        "100 Gram": "2.5 g"
      },
      {
        "Näringsvärde": "Protein",
        "100 Gram": "10 g"
      },
      {
        "Näringsvärde": "Salt",
        "100 Gram": "2.1 g"
      }
    ],
    "nutritionUnitText": "Näringsvärde per 100 gram",
    "categories": {
      "mainCategory": "Glass, Godis & Snacks",
      "subCategories": [
        {
          "name": "Chips & snacks",
          "subSubCategories": [
            "Ostbågar"
          ]
        }
      ]
    }
  },
  {
    "name": "Godis Original 160g Ahlgrens Bilar",
    "weightText": "0.16 kg",
    "caPart": "",
    "weightValue": 0.16,
    "weightUnit": "kg",
    "comparePrice": "118,44 kr/kg",
    "currentPrice": 18.95,
    "attributes": [],
    "imgUrl": "https://handlaprivatkund.ica.se/images-v3/bf7a00ca-390e-4769-865f-dc369586872e/9d47a209-a3bd-4488-a664-ecb7ce2d2098/500x500.jpg",
    "productInformation": "Ahlgrens bilar Original är en favorit bland godispåsar. De mjuka bilarna erbjuds här i de klassiska Ahlgrens bilar färgerna rosa, vit och grön. Under åren som gått har det tillkommit en del nya modeller men originalets smak är och förblir orörd. Har man Sveriges godaste bil så har man!",
    "countryText": "",
    "companyText": "Ahlgrens Bilar",
    "ingrediensText": "glukossirap, socker, stärkelse, gelatin, invertsockersirap, syra (E270), vegetabiliska oljor (kokos, raps), naturliga aromer, ytbehandlingsmedel (karnaubavax), färgämnen (klorofyllinkopparkomplex, karmin).",
    "storage": "Förvaras torrt och i rumstemperatur.",
    "allergens": "",
    "usage": "",
    "nutrition": [
      {
        "Näringsvärde": "Energi (kcal)",
        "100 Gram": "352 kcal"
      },
      {
        "Näringsvärde": "Energi (kJ)",
        "100 Gram": "1493 kJ"
      },
      {
        "Näringsvärde": "Fett",
        "100 Gram": "0.2 g"
      },
      {
        "Näringsvärde": "Varav mättat fett",
        "100 Gram": "0.2 g"
      },
      {
        "Näringsvärde": "Kolhydrat",
        "100 Gram": "82 g"
      },
      {
        "Näringsvärde": "Varav sockerarter",
        "100 Gram": "57 g"
      },
      {
        "Näringsvärde": "Protein",
        "100 Gram": "4.4 g"
      },
      {
        "Näringsvärde": "Salt",
        "100 Gram": "0.02 g"
      }
    ],
    "nutritionUnitText": "Näringsvärde per 100 gram",
    "categories": {
      "mainCategory": "Glass, Godis & Snacks",
      "subCategories": [
        {
          "name": "Godis",
          "subSubCategories": [
            "Godispåsar"
          ]
        }
      ]
    }
  },
  {
    "name": "Müslibar BIG Chocolate 50g Corny",
    "weightText": "0.05 kg",
    "caPart": "",
    "weightValue": 0.05,
    "weightUnit": "kg",
    "comparePrice": "210,00 kr/kg",
    "currentPrice": 10.5,
    "attributes": [
      "Rainforest Alliance certifierad"
    ],
    "imgUrl": "https://handlaprivatkund.ica.se/images-v3/bf7a00ca-390e-4769-865f-dc369586872e/72517c5b-8ba1-4a3d-9f72-9b1ba44abe49/500x500.jpg",
    "productInformation": "Corny Müslibar är ett nyttigare mellanmålsalternativ i barformat, lätt att ta med sig på utflykten. Perfekt före, under och efter träningspasset. Lätt att stoppa i fickan och ha med sig under fritidsaktiviteterna.",
    "countryText": "",
    "companyText": "Corny",
    "ingrediensText": "Ingredienser: MJÖLKchoklad 20% (socker, kakaomassa*, kakaosmör*, skumMJÖLKspulver, MJÖLKfett, emulgeringsmedel (E476, E442)), glukossirap, spannmålsflingor (VETEmjöl, socker, rismjöl, majsmjöl, KORNmaltsextrakt, salt, karamelliserad sockersirap), glukos-fruktossirap, fullkornsflingor (HAVRE 5%, VETE 2,8%, KORN 1,8%), rostade JORDNÖTTER, kokosolja, majsflingor (majs, salt, KORNmaltsextrakt), socker, honung, naturliga aromer, salt, karamelliserad sockersirap, emulgeringsmedel (lecitin). Kan innehålla spår av NÖTTER. * Rainforest Alliance Certified. Find out more at ra.org.",
    "storage": "Förvaras torrt och svalt, skyddad från värme. Lägsta förvaringstemperatur 10°C Högsta förvaringstemperatur 25°C",
    "allergens": "Innehåller Jordnötter Innehåller Mjölk Innehåller Spannmål som innehåller gluten Kan innehålla Nötter (eng: tree nuts)",
    "usage": "",
    "nutrition": [
      {
        "Näringsvärde": "Energi (kcal)",
        "100 Gram": "439 kcal"
      },
      {
        "Näringsvärde": "Energi (kJ)",
        "100 Gram": "1845 kJ"
      },
      {
        "Näringsvärde": "Fett",
        "100 Gram": "17 g"
      },
      {
        "Näringsvärde": "Varav mättat fett",
        "100 Gram": "9.7 g"
      },
      {
        "Näringsvärde": "Kolhydrat",
        "100 Gram": "65 g"
      },
      {
        "Näringsvärde": "Varav sockerarter",
        "100 Gram": "31 g"
      },
      {
        "Näringsvärde": "Fiber",
        "100 Gram": "3.2 g"
      },
      {
        "Näringsvärde": "Protein",
        "100 Gram": "6.2 g"
      },
      {
        "Näringsvärde": "Salt",
        "100 Gram": "0.53 g"
      }
    ],
    "nutritionUnitText": "Näringsvärde per 100 gram",
    "categories": {
      "mainCategory": "Glass, Godis & Snacks",
      "subCategories": [
        {
          "name": "Naturgodis, Nötter & Bars",
          "subSubCategories": [
            "Bars"
          ]
        }
      ]
    }
  },
  {
    "name": "Choklad Dubbel nougat 43g Marabou",
    "weightText": "0.043 kg",
    "caPart": "",
    "weightValue": 0.043,
    "weightUnit": "kg",
    "comparePrice": "347,67 kr/kg",
    "currentPrice": 14.95,
    "attributes": [],
    "imgUrl": "https://handlaprivatkund.ica.se/images-v3/bf7a00ca-390e-4769-865f-dc369586872e/c9718fb2-7001-48de-9cd9-6abdaa88b774/500x500.jpg",
    "productInformation": "Dubbel Nougat- Med ett lager ljus, len mandelnougat och ett lager mörk, krämig hasselnötsnougat förenar vår Dubbel Nougat det bästa av två världar. Låt den smälta i munnen och njut!",
    "countryText": "",
    "companyText": "Marabou",
    "ingrediensText": "Ingredienser: Socker, HASSELNÖTTER/-NØDDER (18%), vegetabiliskt fett/fedtstoffer (palm/palme, shea), MANDEL (9,5%), vassle-/vallepulver (MJÖLK/MÆLK), kakaomassa, kakaosmör, SKUMMJÖLKS-/SKUMMETMÆLKSPULVER, SMÖRFETT/SMØROLIE, emulgeringsmedel/emulgatorer (SOJALECITIN, E476), aromer. KAN INNEHÅLLA JORDNÖTTER, ÄGG OCH VETE/JORDNØDDER, ÆG OG HVEDE.",
    "storage": "",
    "allergens": "",
    "usage": "",
    "nutrition": [
      {
        "Näringsvärde": "Energi (kcal)",
        "100 Gram": "565 kcal"
      },
      {
        "Näringsvärde": "Energi (kJ)",
        "100 Gram": "2357 kJ"
      },
      {
        "Näringsvärde": "Fett",
        "100 Gram": "36 g"
      },
      {
        "Näringsvärde": "Varav mättat fett",
        "100 Gram": "13 g"
      },
      {
        "Näringsvärde": "Kolhydrat",
        "100 Gram": "52 g"
      },
      {
        "Näringsvärde": "Varav sockerarter",
        "100 Gram": "50 g"
      },
      {
        "Näringsvärde": "Fiber",
        "100 Gram": "3.7 g"
      },
      {
        "Näringsvärde": "Protein",
        "100 Gram": "6.2 g"
      },
      {
        "Näringsvärde": "Salt",
        "100 Gram": "0.13 g"
      }
    ],
    "nutritionUnitText": "Näringsvärde per 100 gram",
    "categories": {
      "mainCategory": "Glass, Godis & Snacks",
      "subCategories": [
        {
          "name": "Choklad",
          "subSubCategories": [
            "Chokladstycksaker"
          ]
        }
      ]
    }
  },
  {
    "name": "Chips Sourcream & onion 275g Estrella",
    "weightText": "0.275 kg",
    "caPart": "",
    "weightValue": 0.275,
    "weightUnit": "kg",
    "comparePrice": "114,55 kr/kg",
    "currentPrice": 31.5,
    "attributes": [],
    "imgUrl": "https://handlaprivatkund.ica.se/images-v3/bf7a00ca-390e-4769-865f-dc369586872e/7a64601a-1419-48a8-9e4f-a6fe2cb5aa60/500x500.jpg",
    "productInformation": "Estrella Sourcream & Onion är krispiga finräfflade potatischips med smak av gräddfil och lök. Sveriges mest populära chips och en riktig klassiker! Smaken är syrligt krämig och läcker med ett sting av lök. Lika goda precis som de är eller med dipp. Tillverkade på chipsfabriken i Göteborg av naturliga råvaror i vår mest älskade smak - finns det något godare? Krispig helg med snacks från Estrella!",
    "countryText": "",
    "companyText": "Estrella",
    "ingrediensText": "Potatis, solros-/rapsolja, kryddblandning (salt, lökpulver (gul-och rödlök), VASSLEpulver (från MJÖLK), socker, KÄRNMJÖLKspulver, naturlig arom, persilja, GRÄDDpulver, jästextrakt, MJÖLKpulver, kryddor (vitlökspulver, svartpeppar), syra (mjölksyra, citronsyra), färgämne (paprika, gurkmeja)).",
    "storage": "",
    "allergens": "Innehåller Mjölk",
    "usage": "",
    "nutrition": [
      {
        "Näringsvärde": "Energi (kcal)",
        "100 Gram": "515 kcal"
      },
      {
        "Näringsvärde": "Energi (kJ)",
        "100 Gram": "2147 kJ"
      },
      {
        "Näringsvärde": "Fett",
        "100 Gram": "33 g"
      },
      {
        "Näringsvärde": "Varav mättat fett",
        "100 Gram": "2.7 g"
      },
      {
        "Näringsvärde": "Kolhydrat",
        "100 Gram": "46 g"
      },
      {
        "Näringsvärde": "Varav sockerarter",
        "100 Gram": "3.1 g"
      },
      {
        "Näringsvärde": "Fiber",
        "100 Gram": "5.3 g"
      },
      {
        "Näringsvärde": "Protein",
        "100 Gram": "5.8 g"
      },
      {
        "Näringsvärde": "Salt",
        "100 Gram": "1.5 g"
      }
    ],
    "nutritionUnitText": "Näringsvärde per 100 gram",
    "categories": {
      "mainCategory": "Glass, Godis & Snacks",
      "subCategories": [
        {
          "name": "Chips & snacks",
          "subSubCategories": [
            "Chips"
          ]
        }
      ]
    }
  },
  {
    "name": "Daim Dubbel 56g Marabou",
    "weightText": "0.056 kg",
    "caPart": "",
    "weightValue": 0.056,
    "weightUnit": "kg",
    "comparePrice": "266,96 kr/kg",
    "currentPrice": 14.95,
    "attributes": [],
    "imgUrl": "https://handlaprivatkund.ica.se/images-v3/bf7a00ca-390e-4769-865f-dc369586872e/0407c567-0511-4aa4-99d9-8f85725e73fa/500x500.jpg",
    "productInformation": "Daim, med sin krispiga mandelknäck överdragen med Marabou mjölkchoklad, är sedan 1953 en riktig klassiker som är älskad över hela världen. Njut av chokladen på språng eller i en lugn och skön hemmamiljö. Genom Cocoa Life, vårt program för en hållbar kakaoproduktion, bidrar Daim till att kakao odlas på rätt sätt, för att skydda planeten och respektera mänskliga rättigheter i vår värdekedja. Läs mer om Cocoa Life här www.cocoalife.org.",
    "countryText": "",
    "companyText": "Daim",
    "ingrediensText": "Ingredienser: Socker, palmolja/palmeolie, kakaosmör*, kakaomassa*, MANDEL (3%), vassle-/valle-/mysepulver (MJÖLK/MÆLK/MELK), SKUMMJÖLKSPULVER, SMÖRFETT/SMØROLIE/MELKEFETT, vassle-/valle-/myseprodukt (MJÖLK), sockrad kondenserad SKUMMJÖLK, salt, emulgeringsmedel/emulgator (SOJALECITIN), aromer.",
    "storage": "",
    "allergens": "Innehåller Mjölk Innehåller Nötter (eng: tree nuts) Innehåller Sojabönor",
    "usage": "",
    "nutrition": [
      {
        "Näringsvärde": "Energi (kcal)",
        "100 Gram": "545 kcal"
      },
      {
        "Näringsvärde": "Energi (kJ)",
        "100 Gram": "2275 kJ"
      },
      {
        "Näringsvärde": "Fett",
        "100 Gram": "32 g"
      },
      {
        "Näringsvärde": "Varav mättat fett",
        "100 Gram": "17 g"
      },
      {
        "Näringsvärde": "Kolhydrat",
        "100 Gram": "61 g"
      },
      {
        "Näringsvärde": "Varav sockerarter",
        "100 Gram": "61 g"
      },
      {
        "Näringsvärde": "Fiber",
        "100 Gram": "1.2 g"
      },
      {
        "Näringsvärde": "Protein",
        "100 Gram": "2.9 g"
      },
      {
        "Näringsvärde": "Salt",
        "100 Gram": "0.86 g"
      }
    ],
    "nutritionUnitText": "Näringsvärde per 100 gram",
    "categories": {
      "mainCategory": "Glass, Godis & Snacks",
      "subCategories": [
        {
          "name": "Choklad",
          "subSubCategories": [
            "Chokladstycksaker"
          ]
        }
      ]
    }
  },
  {
    "name": "Chips Sourcream & Onion 275g OLW",
    "weightText": "0.275 kg",
    "caPart": "",
    "weightValue": 0.275,
    "weightUnit": "kg",
    "comparePrice": "114,55 kr/kg",
    "currentPrice": 31.5,
    "attributes": [],
    "imgUrl": "https://handlaprivatkund.ica.se/images-v3/bf7a00ca-390e-4769-865f-dc369586872e/ba87b85d-82e1-4696-a774-f528ce3d0293/500x500.jpg",
    "productInformation": "Goda och krispiga Sourcream & Onion chips från OLW. Vi använder oss av naturliga ingredienser och den allra finaste potatisen. Chipsen är finräfflade och har en smak av syrlig gräddfil, lök och persilja. En riktig chipsklassiker!",
    "countryText": "",
    "companyText": "Olw",
    "ingrediensText": "Potatis, solrosolja, kryddblandning (salt, lök, socker, MJÖLKSOCKER, VASSLEPULVER (från MJÖLK), naturlig arom, KÄRNMJÖLKPULVER, jästextrakt, maltodextrin, vitlök, persilja, rödlök).",
    "storage": "",
    "allergens": "Innehåller Mjölk",
    "usage": "",
    "nutrition": [
      {
        "Näringsvärde": "Energi (kcal)",
        "100 Gram": "520 kcal"
      },
      {
        "Näringsvärde": "Energi (kJ)",
        "100 Gram": "2200 kJ"
      },
      {
        "Näringsvärde": "Fett",
        "100 Gram": "32 g"
      },
      {
        "Näringsvärde": "Varav mättat fett",
        "100 Gram": "3.3 g"
      },
      {
        "Näringsvärde": "Kolhydrat",
        "100 Gram": "56 g"
      },
      {
        "Näringsvärde": "Varav sockerarter",
        "100 Gram": "2.6 g"
      },
      {
        "Näringsvärde": "Protein",
        "100 Gram": "5.1 g"
      },
      {
        "Näringsvärde": "Salt",
        "100 Gram": "1.6 g"
      }
    ],
    "nutritionUnitText": "Näringsvärde per 100 gram",
    "categories": {
      "mainCategory": "Glass, Godis & Snacks",
      "subCategories": [
        {
          "name": "Chips & snacks",
          "subSubCategories": [
            "Chips"
          ]
        }
      ]
    }
  },
  {
    "name": "Kexchoklad mini 156g Cloetta",
    "weightText": "0.156 kg",
    "caPart": "",
    "weightValue": 0.156,
    "weightUnit": "kg",
    "comparePrice": "185,58 kr/kg",
    "currentPrice": 28.95,
    "attributes": [
      "Rainforest Alliance certifierad"
    ],
    "imgUrl": "https://handlaprivatkund.ica.se/images-v3/bf7a00ca-390e-4769-865f-dc369586872e/83aa15bc-f537-4afc-af1f-a2e30c4a6850/500x500.jpg",
    "productInformation": "En påse med små Kexchoklad. Frasiga rån som är fyllda och täckta med mjölkchoklad. Passar att ta med på picknicken!",
    "countryText": "",
    "companyText": "Cloetta",
    "ingrediensText": "socker, VETEMJÖL, SKUMMJÖLKSPULVER, vegetabiliska fetter (palm, shea), VASSLEPULVER (MJÖLK), kakaosmör1, HELMJÖLKSPULVER, kakaomassa1, fettreducerat kakaopulver1, kokosolja, emulgeringsmedel (SOJALECITIN), salt, bakpulver (natriumvätekarbonat), aromer (bl.a. vanillin). Mjölkchokladen innehåller förutom kakaosmör även annat vegetabiliskt fett. 1Rainforest Alliance Certified. Find out more at ra.org.",
    "storage": "Förvaras torrt och svalt.",
    "allergens": "",
    "usage": "",
    "nutrition": [
      {
        "Näringsvärde": "Energi (kcal)",
        "100 Gram": "502 kcal"
      },
      {
        "Näringsvärde": "Energi (kJ)",
        "100 Gram": "2106 kJ"
      },
      {
        "Näringsvärde": "Fett",
        "100 Gram": "24 g"
      },
      {
        "Näringsvärde": "Varav mättat fett",
        "100 Gram": "14 g"
      },
      {
        "Näringsvärde": "Kolhydrat",
        "100 Gram": "61 g"
      },
      {
        "Näringsvärde": "Varav sockerarter",
        "100 Gram": "42 g"
      },
      {
        "Näringsvärde": "Protein",
        "100 Gram": "9.7 g"
      },
      {
        "Näringsvärde": "Salt",
        "100 Gram": "0.41 g"
      }
    ],
    "nutritionUnitText": "Näringsvärde per 100 gram",
    "categories": {
      "mainCategory": "Glass, Godis & Snacks",
      "subCategories": [
        {
          "name": "Godis",
          "subSubCategories": [
            "Godispåsar",
            "Chokladpåsar"
          ]
        }
      ]
    }
  },
  {
    "name": "Chips Lättsaltade 275g OLW",
    "weightText": "0.275 kg",
    "caPart": "",
    "weightValue": 0.275,
    "weightUnit": "kg",
    "comparePrice": "114,55 kr/kg",
    "currentPrice": 31.5,
    "attributes": [],
    "imgUrl": "https://handlaprivatkund.ica.se/images-v3/bf7a00ca-390e-4769-865f-dc369586872e/ef6a51ae-914f-4970-b463-22a0a618c6a4/500x500.jpg",
    "productInformation": "Goda och krispiga lättsaltade chips från OLW. Vi använder oss av naturliga ingredienser och den allra finaste potatisen. Våra plana saltade chips är en riktig klassiker. Chipsen är bara smaksatta med en nypa salt - mer än så behövs inte.",
    "countryText": "",
    "companyText": "Olw",
    "ingrediensText": "Potatis, solrosolja, salt.",
    "storage": "",
    "allergens": "",
    "usage": "",
    "nutrition": [
      {
        "Näringsvärde": "Energi (kcal)",
        "100 Gram": "520 kcal"
      },
      {
        "Näringsvärde": "Energi (kJ)",
        "100 Gram": "2200 kJ"
      },
      {
        "Näringsvärde": "Fett",
        "100 Gram": "32 g"
      },
      {
        "Näringsvärde": "Varav mättat fett",
        "100 Gram": "3.5 g"
      },
      {
        "Näringsvärde": "Kolhydrat",
        "100 Gram": "58 g"
      },
      {
        "Näringsvärde": "Varav sockerarter",
        "100 Gram": "0.8 g"
      },
      {
        "Näringsvärde": "Protein",
        "100 Gram": "5 g"
      },
      {
        "Näringsvärde": "Salt",
        "100 Gram": "1.3 g"
      }
    ],
    "nutritionUnitText": "Näringsvärde per 100 gram",
    "categories": {
      "mainCategory": "Glass, Godis & Snacks",
      "subCategories": [
        {
          "name": "Chips & snacks",
          "subSubCategories": [
            "Chips"
          ]
        }
      ]
    }
  },
  {
    "name": "Chokladkaka Schweizernöt 160g Marabou",
    "weightText": "0.16 kg",
    "caPart": "",
    "weightValue": 0.16,
    "weightUnit": "kg",
    "comparePrice": "193,44 kr/kg",
    "currentPrice": 30.95,
    "attributes": [],
    "imgUrl": "https://handlaprivatkund.ica.se/images-v3/bf7a00ca-390e-4769-865f-dc369586872e/869f95f7-2fc1-4bb6-836b-2293ca346af4/500x500.jpg",
    "productInformation": "Marabou Schweizernöt är en av Marabous klassiker! Marabou Mjölkchokladkaka med grovhackade hasselnötter som passar för alla tillfällen. Genom Cocoa Life, vårt program för en hållbar kakaoproduktion, bidrar Marabou till att kakao odlas på rätt sätt, för att skydda planeten och respektera mänskliga rättigheter i vår värdekedja. Läs mer om Cocoa Life här www.cocoalife.org.",
    "countryText": "",
    "companyText": "Marabou",
    "ingrediensText": "Ingredienser: Socker, kakaosmör, HASSELNÖTTER, kakaomassa, vasslepulver (MJÖLK), SKUMMJÖLKSPULVER, SMÖRFETT, vassleprodukt (MJÖLK), emulgeringsmedel (SOJALECITINER), arom. Minst 30% kakao. KAN INNEHÅLLA ANDRA NÖTTER OCH VETE.",
    "storage": "",
    "allergens": "",
    "usage": "",
    "nutrition": [
      {
        "Näringsvärde": "Energi (kcal)",
        "100 Gram": "564 kcal"
      },
      {
        "Näringsvärde": "Energi (kJ)",
        "100 Gram": "2351 kJ"
      },
      {
        "Näringsvärde": "Fett",
        "100 Gram": "36 g"
      },
      {
        "Näringsvärde": "Varav mättat fett",
        "100 Gram": "17 g"
      },
      {
        "Näringsvärde": "Kolhydrat",
        "100 Gram": "51 g"
      },
      {
        "Näringsvärde": "Varav sockerarter",
        "100 Gram": "50 g"
      },
      {
        "Näringsvärde": "Fiber",
        "100 Gram": "3 g"
      },
      {
        "Näringsvärde": "Protein",
        "100 Gram": "6 g"
      },
      {
        "Näringsvärde": "Salt",
        "100 Gram": "0.22 g"
      }
    ],
    "nutritionUnitText": "Näringsvärde per 100 gram",
    "categories": {
      "mainCategory": "Glass, Godis & Snacks",
      "subCategories": [
        {
          "name": "Choklad",
          "subSubCategories": [
            "Chokladkakor"
          ]
        }
      ]
    }
  },
  {
    "name": "Cheez Cruncherz Extra crispy 225g OLW",
    "weightText": "0.225 kg",
    "caPart": "",
    "weightValue": 0.225,
    "weightUnit": "kg",
    "comparePrice": "148,89 kr/kg",
    "currentPrice": 33.5,
    "attributes": [],
    "imgUrl": "https://handlaprivatkund.ica.se/images-v3/bf7a00ca-390e-4769-865f-dc369586872e/4179d2d3-8879-463c-bd7e-32ed14f62abf/500x500.jpg",
    "productInformation": "OLW Cheez Cruncherz är ostbågar med samma goda smak som originalet Cheez Doodles, vad som skiljer dem åt är att våra cruncherz är extra krispiga. Friterade ostbågar (eller ostkrokar) som gör fredagsmyset ännu bättre. Njut och bestäm själv om du vill dela med dig av det goda!",
    "countryText": "",
    "companyText": "Olw",
    "ingrediensText": "Majsmjöl, solrosolja, 8,5% OSTPULVER (84% OST, salt, jästextrakt, färgämne (E 160a, E 160c)), KÄRNMJÖLKSPULVER, salt, potatisstärkelse, druvsocker.",
    "storage": "",
    "allergens": "Innehåller Mjölk",
    "usage": "",
    "nutrition": [
      {
        "Näringsvärde": "Energi (kcal)",
        "100 Gram": "600 kcal"
      },
      {
        "Näringsvärde": "Energi (kJ)",
        "100 Gram": "2450 kJ"
      },
      {
        "Näringsvärde": "Fett",
        "100 Gram": "43 g"
      },
      {
        "Näringsvärde": "Varav mättat fett",
        "100 Gram": "5.6 g"
      },
      {
        "Näringsvärde": "Kolhydrat",
        "100 Gram": "44 g"
      },
      {
        "Näringsvärde": "Varav sockerarter",
        "100 Gram": "1.8 g"
      },
      {
        "Näringsvärde": "Protein",
        "100 Gram": "8.1 g"
      },
      {
        "Näringsvärde": "Salt",
        "100 Gram": "1.8 g"
      }
    ],
    "nutritionUnitText": "Näringsvärde per 100 gram",
    "categories": {
      "mainCategory": "Glass, Godis & Snacks",
      "subCategories": [
        {
          "name": "Chips & snacks",
          "subSubCategories": [
            "Ostbågar"
          ]
        }
      ]
    }
  },
  {
    "name": "Japp Dubbel 60g Marabou",
    "weightText": "0.06 kg",
    "caPart": "",
    "weightValue": 0.06,
    "weightUnit": "kg",
    "comparePrice": "249,17 kr/kg",
    "currentPrice": 14.95,
    "attributes": [],
    "imgUrl": "https://handlaprivatkund.ica.se/images-v3/bf7a00ca-390e-4769-865f-dc369586872e/f5fd9e68-2f67-4e8c-ad22-9954c048ed41/500x500.jpg",
    "productInformation": "Japp- Vår goda mjölkchoklad med mjuk kola och härligt, seg chokladmaräng har bjudit svenskarna på energikickar sedan 1947. Älskar du den lika mycket som vi? Säg japp!",
    "countryText": "",
    "companyText": "Marabou",
    "ingrediensText": "Ingredienser: Socker, glukossirap, sockrad kondenserad SKUMMJÖLK/SKUMMETMÆLK, shea-olja, kakaosmör, kakaomassa, SKUMMJÖLKS-/SKUMMETMÆLKSPULVER, stabiliseringsmedel/stabilisator (sorbitol), vassle-/vallepulver (MJÖLK/mælk), invertsocker, fettreducerad/fedtfattig kakao, SMÖRFETT/SMØROLIE, maltextrakt från KORN/ fra BYG, ÄGGVITA/ÆGGEHVIDE , emulgeringsmedel/emulgatorer(SOJALECITINER, E476), aromer. KAN INNEHÅLLA JORDNÖTTER/JORDNØDDER, NÖTTER/NØDDER OCH VETE/HVEDE.",
    "storage": "",
    "allergens": "",
    "usage": "",
    "nutrition": [
      {
        "Näringsvärde": "Energi (kcal)",
        "100 Gram": "441 kcal"
      },
      {
        "Näringsvärde": "Energi (kJ)",
        "100 Gram": "1855 kJ"
      },
      {
        "Näringsvärde": "Fett",
        "100 Gram": "15 g"
      },
      {
        "Näringsvärde": "Varav mättat fett",
        "100 Gram": "7.3 g"
      },
      {
        "Näringsvärde": "Kolhydrat",
        "100 Gram": "73 g"
      },
      {
        "Näringsvärde": "Varav sockerarter",
        "100 Gram": "53 g"
      },
      {
        "Näringsvärde": "Fiber",
        "100 Gram": "1.1 g"
      },
      {
        "Näringsvärde": "Protein",
        "100 Gram": "3.3 g"
      },
      {
        "Näringsvärde": "Salt",
        "100 Gram": "0.16 g"
      }
    ],
    "nutritionUnitText": "Näringsvärde per 100 gram",
    "categories": {
      "mainCategory": "Glass, Godis & Snacks",
      "subCategories": [
        {
          "name": "Choklad",
          "subSubCategories": [
            "Chokladstycksaker"
          ]
        }
      ]
    }
  },
  {
    "name": "Godis Gott & Blandat Original 210g Malaco",
    "weightText": "0.21 kg",
    "caPart": "",
    "weightValue": 0.21,
    "weightUnit": "kg",
    "comparePrice": "102,38 kr/kg",
    "currentPrice": 21.5,
    "attributes": [],
    "imgUrl": "https://handlaprivatkund.ica.se/images-v3/bf7a00ca-390e-4769-865f-dc369586872e/29121faf-2c09-4bdb-b148-60c14a093f5c/500x500.jpg",
    "productInformation": "Malaco Gott & Blandat lanserades i Sverige 1979 och blev snabbt en av våra största folkfavoriter, uppskattad av hela familjen. Malaco Gott & Blandat Original är en unik blandning av sött, salt och syrligt godis. Vingummiblandningen har saftiga fruktsmaker och en mjuk konsistens med ett fint sockerskal. I godispåsen hittar du även revolverlakrits som är en av de absoluta favoriterna.",
    "countryText": "",
    "companyText": "Malaco",
    "ingrediensText": "socker, glukossirap, glukos-fruktossirap, stärkelse, VETEMJÖL, modifierad stärkelse, ammoniumklorid (=salmiak), melass, syra (E270), lakritsextrakt, fuktighetsbevarande medel (sorbitoler, glycerol), vegetabiliska oljor (kokos, raps), aromer, salt, färgämnen (E153, E160c, E100, E141), koncentrat från (morot, svarta vinbär), ytbehandlingsmedel (karnaubavax), stabiliseringsmedel (E471), kokosfett.",
    "storage": "Förvaras torrt och i rumstemperatur. Lägsta förvaringstemperatur 5°C Högsta förvaringstemperatur 30°C",
    "allergens": "Innehåller Spannmål som innehåller gluten",
    "usage": "",
    "nutrition": [
      {
        "Näringsvärde": "Energi (kcal)",
        "100 Gram": "351 kcal"
      },
      {
        "Näringsvärde": "Energi (kJ)",
        "100 Gram": "1489 kJ"
      },
      {
        "Näringsvärde": "Fett",
        "100 Gram": "0.3 g"
      },
      {
        "Näringsvärde": "Varav mättat fett",
        "100 Gram": "0.2 g"
      },
      {
        "Näringsvärde": "Kolhydrat",
        "100 Gram": "86 g"
      },
      {
        "Näringsvärde": "Varav sockerarter",
        "100 Gram": "59 g"
      },
      {
        "Näringsvärde": "Protein",
        "100 Gram": "0.5 g"
      },
      {
        "Näringsvärde": "Salt",
        "100 Gram": "0.16 g"
      }
    ],
    "nutritionUnitText": "Näringsvärde per 100 gram",
    "categories": {
      "mainCategory": "Glass, Godis & Snacks",
      "subCategories": [
        {
          "name": "Godis",
          "subSubCategories": [
            "Godispåsar"
          ]
        }
      ]
    }
  },
  {
    "name": "Müslibar BIG Salted Caramel 40g Corny",
    "weightText": "0.04 kg",
    "caPart": "",
    "weightValue": 0.04,
    "weightUnit": "kg",
    "comparePrice": "262,50 kr/kg",
    "currentPrice": 10.5,
    "attributes": [
      "Rainforest Alliance certifierad"
    ],
    "imgUrl": "https://handlaprivatkund.ica.se/images-v3/bf7a00ca-390e-4769-865f-dc369586872e/fb972e7f-f051-4428-b4c2-53c3eb6ad4d2/500x500.jpg",
    "productInformation": "Corny BIG – Sveriges mest köpta Müslibar! Nu som Corny BIG salted Caramel. Den perfekta kombinationen av krispiga flingor, mjölkchoklad & krämig kola med en touch av salt. Ett godare och nyttigare mellanmålsalternativ i XXL-format. Perfekt före, under och efter träningspasset. Lätt att stoppa i fickan för extra energi under fritidsaktiviteterna. Oavsett om du gillar mörk-, ljus- eller vit choklad, jordnötter, banan eller kokos så har vi en Corny BIG för dig! Corny BIG - var som helst, när som helst!",
    "countryText": "",
    "companyText": "Corny",
    "ingrediensText": "Ingredienser: Glukossirap, flingor av spannmål (VETEmjöl, socker, majsmjöl, rismjöl, KORNmaltsextrakt, salt, karamelliserad sockersirap), MJÖLKchoklad 20% (socker, kakaomassa*, kakaosmör*, skumMJÖLKspulver, MJÖLKfett, emulgeringsmedel: (E442, E476)), fullkornsflingor 9% (VETE, HAVRE), kokosfett, kolapulver 5% (sött vasslepulver (från MJÖLK), maltodextrin, palmfett, socker, karamelliserad sockersirap), majsflingor (majs, salt, KORNmaltextrakt), oligofruktos, stabiliseringsmedel: glycerol, havssalt, naturlig arom, emulgeringsmedel: lecitin. Kan innehålla spår av NÖTTER och JORDNÖTTER. *Rainforest Alliance Certified.",
    "storage": "Förvaras torrt och svalt, skyddad från värme. Lägsta förvaringstemperatur 10°C Högsta förvaringstemperatur 25°C",
    "allergens": "Innehåller Mjölk Kan innehålla Nötter (eng: tree nuts) Kan innehålla Jordnötter Innehåller Spannmål som innehåller gluten",
    "usage": "",
    "nutrition": [
      {
        "Näringsvärde": "Energi (kcal)",
        "100 Gram": "417 kcal"
      },
      {
        "Näringsvärde": "Energi (kJ)",
        "100 Gram": "1753 kJ"
      },
      {
        "Näringsvärde": "Fett",
        "100 Gram": "14 g"
      },
      {
        "Näringsvärde": "Varav mättat fett",
        "100 Gram": "9.7 g"
      },
      {
        "Näringsvärde": "Kolhydrat",
        "100 Gram": "66 g"
      },
      {
        "Näringsvärde": "Varav sockerarter",
        "100 Gram": "23 g"
      },
      {
        "Näringsvärde": "Fiber",
        "100 Gram": "5.1 g"
      },
      {
        "Näringsvärde": "Protein",
        "100 Gram": "4.8 g"
      },
      {
        "Näringsvärde": "Salt",
        "100 Gram": "1.1 g"
      }
    ],
    "nutritionUnitText": "",
    "categories": {
      "mainCategory": "Glass, Godis & Snacks",
      "subCategories": [
        {
          "name": "Chips & snacks",
          "subSubCategories": [
            "Ostbågar"
          ]
        }
      ]
    }
  },
  {
    "name": "Cashewnötter 500g ICA Gott Liv",
    "weightText": "0.5 kg",
    "caPart": "",
    "weightValue": 0.5,
    "weightUnit": "kg",
    "comparePrice": "165,90 kr/kg",
    "currentPrice": 82.95,
    "attributes": [
      "Nyckelhålet"
    ],
    "imgUrl": "https://handlaprivatkund.ica.se/images-v3/bf7a00ca-390e-4769-865f-dc369586872e/7da250e4-7dc3-48cd-ba8c-9cae51e54a3b/500x500.jpg",
    "productInformation": "ICA Gott Liv Cashewnötter är perfekt som snacks eller att ha som mellanmål när du behöver energi snabbt. Pröva att köra nötterna i en mixer tillsammans med koriander och en skvätt havremjölk så får du en fantastiskt god röra att ha på smörgåsen eller toppa en sallad med.",
    "countryText": "",
    "companyText": "ICA Gott Liv",
    "ingrediensText": "CASHEWNÖTTER*. Kan innehålla spår av jordnötter, mandel, paranötter, hasselnötter, makadamianötter, pekannötter, pistagenötter och valnötter. *Odlade i: Icke EU.",
    "storage": "Förvaras torrt och svalt. Förslut öppnad påse väl. Lägsta förvaringstemperatur 0°C Högsta förvaringstemperatur 25°C",
    "allergens": "",
    "usage": "",
    "nutrition": [
      {
        "Näringsvärde": "Energi (kcal)",
        "100 Gram": "597 kcal"
      },
      {
        "Näringsvärde": "Energi (kJ)",
        "100 Gram": "2499 kJ"
      },
      {
        "Näringsvärde": "Fett",
        "100 Gram": "48 g"
      },
      {
        "Näringsvärde": "Varav mättat fett",
        "100 Gram": "8.7 g"
      },
      {
        "Näringsvärde": "Kolhydrat",
        "100 Gram": "19 g"
      },
      {
        "Näringsvärde": "Varav sockerarter",
        "100 Gram": "5.9 g"
      },
      {
        "Näringsvärde": "Fiber",
        "100 Gram": "8.3 g"
      },
      {
        "Näringsvärde": "Protein",
        "100 Gram": "18 g"
      },
      {
        "Näringsvärde": "Salt",
        "100 Gram": "0 g"
      },
      {
        "Näringsvärde": "Järn",
        "100 Gram": "5 mg",
        "% av DRI(*)": "36"
      },
      {
        "Näringsvärde": "Magnesium",
        "100 Gram": "257 mg",
        "% av DRI(*)": "68"
      },
      {
        "Näringsvärde": "Zink",
        "100 Gram": "4.7 mg",
        "% av DRI(*)": "47"
      }
    ],
    "nutritionUnitText": "Näringsvärde per 100 gram",
    "categories": {
      "mainCategory": "Glass, Godis & Snacks",
      "subCategories": [
        {
          "name": "Naturgodis, Nötter & Bars",
          "subSubCategories": [
            "Naturella nötter",
            "Cashewnötter"
          ]
        }
      ]
    }
  },
  {
    "name": "Chips Grill 275g Estrella",
    "weightText": "0.275 kg",
    "caPart": "",
    "weightValue": 0.275,
    "weightUnit": "kg",
    "comparePrice": "114,55 kr/kg",
    "currentPrice": 31.5,
    "attributes": [],
    "imgUrl": "https://handlaprivatkund.ica.se/images-v3/bf7a00ca-390e-4769-865f-dc369586872e/c128f1d8-4a6a-491c-a8d2-3a6afa624837/500x500.jpg",
    "productInformation": "Estrella Grillchips är krispiga grovräfflade chips med bastant och fyllig smak av gul lök. Det är faktiskt ett av Sveriges mest populära potatischips! Fantastiskt goda precis som de är eller med dipp. Tillverkade i Göteborg på naturliga ingredienser och vår finaste potatis. En klassiker utan krusiduller och dessutom vegansk. Finns det något godare? Krispig helg med snacks från Estrella!",
    "countryText": "",
    "companyText": "Estrella",
    "ingrediensText": "Potatis, solros-/rapsolja, kryddblandning (lök, salt, maltodextrin, jästextrakt, druvsocker). Kan innehålla spår av MJÖLK",
    "storage": "",
    "allergens": "Kan innehålla Mjölk",
    "usage": "",
    "nutrition": [
      {
        "Näringsvärde": "Energi (kcal)",
        "100 Gram": "517 kcal"
      },
      {
        "Näringsvärde": "Energi (kJ)",
        "100 Gram": "2152 kJ"
      },
      {
        "Näringsvärde": "Fett",
        "100 Gram": "33 g"
      },
      {
        "Näringsvärde": "Varav mättat fett",
        "100 Gram": "2.6 g"
      },
      {
        "Näringsvärde": "Kolhydrat",
        "100 Gram": "46 g"
      },
      {
        "Näringsvärde": "Varav sockerarter",
        "100 Gram": "0.8 g"
      },
      {
        "Näringsvärde": "Fiber",
        "100 Gram": "5.5 g"
      },
      {
        "Näringsvärde": "Protein",
        "100 Gram": "5.5 g"
      },
      {
        "Näringsvärde": "Salt",
        "100 Gram": "1.7 g"
      }
    ],
    "nutritionUnitText": "Näringsvärde per 100 gram",
    "categories": {
      "mainCategory": "Glass, Godis & Snacks",
      "subCategories": [
        {
          "name": "Chips & snacks",
          "subSubCategories": [
            "Chips"
          ]
        }
      ]
    }
  },
  {
    "name": "Chokladkaka Mjölkchoklad 145g Fazer",
    "weightText": "0.145 kg",
    "caPart": "",
    "weightValue": 0.145,
    "weightUnit": "kg",
    "comparePrice": "237,93 kr/kg",
    "currentPrice": 34.5,
    "attributes": [],
    "imgUrl": "https://handlaprivatkund.ica.se/images-v3/bf7a00ca-390e-4769-865f-dc369586872e/a0a72baf-315c-4213-9607-db39dbfb1150/500x500.jpg",
    "productInformation": "Karl Fazer Mjölkchoklad är en klassisk chokladkaka som passar perfekt för alla tillfällen - fredagsmys med familjen eller om du ska ha middag med vänner. Vår choklad är gjord på färsk mjölk och 100% spårbar och ansvarsfullt producerad kakao. Ät och njut!",
    "countryText": "",
    "companyText": "Fazer",
    "ingrediensText": "Ingredienser: MJÖLK/MÆLK/MELK, socker, kakaosmör, kakaomassa, emulgeringsmedel (SOJAlecitin), salt, naturlig arom (vanilj). KAN INNEHÅLLA NÖTTER, MANDLAR OCH SPANNMÅL SOM INNEHÅLLER GLUTEN/KAN INDEHOLDE NØDDER, MANDLER OG KORNPRODUKTER/KORNSLAG SOM INDEHOLDER GLUTEN. Mjölkchokladen innehåller minst 30% kakao/Kakaotørstof.",
    "storage": "",
    "allergens": "Innehåller Mjölk Innehåller Sojabönor Kan innehålla Nötter (eng: tree nuts) Kan innehålla Spannmål som innehåller gluten",
    "usage": "",
    "nutrition": [
      {
        "Näringsvärde": "Energi (kcal)",
        "100 Gram": "550 kcal"
      },
      {
        "Näringsvärde": "Energi (kJ)",
        "100 Gram": "2260 kJ"
      },
      {
        "Näringsvärde": "Fett",
        "100 Gram": "33 g"
      },
      {
        "Näringsvärde": "Varav mättat fett",
        "100 Gram": "21 g"
      },
      {
        "Näringsvärde": "Kolhydrat",
        "100 Gram": "49 g"
      },
      {
        "Näringsvärde": "Varav sockerarter",
        "100 Gram": "48 g"
      },
      {
        "Näringsvärde": "Protein",
        "100 Gram": "11 g"
      },
      {
        "Näringsvärde": "Salt",
        "100 Gram": "0.35 g"
      }
    ],
    "nutritionUnitText": "Näringsvärde per 100 gram",
    "categories": {
      "mainCategory": "Glass, Godis & Snacks",
      "subCategories": [
        {
          "name": "Choklad",
          "subSubCategories": [
            "Chokladkakor",
            "Ljus choklad"
          ]
        }
      ]
    }
  },
  {
    "name": "Choklad Polly Original Blå 200g Cloetta",
    "weightText": "0.2 kg",
    "caPart": "",
    "weightValue": 0.2,
    "weightUnit": "kg",
    "comparePrice": "154,75 kr/kg",
    "currentPrice": 30.95,
    "attributes": [
      "Rainforest Alliance certifierad"
    ],
    "imgUrl": "https://handlaprivatkund.ica.se/images-v3/bf7a00ca-390e-4769-865f-dc369586872e/a3ba8177-f11c-424e-be69-90091e54a6b5/500x500.jpg",
    "productInformation": "Polly original är härligt sega skumtoppar dragerade med en ljuvlig chokladsmak. De ljusa Polly-kulorna har två smaker, arrak och smörkola medans de mörka kulorna har en smak av vanilj. Kombinationen av ett frestande segt inre med smaken av choklad gör godispåsen så mumsigt att det är omöjligt att bara ta en.",
    "countryText": "",
    "companyText": "Cloetta",
    "ingrediensText": "socker, vegetabiliska fetter (palm, shea), invertsockersirap, glukossirap, kakaomassa1, SKUMMJÖLKSPULVER, VASSLEPULVER (MJÖLK), gelatin, emulgeringsmedel (SOJALECITIN, E476), ytbehandlingsmedel (gummi arabicum, shellack), förtjockningsmedel (pektin), aromer (bl.a. vanillin), HELMJÖLKSPULVER, syra (citronsyra), vegetabiliska oljor (kokos, raps). Kan innehålla HASSELNÖTTER och MANDEL. 1Rainforest Alliance Certified. Find out more at ra.org.",
    "storage": "Förvaras torrt och i rumstemperatur. Lägsta förvaringstemperatur 16°C Högsta förvaringstemperatur 20°C",
    "allergens": "Innehåller Mjölk Innehåller Sojabönor Kan innehålla Nötter (eng: tree nuts)",
    "usage": "",
    "nutrition": [
      {
        "Näringsvärde": "Energi (kcal)",
        "100 Gram": "464 kcal"
      },
      {
        "Näringsvärde": "Energi (kJ)",
        "100 Gram": "1946 kJ"
      },
      {
        "Näringsvärde": "Fett",
        "100 Gram": "18 g"
      },
      {
        "Näringsvärde": "Varav mättat fett",
        "100 Gram": "10 g"
      },
      {
        "Näringsvärde": "Kolhydrat",
        "100 Gram": "71 g"
      },
      {
        "Näringsvärde": "Varav sockerarter",
        "100 Gram": "68 g"
      },
      {
        "Näringsvärde": "Protein",
        "100 Gram": "4.1 g"
      },
      {
        "Näringsvärde": "Salt",
        "100 Gram": "0.09 g"
      }
    ],
    "nutritionUnitText": "",
    "categories": {
      "mainCategory": "Jul",
      "subCategories": [
        {
          "name": "Julgodis & Chokladaskar",
          "subSubCategories": [
            "Julgodis"
          ]
        }
      ]
    }
  },
  {
    "name": "Cheese Ballz 225g Olw",
    "weightText": "0.225 kg",
    "caPart": "",
    "weightValue": 0.225,
    "weightUnit": "kg",
    "comparePrice": "148,89 kr/kg",
    "currentPrice": 33.5,
    "attributes": [],
    "imgUrl": "https://handlaprivatkund.ica.se/images-v3/bf7a00ca-390e-4769-865f-dc369586872e/faf40028-fd91-4779-89ec-2712774dc569/500x500.jpg",
    "productInformation": "Otroligt goda och krispiga Cheez Ballz från OLW. Våra cheese balls är en ganska nära släkting till våra klassiska ostbågar cheez doodles, men lite starkare och med dragning åt det mexikanska hållet. Extra frasiga ostbollar som gör fredagsmyset ännu bättre.",
    "countryText": "",
    "companyText": "Olw",
    "ingrediensText": "Majsmjöl, vegetabilisk olja², 12 % OSTPULVER (85% OST, vasslepulver (från MJÖLK), salt, färgämne (betakaroten, paprikaextrakt)), salt, socker, MJÖLKPROTEIN, tomat, druvsocker, KÄRNMJÖLKSPULVER, vasslepulver (från MJÖLK), vitlök, potatisstärkelse, lök, jästextrakt, kryddextrakt (paprika, cayennepeppar), surhetsreglerande medel (citronsyra), arom. ² För info om vilken olja som använts se www.olw.se/ravaror",
    "storage": "",
    "allergens": "Innehåller Mjölk",
    "usage": "",
    "nutrition": [
      {
        "Näringsvärde": "Energi (kcal)",
        "100 Gram": "540 kcal"
      },
      {
        "Näringsvärde": "Energi (kJ)",
        "100 Gram": "2250 kJ"
      },
      {
        "Näringsvärde": "Fett",
        "100 Gram": "31 g"
      },
      {
        "Näringsvärde": "Varav mättat fett",
        "100 Gram": "15 g"
      },
      {
        "Näringsvärde": "Kolhydrat",
        "100 Gram": "54 g"
      },
      {
        "Näringsvärde": "Varav sockerarter",
        "100 Gram": "2.8 g"
      },
      {
        "Näringsvärde": "Protein",
        "100 Gram": "11 g"
      },
      {
        "Näringsvärde": "Salt",
        "100 Gram": "1.9 g"
      }
    ],
    "nutritionUnitText": "Näringsvärde per 100 gram",
    "categories": {
      "mainCategory": "Glass, Godis & Snacks",
      "subCategories": [
        {
          "name": "Chips & snacks",
          "subSubCategories": [
            "Ostbågar"
          ]
        }
      ]
    }
  },
  {
    "name": "Potatischips Lättsaltade 275g Estrella",
    "weightText": "0.275 kg",
    "caPart": "",
    "weightValue": 0.275,
    "weightUnit": "kg",
    "comparePrice": "114,55 kr/kg",
    "currentPrice": 31.5,
    "attributes": [],
    "imgUrl": "https://handlaprivatkund.ica.se/images-v3/bf7a00ca-390e-4769-865f-dc369586872e/1d688a5e-2159-43b4-b0b2-1d9df5d8246c/500x500.jpg",
    "productInformation": "Estrella Salta Potatischips är krispiga släta chips med lätt och härlig sälta som lyfter den goda potatisen till skyarna. De klassiska tunna chipsen är extra krispiga samtidigt som de nästan smälter i munnen. Perfekta att dippa eller servera precis som de är. Direkt från chipsfabriken i Göteborg på naturliga råvaror för godaste smak. Bara potatis, olja och salt - finn det något godare? Krispig helg med snacks från Estrella!",
    "countryText": "",
    "companyText": "Estrella",
    "ingrediensText": "Potatis, solros-/rapsolja, salt. Kan innehålla spår av MJÖLK.",
    "storage": "",
    "allergens": "Kan innehålla Mjölk",
    "usage": "",
    "nutrition": [
      {
        "Näringsvärde": "Energi (kcal)",
        "100 Gram": "513 kcal"
      },
      {
        "Näringsvärde": "Energi (kJ)",
        "100 Gram": "2138 kJ"
      },
      {
        "Näringsvärde": "Fett",
        "100 Gram": "32 g"
      },
      {
        "Näringsvärde": "Varav mättat fett",
        "100 Gram": "2.6 g"
      },
      {
        "Näringsvärde": "Kolhydrat",
        "100 Gram": "47 g"
      },
      {
        "Näringsvärde": "Varav sockerarter",
        "100 Gram": "0.5 g"
      },
      {
        "Näringsvärde": "Fiber",
        "100 Gram": "5.5 g"
      },
      {
        "Näringsvärde": "Protein",
        "100 Gram": "5.8 g"
      },
      {
        "Näringsvärde": "Salt",
        "100 Gram": "1.3 g"
      }
    ],
    "nutritionUnitText": "Näringsvärde per 100 gram",
    "categories": {
      "mainCategory": "Glass, Godis & Snacks",
      "subCategories": [
        {
          "name": "Chips & snacks",
          "subSubCategories": [
            "Chips"
          ]
        }
      ]
    }
  },
  {
    "name": "Jordnötter 250g ICA",
    "weightText": "0.25 kg",
    "caPart": "",
    "weightValue": 0.25,
    "weightUnit": "kg",
    "comparePrice": "75,80 kr/kg",
    "currentPrice": 18.95,
    "attributes": [],
    "imgUrl": "https://handlaprivatkund.ica.se/images-v3/bf7a00ca-390e-4769-865f-dc369586872e/18a94fe4-d2a2-49e8-adf8-69aa63c08068/500x500.jpg",
    "productInformation": "ICA Jordnötter är världens populäraste nöt, vilket egentligen är konstigt eftersom jordnöten inte alls är en nöt utan ett frö i en baljväxt. Nöt eller ej – du kan äta den på en massa olika sätt: precis som den är, lägga den på glass eller kanske i en asiatisk gryta.",
    "countryText": "",
    "companyText": "ICA",
    "ingrediensText": "INGREDIENSER: JORDNÖTTER* 95%, solrosolja, salt. Kan innehålla spår av cashewnötter, mandel, hasselnötter, pistagenötter, pekannötter, macadamianötter, paranötter, valnötter. *Odlade i icke EU.",
    "storage": "Förvaras torrt och svalt, ej över normal rumstemperatur.",
    "allergens": "",
    "usage": "",
    "nutrition": [
      {
        "Näringsvärde": "Energi (kcal)",
        "100 Gram": "617 kcal"
      },
      {
        "Näringsvärde": "Energi (kJ)",
        "100 Gram": "2555 kJ"
      },
      {
        "Näringsvärde": "Fett",
        "100 Gram": "51 g"
      },
      {
        "Näringsvärde": "Varav mättat fett",
        "100 Gram": "7.9 g"
      },
      {
        "Näringsvärde": "Kolhydrat",
        "100 Gram": "11 g"
      },
      {
        "Näringsvärde": "Varav sockerarter",
        "100 Gram": "5.3 g"
      },
      {
        "Näringsvärde": "Protein",
        "100 Gram": "25 g"
      },
      {
        "Näringsvärde": "Salt",
        "100 Gram": "0.97 g"
      }
    ],
    "nutritionUnitText": "Näringsvärde per 100 gram",
    "categories": {
      "mainCategory": "Glass, Godis & Snacks",
      "subCategories": [
        {
          "name": "Chips & snacks",
          "subSubCategories": [
            "Salta nötter",
            "Jordnötter saltade"
          ]
        }
      ]
    }
  },
  {
    "name": "Chips Dill & Gräslök 275g OLW",
    "weightText": "0.275 kg",
    "caPart": "",
    "weightValue": 0.275,
    "weightUnit": "kg",
    "comparePrice": "114,55 kr/kg",
    "currentPrice": 31.5,
    "attributes": [],
    "imgUrl": "https://handlaprivatkund.ica.se/images-v3/bf7a00ca-390e-4769-865f-dc369586872e/570a1315-daaf-46d4-92ad-e9f069d83f87/500x500.jpg",
    "productInformation": "Goda och krispiga Dill & Gräslök chips från OLW. Vi använder oss av naturliga ingredienser och den allra finaste potatisen, allt för att skapa de bästa chipsen. Våra grovräfflade dillchips för tankarna till den svenska sommaren med sin goda kryddning. Utsökt!",
    "countryText": "",
    "companyText": "Olw",
    "ingrediensText": "Potatis, solrosolja, kryddblandning (potatisstärkelse, salt, socker, jästextrakt, lök, druvsocker, dill, gräslök, surhetsreglerande medel (citronsyra), dillextrakt, naturlig arom).",
    "storage": "",
    "allergens": "",
    "usage": "",
    "nutrition": [
      {
        "Näringsvärde": "Energi (kcal)",
        "100 Gram": "520 kcal"
      },
      {
        "Näringsvärde": "Energi (kJ)",
        "100 Gram": "2200 kJ"
      },
      {
        "Näringsvärde": "Fett",
        "100 Gram": "33 g"
      },
      {
        "Näringsvärde": "Varav mättat fett",
        "100 Gram": "3.4 g"
      },
      {
        "Näringsvärde": "Kolhydrat",
        "100 Gram": "58 g"
      },
      {
        "Näringsvärde": "Varav sockerarter",
        "100 Gram": "2.5 g"
      },
      {
        "Näringsvärde": "Protein",
        "100 Gram": "5 g"
      },
      {
        "Näringsvärde": "Salt",
        "100 Gram": "1.9 g"
      }
    ],
    "nutritionUnitText": "Näringsvärde per 100 gram",
    "categories": {
      "mainCategory": "Glass, Godis & Snacks",
      "subCategories": [
        {
          "name": "Chips & snacks",
          "subSubCategories": [
            "Chips"
          ]
        }
      ]
    }
  },
  {
    "name": "Chips Sour Cream & Onion 165g Pringles",
    "weightText": "0.165 kg",
    "caPart": "",
    "weightValue": 0.165,
    "weightUnit": "kg",
    "comparePrice": "227,27 kr/kg",
    "currentPrice": 37.5,
    "attributes": [],
    "imgUrl": "https://handlaprivatkund.ica.se/images-v3/bf7a00ca-390e-4769-865f-dc369586872e/dcb4fda0-594c-495f-ab4a-23c3b033e409/500x500.jpg",
    "productInformation": "Information från leverantör \n En god twist på klassiska snacks – Pringles Sour Cream & Onion-chips är ett perfekt sätt att liva upp snacksen. Pringles Sour Cream & Onion-chips har en tydlig smak som garanterat kommer att stilla även de mest intensiva begär. De här ljuvliga chipsen är perfekta för alla typer av fester eller som ett snabbt snacks under eftermiddagen eller framför tv:n på kvällen. Tack vare vår klassiska återförslutningsbara förpackning är Pringles Sour Cream & Onion-chips alltid fräscha – oavsett när du väljer att äta dem. Pop, Play, Eat med Pringles Sour Cream & Onion-chips.",
    "countryText": "",
    "companyText": "Pringles",
    "ingrediensText": "Vakuumtorkad potatis / Tørrede kartofler / Tørkede poteter, vegetabiliska oljor / vegetabilske olier / vegetabilske oljer (solros / solsikke, palm / palme, mais / majs) i varierande proportion / i variabelt mængdeforhold / i varierende proporsjoner, VETEMJÖL / HVEDEMEL / HVETEMEL, majsmjöl / majsmel, rismjöl / rismel, gräddfil- och lökkryddblandning / creme fraiche- og løgkrydderiblanding / rømme- og løkkrydderblanding (lökpulver, VETESTÄRKELSE / HVEDESTIVELSE / HVETESTIVELSE, maltodextrin, smakförstärkare / smagsforstærkere {mononatriumglutamat, dinatriumguanylat, dinatriuminosinat}, druvsocker / dextrose, solrosolja / solsikkeolie, salt, aromaer {MJÖLK / MÆLK / MELK}, socker / sukker, gräddfilspulver {MJÖLK} / creme fraichepulver {MÆLK} / rømmepulver {MELK}, modifierad majsstärkelse / modificeret / modifisert / -majsstivelse, sött vasslepulver {mjölk} / sød vallepulver {mælk} / søtt mysepulver {melk}, glukossirap / glukosesirup, syror {citronsyra / sitronsyre, mjölksyra / mælkesyre, äppel / æble / eple / -syra}, MJÖLKPROTEINER / MÆLKEPROTEINER / MELKEPROTEINER), maltodextrin, emulgeringsmedel / emulgator (E471), salt, färgämne / farve / farge (annattoextrakt / annattoekstrakter / - norbixin). Kan innehålla / Kan indeholde / Kan inneholde soja / soya.",
    "storage": "",
    "allergens": "",
    "usage": "",
    "nutrition": [
      {
        "Näringsvärde": "Energi (kcal)",
        "100 Gram": "525 kcal"
      },
      {
        "Näringsvärde": "Energi (kJ)",
        "100 Gram": "2191 kJ"
      },
      {
        "Näringsvärde": "Fett",
        "100 Gram": "30 g"
      },
      {
        "Näringsvärde": "Varav mättat fett",
        "100 Gram": "6.4 g"
      },
      {
        "Näringsvärde": "Kolhydrat",
        "100 Gram": "56 g"
      },
      {
        "Näringsvärde": "Varav sockerarter",
        "100 Gram": "2.7 g"
      },
      {
        "Näringsvärde": "Fiber",
        "100 Gram": "3.4 g"
      },
      {
        "Näringsvärde": "Protein",
        "100 Gram": "6 g"
      },
      {
        "Näringsvärde": "Salt",
        "100 Gram": "1.3 g"
      }
    ],
    "nutritionUnitText": "Näringsvärde per 100 gram",
    "categories": {
      "mainCategory": "Glass, Godis & Snacks",
      "subCategories": [
        {
          "name": "Chips & snacks",
          "subSubCategories": [
            "Chips"
          ]
        }
      ]
    }
  },
  {
    "name": "Glass Gammeldags vanilj 500ml GB Gräddglass",
    "weightText": "0.5 l",
    "caPart": "",
    "weightValue": 0.5,
    "weightUnit": "l",
    "comparePrice": "39,90 kr/l",
    "currentPrice": 19.95,
    "attributes": [],
    "imgUrl": "https://handlaprivatkund.ica.se/images-v3/bf7a00ca-390e-4769-865f-dc369586872e/569d0219-3a00-4c96-bb1b-97987fa007b4/500x500.jpg",
    "productInformation": "Gräddglass Gammaldags Vanilj från GB Glace är en ljuvligt krämig gräddglass gjord på hållbart producerad grädde från svenska gårdar. Den färska grädden blandas med äggula, vanilj och socker. Precis som förr i tiden. Enda skillnaden är att den numera görs i vår glassfabrik i Flen, i hjärtat av Sörmland. Den goda gräddglassen förpackas i en pappersförpackning som dessutom är växtbaserad. Och när du har provat vanilj finns det fler smaker att välja mellan. Hos oss finns en smak för varje tillfälle för att du och dina vänner ska kunna njuta av glass tillsammans. Flera gånger. Året om. Förvara glassen vid -18°C eller kallare. GB Glace – Glassglädje och Gemenskap sedan 1942. Våra grundare hade visionen att sprida glädje genom härlig och välsmakande glass vars magi för oss samman och smälter bort hindren mellan människor. Vi vill göra folk glada. Varje dag. Vårt mål är att erbjuda god glass av bra kvalitet till dig samtidigt som vi vill att våra produkter ska överträffa dina förväntningar varje gång. Glassfabriken och vårt hjärta finns i Flen och där producerar vi varje år både omtyckta klassiker såväl som nyheter med omsorgsfullt utvalda ingredienser och omtanke om miljön. Vi vill se till att det finns en glass för alla och hoppas att du kan hitta mer än en favorit bland de glassar som vi erbjuder!",
    "countryText": "",
    "companyText": "GB Gräddglass",
    "ingrediensText": "Ingredienser: SKUMMJÖLK, GRÄDDE (29%), koncentrerad SKUMMJÖLK, socker, MJÖLKFETT, ÄGGULA (1,5%), vaniljstångbitar, arom.",
    "storage": "Lägsta förvaringstemperatur -25°C Högsta förvaringstemperatur -18°C",
    "allergens": "Innehåller Ägg Innehåller Mjölk",
    "usage": "",
    "nutrition": [
      {
        "Näringsvärde": "Energi (kcal)",
        "100 Milliliter": "117 kcal",
        "% av DRI(*)": "6"
      },
      {
        "Näringsvärde": "Energi (kJ)",
        "100 Milliliter": "488 kJ",
        "% av DRI(*)": "6"
      },
      {
        "Näringsvärde": "Fett",
        "100 Milliliter": "8 g",
        "% av DRI(*)": "11"
      },
      {
        "Näringsvärde": "Varav mättat fett",
        "100 Milliliter": "5.3 g",
        "% av DRI(*)": "27"
      },
      {
        "Näringsvärde": "Kolhydrat",
        "100 Milliliter": "9.1 g",
        "% av DRI(*)": "4"
      },
      {
        "Näringsvärde": "Varav sockerarter",
        "100 Milliliter": "9.1 g",
        "% av DRI(*)": "10"
      },
      {
        "Näringsvärde": "Protein",
        "100 Milliliter": "2 g",
        "% av DRI(*)": "4"
      },
      {
        "Näringsvärde": "Salt",
        "100 Milliliter": "0.07 g",
        "% av DRI(*)": "1"
      }
    ],
    "nutritionUnitText": "Näringsvärde per 100 milliliter",
    "categories": {
      "mainCategory": "Glass, Godis & Snacks",
      "subCategories": [
        {
          "name": "Glass",
          "subSubCategories": [
            "Små Glasspaket"
          ]
        }
      ]
    }
  },
  {
    "name": "Glass Chocolate & Vanilla Half Baked 465ml Ben & Jerrys",
    "weightText": "0.465 l",
    "caPart": "",
    "weightValue": 0.465,
    "weightUnit": "l",
    "comparePrice": "141,83 kr/l",
    "currentPrice": 65.95,
    "attributes": [
      "Rättvisemärkt"
    ],
    "imgUrl": "https://handlaprivatkund.ica.se/images-v3/bf7a00ca-390e-4769-865f-dc369586872e/e12c4d07-816f-40f8-8112-f2459ea2f651/500x500.jpg",
    "productInformation": "Ben & Jerry's Half Baked är choklad- och vaniljgräddglass med browniebitar och kakdegsbitar med chokladbitar. Detta är en av de klassiska Ben & Jerry's smakerna så om du inte har provat den, är det dags nu! När du väl provat, är chansen stor att den blir en av dina favoriter. Alla Ben & Jerry's smaker är 100% Fairtrade-certifierad.",
    "countryText": "",
    "companyText": "Ben & Jerrys",
    "ingrediensText": "Ingredienser: GRÄDDE (25%), vatten, socker, kondenserad SKUMMJÖLK, mjöl (VETE, mältat KORN), kakaopulver (2%), farinsocker, ÄGGULA, SMÖR, sojaolja, fettreducerat kakaopulver, ÄGG, kakaomassa, melass, torkad ÄGGVITA, vaniljextrakt, stabiliseringsmedel (guarkärnmjöl, karragenan), salt, kakaosmör, naturlig arom (innehåller MJÖLK), naturlig vaniljarom, emulgeringsmedel (SOJALECITIN), bakpulver (natriumbikarbonat). > Socker, kakao, vanilj handlade utifrån principerna för massbalans. Totalt 73% exklusive vatten och mejeriF. Finfo.fairtrade.net/sourcing",
    "storage": "Förvaring vid -18°C eller kallare. Lägsta förvaringstemperatur -25°C Högsta förvaringstemperatur -18°C",
    "allergens": "Innehåller Mjölk Innehåller Spannmål som innehåller gluten Innehåller Sojabönor Innehåller Ägg",
    "usage": "",
    "nutrition": [
      {
        "Näringsvärde": "Energi (kcal)",
        "100 Gram": "265 kcal"
      },
      {
        "Näringsvärde": "Energi (kJ)",
        "100 Gram": "1111 kJ"
      },
      {
        "Näringsvärde": "Fett",
        "100 Gram": "13 g"
      },
      {
        "Näringsvärde": "Varav mättat fett",
        "100 Gram": "8.1 g"
      },
      {
        "Näringsvärde": "Kolhydrat",
        "100 Gram": "32 g"
      },
      {
        "Näringsvärde": "Varav sockerarter",
        "100 Gram": "27 g"
      },
      {
        "Näringsvärde": "Fiber",
        "100 Gram": "1.3 g"
      },
      {
        "Näringsvärde": "Protein",
        "100 Gram": "4.2 g"
      },
      {
        "Näringsvärde": "Salt",
        "100 Gram": "0.21 g"
      }
    ],
    "nutritionUnitText": "Näringsvärde per 100 gram",
    "categories": {
      "mainCategory": "Glass, Godis & Snacks",
      "subCategories": [
        {
          "name": "Glass",
          "subSubCategories": [
            "Små Glasspaket"
          ]
        }
      ]
    }
  },
  {
    "name": "Jordnötsringar 250g Estrella",
    "weightText": "0.25 kg",
    "caPart": "",
    "weightValue": 0.25,
    "weightUnit": "kg",
    "comparePrice": "119,80 kr/kg",
    "currentPrice": 29.95,
    "attributes": [],
    "imgUrl": "https://handlaprivatkund.ica.se/images-v3/bf7a00ca-390e-4769-865f-dc369586872e/4dfbaeed-1cd4-422c-8d4e-796161b8e7bf/500x500.jpg",
    "productInformation": "Estrella Jordnötsringar är krispiga snacksringar smaksatta med äkta jordnötssmör. En riktig klassiker från Estrella sedan 1977. Den krispiga basen är en robust fullkornsblandning av majs, ris, råg och korn formade till ringar som passar både stora och små nötälskare. Ett veganvänligt snacks från chipsfabriken i Göteborg. Dessutom med plast-bantad påse. Mindre plast = godare snacks.",
    "countryText": "",
    "companyText": "Estrella",
    "ingrediensText": "JORDNÖTSSMÖR 29% (malda rostade JORDNÖTTER, druvsocker, salt), majsmjöl, rismjöl, solros- /rapsolja, KORNmjöl, RÅGmjöl, socker, salt, druvsocker.",
    "storage": "",
    "allergens": "JORDNÖTSSMÖR, JORDNÖTTER, NÖTTER och MJÖLK",
    "usage": "",
    "nutrition": [
      {
        "Näringsvärde": "Energi (kcal)",
        "100 Gram": "465 kcal"
      },
      {
        "Näringsvärde": "Energi (kJ)",
        "100 Gram": "1945 kJ"
      },
      {
        "Näringsvärde": "Fett",
        "100 Gram": "25 g"
      },
      {
        "Näringsvärde": "Varav mättat fett",
        "100 Gram": "3.1 g"
      },
      {
        "Näringsvärde": "Kolhydrat",
        "100 Gram": "46 g"
      },
      {
        "Näringsvärde": "Varav sockerarter",
        "100 Gram": "8.4 g"
      },
      {
        "Näringsvärde": "Fiber",
        "100 Gram": "5.5 g"
      },
      {
        "Näringsvärde": "Protein",
        "100 Gram": "12 g"
      },
      {
        "Näringsvärde": "Salt",
        "100 Gram": "2.3 g"
      }
    ],
    "nutritionUnitText": "Näringsvärde per 100 gram",
    "categories": {
      "mainCategory": "Glass, Godis & Snacks",
      "subCategories": [
        {
          "name": "Chips & snacks",
          "subSubCategories": [
            "Chips"
          ]
        }
      ]
    }
  },
  {
    "name": "Västkustchips Havssalt Räfflade 180g Estrella",
    "weightText": "0.18 kg",
    "caPart": "",
    "weightValue": 0.18,
    "weightUnit": "kg",
    "comparePrice": "169,44 kr/kg",
    "currentPrice": 30.5,
    "attributes": [
      "Svenskt sigill"
    ],
    "imgUrl": "https://handlaprivatkund.ica.se/images-v3/bf7a00ca-390e-4769-865f-dc369586872e/03acb094-0ccf-472c-9a98-621510b19a3a/500x500.jpg",
    "productInformation": "Estrella Västkustchips Havssalt är Estrellas grytfriterade potatischips med riktigt krispig textur, goda grova räfflor och precis rätt mängd salt. Dessa premiumchips tillverkas i Göteborg med noga utvalt svensk potatis som skivas med skalet kvar och grytfriteras i små omgångar under längre tid än vanliga chips. Resultatet? Extra krispiga och smakrika chips – en naturligt krispig smakupplevelse! Miljömärkt med Svenskt Sigill.",
    "countryText": "",
    "companyText": "Estrella",
    "ingrediensText": "Potatis*, solros-/rapsolja i varierande proportion, havssalt. Kan innehålla spår av MJÖLK. *Sigillråvara.",
    "storage": "",
    "allergens": "Kan innehålla spår av Mjölk.",
    "usage": "",
    "nutrition": [
      {
        "Näringsvärde": "Energi (kcal)",
        "100 Gram": "481 kcal"
      },
      {
        "Näringsvärde": "Energi (kJ)",
        "100 Gram": "2009 kJ"
      },
      {
        "Näringsvärde": "Fett",
        "100 Gram": "27 g"
      },
      {
        "Näringsvärde": "Varav mättat fett",
        "100 Gram": "2.3 g"
      },
      {
        "Näringsvärde": "Kolhydrat",
        "100 Gram": "51 g"
      },
      {
        "Näringsvärde": "Varav sockerarter",
        "100 Gram": "0.6 g"
      },
      {
        "Näringsvärde": "Fiber",
        "100 Gram": "6 g"
      },
      {
        "Näringsvärde": "Protein",
        "100 Gram": "6.3 g"
      },
      {
        "Näringsvärde": "Salt",
        "100 Gram": "1.2 g"
      }
    ],
    "nutritionUnitText": "Näringsvärde per 100 gram",
    "categories": {
      "mainCategory": "Glass, Godis & Snacks",
      "subCategories": [
        {
          "name": "Chips & snacks",
          "subSubCategories": [
            "Chips"
          ]
        }
      ]
    }
  },
  {
    "name": "Russin Kärnfria 500g ICA",
    "weightText": "0.5 kg",
    "caPart": "",
    "weightValue": 0.5,
    "weightUnit": "kg",
    "comparePrice": "81,90 kr/kg",
    "currentPrice": 40.95,
    "attributes": [],
    "imgUrl": "https://handlaprivatkund.ica.se/images-v3/bf7a00ca-390e-4769-865f-dc369586872e/80f401a7-a529-436e-856c-5503e9acdb61/500x500.jpg",
    "productInformation": "ICA Russin är solmogna vindruvor som har fått torka för att till slut bli söta russin. Perfekt till müslin, i baket eller som snacks eller mellanmål.",
    "countryText": "",
    "companyText": "ICA",
    "ingrediensText": "Kärnfria russin*/stenfrie rosiner*, solrosolja. * Odlade i USA.",
    "storage": "",
    "allergens": "",
    "usage": "",
    "nutrition": [],
    "nutritionUnitText": "",
    "categories": {
      "mainCategory": "Jul",
      "subCategories": [
        {
          "name": "Julbak",
          "subSubCategories": [
            "Saffran & Bullbak"
          ]
        }
      ]
    }
  },
  {
    "name": "Dumle Original 200g Fazer",
    "weightText": "0.2 kg",
    "caPart": "",
    "weightValue": 0.2,
    "weightUnit": "kg",
    "comparePrice": "177,50 kr/kg",
    "currentPrice": 35.5,
    "attributes": [],
    "imgUrl": "https://handlaprivatkund.ica.se/images-v3/bf7a00ca-390e-4769-865f-dc369586872e/d3757afb-25dc-43d6-a085-ec430ce822a7/500x500.jpg",
    "productInformation": "Dumle är en populär och älskad klassiker som nästan alla känner till! En utsökt krämig kola täckt i härlig mjölkchoklad. Dumle är ett gott sällskap som garanterat gör dig på glatt humör. Dela glädjen - påsen är perfekt att bjuda på! Tillverkad av 100% ansvarsfullt producerad kakao.",
    "countryText": "",
    "companyText": "Fazer",
    "ingrediensText": "Ingredienser: glukossirap, socker, vegetabiliskt fett (palm), helMJÖLKSpulver/sødMÆLKSpulver/tørrMELK, kakaosmör, vasslepulver (av MJÖLK)/vallepulver (fra MÆLK)/mysepulver (fra MELK), kakaomassa, skumMJÖLKSpulver/skummetMÆLKSpulver, salt, emulgeringsmedel (SOJAlecitin), aromer (kola/karamell, vanillin). KAN INNEHÅLLA NÖTTER, MANDLAR OCH SPANNMÅL SOM INNEHÅLLER GLUTEN/KAN INDEHOLDE NØDDER, MANDLER OG KORNPRODUKTER/KORNSLAG SOM INDEHOLDER GLUTEN. Mjölkchokladen innehåller minst 30% kakao/kakaotørstof.",
    "storage": "",
    "allergens": "",
    "usage": "",
    "nutrition": [
      {
        "Näringsvärde": "Energi (kcal)",
        "100 Gram": "475 kcal"
      },
      {
        "Näringsvärde": "Energi (kJ)",
        "100 Gram": "1988 kJ"
      },
      {
        "Näringsvärde": "Fett",
        "100 Gram": "22 g"
      },
      {
        "Näringsvärde": "Varav mättat fett",
        "100 Gram": "15 g"
      },
      {
        "Näringsvärde": "Kolhydrat",
        "100 Gram": "67 g"
      },
      {
        "Näringsvärde": "Varav sockerarter",
        "100 Gram": "53 g"
      },
      {
        "Näringsvärde": "Protein",
        "100 Gram": "3.2 g"
      },
      {
        "Näringsvärde": "Salt",
        "100 Gram": "0.3 g"
      }
    ],
    "nutritionUnitText": "Näringsvärde per 100 gram",
    "categories": {
      "mainCategory": "Glass, Godis & Snacks",
      "subCategories": [
        {
          "name": "Godis",
          "subSubCategories": [
            "Godispåsar",
            "Chokladpåsar"
          ]
        }
      ]
    }
  },
  {
    "name": "Choklad Polly Röd 200g Cloetta",
    "weightText": "0.2 kg",
    "caPart": "",
    "weightValue": 0.2,
    "weightUnit": "kg",
    "comparePrice": "154,75 kr/kg",
    "currentPrice": 30.95,
    "attributes": [
      "Rainforest Alliance certifierad"
    ],
    "imgUrl": "https://handlaprivatkund.ica.se/images-v3/bf7a00ca-390e-4769-865f-dc369586872e/6f2b908f-5898-4996-8863-60e0fc1b545f/500x500.jpg",
    "productInformation": "Polly är härligt sega skumtoppar dragerade med en ljuvlig chokladsmak. Polly Milkchoco har enbart en smak av arrak och smörkola. Kombinationen av ett frestande segt inre med smaken av choklad gör godispåsen så mumsigt att det är omöjligt att bara ta en.",
    "countryText": "",
    "companyText": "Cloetta",
    "ingrediensText": "Socker (EU), vegetabiliska fetter (palm, shea), invertsockersirap, glukossirap, SKUMMJÖLKSPULVER, VASSLEPULVER (MJÖLK), kakaomassa1, gelatin, emulgeringsmedel (SOJALECITIN, E476), ytbehandlingsmedel (gummi arabicum, shellack), aromer (bl.a. vanillin), förtjockningsmedel (pektin), syra (citronsyra), vegetabiliska oljor (kokos, raps). Kan innehålla HASSELNÖTTER och MANDEL. 1Rainforest Alliance Certified. Find out more at ra.org.",
    "storage": "Förvaras torrt och i rumstemperatur. Lägsta förvaringstemperatur 16°C Högsta förvaringstemperatur 20°C",
    "allergens": "Innehåller Mjölk Innehåller Sojabönor Kan innehålla Nötter (eng: tree nuts)",
    "usage": "",
    "nutrition": [
      {
        "Näringsvärde": "Energi (kcal)",
        "100 Gram": "467 kcal"
      },
      {
        "Näringsvärde": "Energi (kJ)",
        "100 Gram": "1959 kJ"
      },
      {
        "Näringsvärde": "Fett",
        "100 Gram": "18 g"
      },
      {
        "Näringsvärde": "Varav mättat fett",
        "100 Gram": "10 g"
      },
      {
        "Näringsvärde": "Kolhydrat",
        "100 Gram": "71 g"
      },
      {
        "Näringsvärde": "Varav sockerarter",
        "100 Gram": "68 g"
      },
      {
        "Näringsvärde": "Protein",
        "100 Gram": "4.6 g"
      },
      {
        "Näringsvärde": "Salt",
        "100 Gram": "0.12 g"
      }
    ],
    "nutritionUnitText": "",
    "categories": {
      "mainCategory": "Jul",
      "subCategories": [
        {
          "name": "Julgodis & Chokladaskar",
          "subSubCategories": [
            "Julgodis"
          ]
        }
      ]
    }
  },
  {
    "name": "Nappar Fruit 80g Haribo",
    "weightText": "0.08 kg",
    "caPart": "",
    "weightValue": 0.08,
    "weightUnit": "kg",
    "comparePrice": "143,75 kr/kg",
    "currentPrice": 11.5,
    "attributes": [],
    "imgUrl": "https://handlaprivatkund.ica.se/images-v3/bf7a00ca-390e-4769-865f-dc369586872e/12c427f2-22d7-45d8-be11-3656fb113429/500x500.jpg",
    "productInformation": "De små favoriterna med fruktsmak",
    "countryText": "",
    "companyText": "Haribo",
    "ingrediensText": "Ingredienser: Glukossirap; socker; gelatin; druvsocker; syra: citronsyra; frukt- och plantkoncentrat: spirulina, safflor, äpple, citron, rättika, sötpotatis, morot, svarta vinbär, hibiskus; arom; solrosolja; ytbehandlingsmedel: bivax vitt och gult.",
    "storage": "Skyddas mot värme och fukt Lägsta förvaringstemperatur 13°C Högsta förvaringstemperatur 25°C",
    "allergens": "Kan innehålla Spannmål som innehåller gluten",
    "usage": "",
    "nutrition": [
      {
        "Näringsvärde": "Energi (kcal)",
        "100 Gram": "343 kcal"
      },
      {
        "Näringsvärde": "Energi (kJ)",
        "100 Gram": "1459 kJ"
      },
      {
        "Näringsvärde": "Fett",
        "100 Gram": "0.5 g"
      },
      {
        "Näringsvärde": "Varav mättat fett",
        "100 Gram": "0.1 g"
      },
      {
        "Näringsvärde": "Kolhydrat",
        "100 Gram": "77 g"
      },
      {
        "Näringsvärde": "Varav sockerarter",
        "100 Gram": "46 g"
      },
      {
        "Näringsvärde": "Protein",
        "100 Gram": "6.9 g"
      },
      {
        "Näringsvärde": "Salt",
        "100 Gram": "0.07 g"
      }
    ],
    "nutritionUnitText": "Näringsvärde per 100 gram",
    "categories": {
      "mainCategory": "Glass, Godis & Snacks",
      "subCategories": [
        {
          "name": "Godis",
          "subSubCategories": [
            "Godispåsar"
          ]
        }
      ]
    }
  },
  {
    "name": "LantChips Lättsaltade 200g LantChips",
    "weightText": "0.2 kg",
    "caPart": "",
    "weightValue": 0.2,
    "weightUnit": "kg",
    "comparePrice": "119,75 kr/kg",
    "currentPrice": 23.95,
    "attributes": [],
    "imgUrl": "https://handlaprivatkund.ica.se/images-v3/bf7a00ca-390e-4769-865f-dc369586872e/170534f1-d220-47d5-a633-dec178a56ab8/500x500.jpg",
    "productInformation": "",
    "countryText": "",
    "companyText": "LantChips",
    "ingrediensText": "Ingredienser: potatis (71,8%), solrosolja och rapsolja i varierande proportioner, salt.",
    "storage": "",
    "allergens": "",
    "usage": "",
    "nutrition": [
      {
        "Näringsvärde": "Energi (kcal)",
        "100 Gram": "500 kcal"
      },
      {
        "Näringsvärde": "Energi (kJ)",
        "100 Gram": "2092 kJ"
      },
      {
        "Näringsvärde": "Fett",
        "100 Gram": "27 g"
      },
      {
        "Näringsvärde": "Varav mättat fett",
        "100 Gram": "2.7 g"
      },
      {
        "Näringsvärde": "Kolhydrat",
        "100 Gram": "56 g"
      },
      {
        "Näringsvärde": "Varav sockerarter",
        "100 Gram": "0.8 g"
      },
      {
        "Näringsvärde": "Protein",
        "100 Gram": "8.3 g"
      },
      {
        "Näringsvärde": "Salt",
        "100 Gram": "1.2 g"
      }
    ],
    "nutritionUnitText": "Näringsvärde per 100 gram",
    "categories": {
      "mainCategory": "Glass, Godis & Snacks",
      "subCategories": [
        {
          "name": "Chips & snacks",
          "subSubCategories": [
            "Chips"
          ]
        }
      ]
    }
  },
  {
    "name": "Tuggummi White Sweet mint 29g Extra",
    "weightText": "0.029 kg",
    "caPart": "",
    "weightValue": 0.029,
    "weightUnit": "kg",
    "comparePrice": "653,45 kr/kg",
    "currentPrice": 18.95,
    "attributes": [],
    "imgUrl": "https://handlaprivatkund.ica.se/images-v3/bf7a00ca-390e-4769-865f-dc369586872e/e89435d5-5546-4dde-b36f-980a24530d84/500x500.jpg",
    "productInformation": "Sockerfritt tuggummi",
    "countryText": "",
    "companyText": "Extra",
    "ingrediensText": "Ingredienser: Sötningsmedel/sødestoffer Xylitol (32%), Sorbitol, Aspartam, Mannitol, Acesulfam K; Gummibas/gummibase, Förtjockningsmedel/fortykningsmiddel E414, Fuktighetsbevarande Medel/middel E422, Aromer/aromaer, Fyllnadsmedel/fyllstoff E341, Emulgeringsmedel/emulgator SOJA-/SOYALECITIN, Surhetsreglerande Medel/surhedsregulerende Middel E500, Ytbehandlingsmedel/glasurmiddel E903, Antioxidant/antioksidant E320, Färgämne/farvestof/fargestof E133.",
    "storage": "Ska förvaras torrt och svalt Lägsta förvaringstemperatur 5°C Högsta förvaringstemperatur 25°C",
    "allergens": "Innehåller Sojabönor",
    "usage": "Konsumera snarast efter öppnandet. Tugga i minst 20 minuter efter intagande av mat och dryck. Varierad och balanserad kost och hälsosam livsstil är viktig. \n \n ÖVERDRIVEN KONSUMTION/OVERDREVET FORBRUG/INNTAK KAN HA LAXERANDE EFFEKT/KAN VIRKE AFFØRENDE. INNEHÅLLER/INNEHOLDER EN KÄLLA TILL FENYLALANIN/INNEHOLDER EN KILDE TIL FENYLALANIN.",
    "nutrition": [
      {
        "Näringsvärde": "Energi (kcal)",
        "100 Gram": "155 kcal"
      },
      {
        "Näringsvärde": "Energi (kJ)",
        "100 Gram": "647 kJ"
      },
      {
        "Näringsvärde": "Fett",
        "100 Gram": "0 g"
      },
      {
        "Näringsvärde": "Varav mättat fett",
        "100 Gram": "0 g"
      },
      {
        "Näringsvärde": "Kolhydrat",
        "100 Gram": "65 g"
      },
      {
        "Näringsvärde": "Varav sockerarter",
        "100 Gram": "0 g"
      },
      {
        "Näringsvärde": "Varav polyoler",
        "100 Gram": "65 g"
      },
      {
        "Näringsvärde": "Protein",
        "100 Gram": "0 g"
      },
      {
        "Näringsvärde": "Salt",
        "100 Gram": "0.06 g"
      }
    ],
    "nutritionUnitText": "Näringsvärde per 100 gram",
    "categories": {
      "mainCategory": "Glass, Godis & Snacks",
      "subCategories": [
        {
          "name": "Tuggummi",
          "subSubCategories": [
            "Tuggummi, påse"
          ]
        }
      ]
    }
  },
  {
    "name": "Salta pinnar 250g ICA",
    "weightText": "0.25 kg",
    "caPart": "",
    "weightValue": 0.25,
    "weightUnit": "kg",
    "comparePrice": "82,00 kr/kg",
    "currentPrice": 20.5,
    "attributes": [],
    "imgUrl": "https://handlaprivatkund.ica.se/images-v3/bf7a00ca-390e-4769-865f-dc369586872e/c327c929-65da-4c44-b22b-9cb40b07a507/500x500.jpg",
    "productInformation": "ICA Salta pinnar är kanske tidernas mest flitiga festdeltagare. Det krispiga snackset är en populär gäst på många kalas eller myskvällar. Tips att använda salta pinnar till olika spännande desserter till exempel till glass.",
    "countryText": "",
    "companyText": "ICA",
    "ingrediensText": "VETEMJÖL*, rapsolja, salt, havssalt 1,3%, surhetsreglerande medel (E524), KORNMALTEXTRAKT, jäst. Kan innehålla spår av sesamfrö. *Odlat i EU.",
    "storage": "Förvaras torrt, skyddat för starkt ljus och ej över normal rumstemperatur.",
    "allergens": "",
    "usage": "",
    "nutrition": [
      {
        "Näringsvärde": "Energi (kcal)",
        "100 Gram": "391 kcal"
      },
      {
        "Näringsvärde": "Energi (kJ)",
        "100 Gram": "1653 kJ"
      },
      {
        "Näringsvärde": "Fett",
        "100 Gram": "5.9 g"
      },
      {
        "Näringsvärde": "Varav mättat fett",
        "100 Gram": "0.8 g"
      },
      {
        "Näringsvärde": "Kolhydrat",
        "100 Gram": "71 g"
      },
      {
        "Näringsvärde": "Varav sockerarter",
        "100 Gram": "2.4 g"
      },
      {
        "Näringsvärde": "Protein",
        "100 Gram": "12 g"
      },
      {
        "Näringsvärde": "Salt",
        "100 Gram": "3.8 g"
      }
    ],
    "nutritionUnitText": "Näringsvärde per 100 gram",
    "categories": {
      "mainCategory": "Glass, Godis & Snacks",
      "subCategories": [
        {
          "name": "Chips & snacks",
          "subSubCategories": [
            "Övrigt snacks"
          ]
        }
      ]
    }
  },
  {
    "name": "Popcorn 500g ICA",
    "weightText": "0.5 kg",
    "caPart": "",
    "weightValue": 0.5,
    "weightUnit": "kg",
    "comparePrice": "31,00 kr/kg",
    "currentPrice": 15.5,
    "attributes": [],
    "imgUrl": "https://handlaprivatkund.ica.se/images-v3/bf7a00ca-390e-4769-865f-dc369586872e/18a67582-02a4-4d09-ad88-509e76dbb784/500x500.jpg",
    "productInformation": "ICA Popcorn är popcornkärnor att poppa själv! För bästa resultat, täck kastrullbotten med olja och ett tunt lager popcorn. Använd lock. Poppa på hög värme samtidigt som du skakar kastrullen. Lämna aldrig katrullen utan tillsyn under poppningen.",
    "countryText": "",
    "companyText": "ICA",
    "ingrediensText": "INGREDIENSER: Majskorn odlade i EU/Icke-EU.",
    "storage": "Förvaras torrt, skyddat för starkt ljus och ej över normal rumstemperatur.",
    "allergens": "",
    "usage": "",
    "nutrition": [
      {
        "Näringsvärde": "Energi (kcal)",
        "100 Gram": "337 kcal"
      },
      {
        "Näringsvärde": "Energi (kJ)",
        "100 Gram": "1422 kJ"
      },
      {
        "Näringsvärde": "Fett",
        "100 Gram": "3.4 g"
      },
      {
        "Näringsvärde": "Varav mättat fett",
        "100 Gram": "0.5 g"
      },
      {
        "Näringsvärde": "Kolhydrat",
        "100 Gram": "61 g"
      },
      {
        "Näringsvärde": "Varav sockerarter",
        "100 Gram": "0.5 g"
      },
      {
        "Näringsvärde": "Protein",
        "100 Gram": "9.4 g"
      },
      {
        "Näringsvärde": "Salt",
        "100 Gram": "0.13 g"
      }
    ],
    "nutritionUnitText": "Näringsvärde per 100 gram",
    "categories": {
      "mainCategory": "Glass, Godis & Snacks",
      "subCategories": [
        {
          "name": "Chips & snacks",
          "subSubCategories": [
            "Popcorn"
          ]
        }
      ]
    }
  },
  {
    "name": "Geléhallon 170g Treatville",
    "weightText": "0.17 kg",
    "caPart": "",
    "weightValue": 0.17,
    "weightUnit": "kg",
    "comparePrice": "79,41 kr/kg",
    "currentPrice": 13.5,
    "attributes": [],
    "imgUrl": "https://handlaprivatkund.ica.se/images-v3/bf7a00ca-390e-4769-865f-dc369586872e/b92102b3-d754-45b1-9d89-fcb2f26d50c0/500x500.jpg",
    "productInformation": "Mjuk sockrat gelégodis med smak av hallon. Välkommen till Treatville – din drömdestination för alla typer av godsaker. Kom och smaka!",
    "countryText": "",
    "companyText": "Treatville",
    "ingrediensText": "INGREDIENSER: Glukossirap, socker, gelatin (av gris), surhetsreglerande medel (E330), arom, färgämne (E120).",
    "storage": "",
    "allergens": "",
    "usage": "",
    "nutrition": [
      {
        "Näringsvärde": "Energi (kcal)",
        "100 Gram": "350 kcal"
      },
      {
        "Näringsvärde": "Energi (kJ)",
        "100 Gram": "1450 kJ"
      },
      {
        "Näringsvärde": "Fett",
        "100 Gram": "0 g"
      },
      {
        "Näringsvärde": "Varav mättat fett",
        "100 Gram": "0 g"
      },
      {
        "Näringsvärde": "Kolhydrat",
        "100 Gram": "81 g"
      },
      {
        "Näringsvärde": "Varav sockerarter",
        "100 Gram": "48 g"
      },
      {
        "Näringsvärde": "Protein",
        "100 Gram": "5.1 g"
      },
      {
        "Näringsvärde": "Salt",
        "100 Gram": "0 g"
      }
    ],
    "nutritionUnitText": "Näringsvärde per 100 gram",
    "categories": {
      "mainCategory": "Glass, Godis & Snacks",
      "subCategories": [
        {
          "name": "Godis",
          "subSubCategories": [
            "Godispåsar"
          ]
        }
      ]
    }
  },
  {
    "name": "Torkad Mango 200g Sunshine Delights",
    "weightText": "0.2 kg",
    "caPart": "",
    "weightValue": 0.2,
    "weightUnit": "kg",
    "comparePrice": "247,50 kr/kg",
    "currentPrice": 49.5,
    "attributes": [],
    "imgUrl": "https://handlaprivatkund.ica.se/images-v3/bf7a00ca-390e-4769-865f-dc369586872e/778b8c21-f13a-4a12-80b3-d100635aabb3/500x500.jpg",
    "productInformation": "Solmogen, torkad tropisk frukt av högsta kvalité",
    "countryText": "",
    "companyText": "Sunshine Delights",
    "ingrediensText": "Ingredienser: Mango (96,37%), socker (3,4%), surhetsreglerande medel (citronsyra (E330)), konserveringsmedel (NATRIUMDISULFIT (E223)).",
    "storage": "Förvaras torrt och svalt",
    "allergens": "",
    "usage": "",
    "nutrition": [
      {
        "Näringsvärde": "Energi (kcal)",
        "100 Gram": "341 kcal"
      },
      {
        "Näringsvärde": "Energi (kJ)",
        "100 Gram": "1448 kJ"
      },
      {
        "Näringsvärde": "Fett",
        "100 Gram": "0.6 g"
      },
      {
        "Näringsvärde": "Varav mättat fett",
        "100 Gram": "0 g"
      },
      {
        "Näringsvärde": "Kolhydrat",
        "100 Gram": "80 g"
      },
      {
        "Näringsvärde": "Varav sockerarter",
        "100 Gram": "70 g"
      },
      {
        "Näringsvärde": "Fiber",
        "100 Gram": "4.4 g"
      },
      {
        "Näringsvärde": "Protein",
        "100 Gram": "1.8 g"
      },
      {
        "Näringsvärde": "Salt",
        "100 Gram": "0.3 g"
      }
    ],
    "nutritionUnitText": "Näringsvärde per 100 gram",
    "categories": {
      "mainCategory": "Glass, Godis & Snacks",
      "subCategories": [
        {
          "name": "Naturgodis, Nötter & Bars",
          "subSubCategories": [
            "Russin & Torkad frukt",
            "Exotisk frukt torkad"
          ]
        }
      ]
    }
  },
  {
    "name": "Toblerone 50g Marabou",
    "weightText": "0.05 kg",
    "caPart": "",
    "weightValue": 0.05,
    "weightUnit": "kg",
    "comparePrice": "299,00 kr/kg",
    "currentPrice": 14.95,
    "attributes": [],
    "imgUrl": "https://handlaprivatkund.ica.se/images-v3/bf7a00ca-390e-4769-865f-dc369586872e/fc95f88f-43bc-4b2b-b481-67171109a545/500x500.jpg",
    "productInformation": "Toblerone Milk- Är en Schweizisk mjölkchoklad med honung och mandel Nougat",
    "countryText": "",
    "companyText": "Toblerone",
    "ingrediensText": "Ingredienser: Socker, MJÖLK-/ MÆLKEPULVER/TØRRMELK, kakaosmör, kakaomassa, honung/honning (3 %), SMÖRFETT/ SMØROLIE/ MELKEFETT, MANDEL (1,6%), emulgeringsmedel/emulgator (SOJALECITIN), ÄGGVITA/ ÆGGEHVIDE, arom. Minst 28% kakao/kakaotørstof.",
    "storage": "",
    "allergens": "",
    "usage": "",
    "nutrition": [
      {
        "Näringsvärde": "Energi (kcal)",
        "100 Gram": "535 kcal"
      },
      {
        "Näringsvärde": "Energi (kJ)",
        "100 Gram": "2235 kJ"
      },
      {
        "Näringsvärde": "Fett",
        "100 Gram": "29.5 g"
      },
      {
        "Näringsvärde": "Varav mättat fett",
        "100 Gram": "18 g"
      },
      {
        "Näringsvärde": "Kolhydrat",
        "100 Gram": "60.5 g"
      },
      {
        "Näringsvärde": "Varav sockerarter",
        "100 Gram": "59.5 g"
      },
      {
        "Näringsvärde": "Fiber",
        "100 Gram": "2.2 g"
      },
      {
        "Näringsvärde": "Protein",
        "100 Gram": "5.6 g"
      },
      {
        "Näringsvärde": "Salt",
        "100 Gram": "0.15 g"
      }
    ],
    "nutritionUnitText": "Näringsvärde per 100 gram",
    "categories": {
      "mainCategory": "Glass, Godis & Snacks",
      "subCategories": [
        {
          "name": "Choklad",
          "subSubCategories": [
            "Chokladstycksaker"
          ]
        }
      ]
    }
  },
  {
    "name": "Choklad Plopp mini påse 158g Cloetta",
    "weightText": "0.158 kg",
    "caPart": "",
    "weightValue": 0.158,
    "weightUnit": "kg",
    "comparePrice": "183,23 kr/kg",
    "currentPrice": 28.95,
    "attributes": [
      "Rainforest Alliance certifierad"
    ],
    "imgUrl": "https://handlaprivatkund.ica.se/images-v3/bf7a00ca-390e-4769-865f-dc369586872e/fc28c227-2125-4c7d-88b0-3721df2b09b3/500x500.jpg",
    "productInformation": "Populära Plopp Mini i påse. Påsen väger 158 gram och består av 13 stycken minibitar. Plopp är en ruta av omtanke som har en söt och ljuv toffeefyllning med ett täcke av mjölkchoklad.",
    "countryText": "",
    "companyText": "Cloetta",
    "ingrediensText": "socker, glukossirap, kakaosmör1, HELMJÖLKSPULVER, vegetabiliska fetter (palm, shea), kakaomassa1, SKUMMJÖLKSPULVER, VASSLEPULVER (MJÖLK), salt, emulgeringsmedel (SOJALECITIN), aromer (bl.a. vanillin). Kan innehålla HASSELNÖTTER. Mjölkchokladen innehåller förutom kakaosmör även annat vegetabiliskt fett. 1Rainforest Alliance Certified. Find out more at ra.org.",
    "storage": "Förvaras torrt och svalt.",
    "allergens": "Kan innehålla spår av Nötter.",
    "usage": "",
    "nutrition": [
      {
        "Näringsvärde": "Energi (kcal)",
        "100 Gram": "475 kcal"
      },
      {
        "Näringsvärde": "Energi (kJ)",
        "100 Gram": "1997 kJ"
      },
      {
        "Näringsvärde": "Fett",
        "100 Gram": "23 g"
      },
      {
        "Näringsvärde": "Varav mättat fett",
        "100 Gram": "14 g"
      },
      {
        "Näringsvärde": "Kolhydrat",
        "100 Gram": "63 g"
      },
      {
        "Näringsvärde": "Varav sockerarter",
        "100 Gram": "49 g"
      },
      {
        "Näringsvärde": "Protein",
        "100 Gram": "4.1 g"
      },
      {
        "Näringsvärde": "Salt",
        "100 Gram": "0.41 g"
      }
    ],
    "nutritionUnitText": "Näringsvärde per 100 gram",
    "categories": {
      "mainCategory": "Glass, Godis & Snacks",
      "subCategories": [
        {
          "name": "Godis",
          "subSubCategories": [
            "Godispåsar",
            "Chokladpåsar"
          ]
        }
      ]
    }
  },
  {
    "name": "Chips Ranch & Sourcream 275g Estrella",
    "weightText": "0.275 kg",
    "caPart": "",
    "weightValue": 0.275,
    "weightUnit": "kg",
    "comparePrice": "114,55 kr/kg",
    "currentPrice": 31.5,
    "attributes": [],
    "imgUrl": "https://handlaprivatkund.ica.se/images-v3/bf7a00ca-390e-4769-865f-dc369586872e/9b838edb-8ac1-4326-8eef-3cddb6cca508/500x500.jpg",
    "productInformation": "Estrella Ranch & Sourcream är finräfflade chips med en fyllig, smakrik kryddblandning. Den snillrikt sammansatta kryddan bjuder på härliga smaker av tomat, ost, lök, vitlök och syrlig gräddfil. En mustigt och frisk smak på samma gång. Perfekta att dippa eller snacksa på precis som de är - finns det något godare? Krispig helg med snacks från Estrella!",
    "countryText": "",
    "companyText": "Estrella",
    "ingrediensText": "Potatis, solros-/rapsolja, kryddblandning (salt, VASSLEpulver (från MJÖLK), socker, lökpulver, tomatpulver, jästextrakt, paprikapulver, syror (mjölksyra, citronsyra, äpplesyra), druvsocker, OSTpulver, vitlök, persilja, färgämne (paprikaextrakt), naturlig arom).",
    "storage": "",
    "allergens": "",
    "usage": "",
    "nutrition": [
      {
        "Näringsvärde": "Energi (kcal)",
        "100 Gram": "520 kcal"
      },
      {
        "Näringsvärde": "Energi (kJ)",
        "100 Gram": "2164 kJ"
      },
      {
        "Näringsvärde": "Fett",
        "100 Gram": "33 g"
      },
      {
        "Näringsvärde": "Varav mättat fett",
        "100 Gram": "2.7 g"
      },
      {
        "Näringsvärde": "Kolhydrat",
        "100 Gram": "46 g"
      },
      {
        "Näringsvärde": "Varav sockerarter",
        "100 Gram": "2.9 g"
      },
      {
        "Näringsvärde": "Fiber",
        "100 Gram": "5.3 g"
      },
      {
        "Näringsvärde": "Protein",
        "100 Gram": "5.9 g"
      },
      {
        "Näringsvärde": "Salt",
        "100 Gram": "1.6 g"
      }
    ],
    "nutritionUnitText": "Näringsvärde per 100 gram",
    "categories": {
      "mainCategory": "Glass, Godis & Snacks",
      "subCategories": [
        {
          "name": "Chips & snacks",
          "subSubCategories": [
            "Chips"
          ]
        }
      ]
    }
  },
  {
    "name": "Dippmix Holiday 26g Estrella",
    "weightText": "0.026 kg",
    "caPart": "",
    "weightValue": 0.026,
    "weightUnit": "kg",
    "comparePrice": "459,62 kr/kg",
    "currentPrice": 11.95,
    "attributes": [],
    "imgUrl": "https://handlaprivatkund.ica.se/images-v3/bf7a00ca-390e-4769-865f-dc369586872e/549ae66a-5246-4b8c-9f8a-d8838c5d74e4/500x500.jpg",
    "productInformation": "Estrella Dippmix Holiday är Sveriges mest populära dipp med mild smak av paprika och lök. En färdig kryddblandning som gör grönsaker till godsaker! Blanda med gräddfil och dippa fint skurna grönsakstavar, chips eller servera som sås till mat och sallad. Ett enkelt snackhack för att piffa till vardagsrätten eller helgens snacks. Dessutom vegansk!",
    "countryText": "",
    "companyText": "Estrella",
    "ingrediensText": "Salt, maltodextrin, lök (pulver och bitar), socker, modifierad potatisstärkelse, paprika (bitar), druvsocker, jästextrakt, kryddor (vitlök, vitpeppar, chilipeppar, gurkmeja, persilja), syra (askorbinsyra), arom, kryddextrakt (paprika).",
    "storage": "",
    "allergens": "",
    "usage": "",
    "nutrition": [
      {
        "Näringsvärde": "Energi (kcal)",
        "100 Gram": "298 kcal"
      },
      {
        "Näringsvärde": "Energi (kJ)",
        "100 Gram": "1264 kJ"
      },
      {
        "Näringsvärde": "Fett",
        "100 Gram": "2.5 g"
      },
      {
        "Näringsvärde": "Varav mättat fett",
        "100 Gram": "0.5 g"
      },
      {
        "Näringsvärde": "Kolhydrat",
        "100 Gram": "66 g"
      },
      {
        "Näringsvärde": "Varav sockerarter",
        "100 Gram": "31 g"
      },
      {
        "Näringsvärde": "Fiber",
        "100 Gram": "3.5 g"
      },
      {
        "Näringsvärde": "Protein",
        "100 Gram": "6.4 g"
      },
      {
        "Näringsvärde": "Salt",
        "100 Gram": "20.8 g"
      }
    ],
    "nutritionUnitText": "Näringsvärde per 100 gram",
    "categories": {
      "mainCategory": "Glass, Godis & Snacks",
      "subCategories": [
        {
          "name": "Chips & snacks",
          "subSubCategories": [
            "Dipp"
          ]
        }
      ]
    }
  },
  {
    "name": "Gräddglass Glassbåtar 6-p 840ml Sia Glass",
    "weightText": "",
    "caPart": "",
    "weightValue": 0,
    "weightUnit": "",
    "comparePrice": "6 per frp 7,92 kr/st",
    "currentPrice": 47.5,
    "attributes": [
      "Från Sverige",
      "Rainforest Alliance certifierad",
      "Ursprungsland Sverige"
    ],
    "imgUrl": "https://handlaprivatkund.ica.se/images-v3/bf7a00ca-390e-4769-865f-dc369586872e/810147d9-958b-40f1-b637-da716431d6ab/500x500.jpg",
    "productInformation": "Svensk krämig gräddglass med vaniljsmak och tydliga stråk av jordgubbssylt, toppad med chokladöverdrag i båtformat rån. Glassbåt, originalet från 1961, en klassiker som alla gillar.SIA Glass är ett familjeföretag med hjärtat i halländska Slöinge. Det är med kärlek för hantverket och omtanke om djur och natur som vi tillverkar all vår gräddglass i Sverige. Alltid gjord på svensk färsk grädde.",
    "countryText": "Sverige",
    "companyText": "SIA Glass",
    "ingrediensText": "Ingredienser: SKUMMJÖLK*, GRÄDDE* (18%), socker*, kokosolja, VETEMJÖL, glukossirap, jordgubbar*, SKUMMJÖLKSPULVER*, socker, kakao, vaniljarom, emulgeringsmedel (mono- och diglycerider av veg fettsyror, lecitin, SOJALECITIN), stabiliseringsmedel (fruktkärnmjöl, guarkärnmjöl, pektin), VETESTÄRKELSE, syra (citronsyra), salt. *Ursprung: Sverige. Grädde med 40% fetthalt.",
    "storage": "Lägsta förvaringstemperatur -25°C Högsta förvaringstemperatur -18°C",
    "allergens": "Innehåller Sojabönor Innehåller Mjölk Innehåller Spannmål som innehåller gluten",
    "usage": "",
    "nutrition": [
      {
        "Näringsvärde": "Energi (kcal)",
        "100 Gram": "250 kcal"
      },
      {
        "Näringsvärde": "Energi (kJ)",
        "100 Gram": "1050 kJ"
      },
      {
        "Näringsvärde": "Fett",
        "100 Gram": "13 g"
      },
      {
        "Näringsvärde": "Varav mättat fett",
        "100 Gram": "9.9 g"
      },
      {
        "Näringsvärde": "Kolhydrat",
        "100 Gram": "29 g"
      },
      {
        "Näringsvärde": "Varav sockerarter",
        "100 Gram": "24 g"
      },
      {
        "Näringsvärde": "Varav polyoler",
        "100 Gram": "0 g"
      },
      {
        "Näringsvärde": "Fiber",
        "100 Gram": "0 g"
      },
      {
        "Näringsvärde": "Protein",
        "100 Gram": "4 g"
      },
      {
        "Näringsvärde": "Salt",
        "100 Gram": "0.1 g"
      },
      {
        "Näringsvärde": "Vitamin B12",
        "100 Gram": "0 µg"
      },
      {
        "Näringsvärde": "Vitamin D",
        "100 Gram": "0 µg"
      },
      {
        "Näringsvärde": "Folsyra",
        "100 Gram": "0 µg"
      },
      {
        "Näringsvärde": "Selen",
        "100 Gram": "0 µg"
      }
    ],
    "nutritionUnitText": "Näringsvärde per 100 gram",
    "categories": {
      "mainCategory": "Glass, Godis & Snacks",
      "subCategories": [
        {
          "name": "Glass",
          "subSubCategories": [
            "Strutglass"
          ]
        }
      ]
    }
  },
  {
    "name": "Sötmandel 200g ICA",
    "weightText": "0.2 kg",
    "caPart": "",
    "weightValue": 0.2,
    "weightUnit": "kg",
    "comparePrice": "167,50 kr/kg",
    "currentPrice": 33.5,
    "attributes": [
      "Nyckelhålet"
    ],
    "imgUrl": "https://handlaprivatkund.ica.se/images-v3/bf7a00ca-390e-4769-865f-dc369586872e/d20c58fd-a6f4-4ca1-be41-08439d73929e/500x500.jpg",
    "productInformation": "ICA Sötmandel funkar lika bra till baket som till dina indiska grytor. Eller varför inte rosta dom i ugnen med lite havsalt?",
    "countryText": "",
    "companyText": "ICA",
    "ingrediensText": "INGREDIENSER SÖTMANDEL*. Kan innehålla spår av jordnöt, hasselnöt, valnöt, pistagenöt, cashewnöt, pekannöt, paranöt och makadamianöt. *För aktuellt ursprung se märkning vid Bäst före-datum.",
    "storage": "Förvaras torrt, ej över normal rumstemperatur. Lägsta förvaringstemperatur 5°C Högsta förvaringstemperatur 22°C",
    "allergens": "",
    "usage": "",
    "nutrition": [
      {
        "Näringsvärde": "Energi (kcal)",
        "100 Gram": "592 kcal"
      },
      {
        "Näringsvärde": "Energi (kJ)",
        "100 Gram": "2478 kJ"
      },
      {
        "Näringsvärde": "Fett",
        "100 Gram": "53 g"
      },
      {
        "Näringsvärde": "Varav mättat fett",
        "100 Gram": "4.4 g"
      },
      {
        "Näringsvärde": "Kolhydrat",
        "100 Gram": "6.2 g"
      },
      {
        "Näringsvärde": "Varav sockerarter",
        "100 Gram": "6.2 g"
      },
      {
        "Näringsvärde": "Fiber",
        "100 Gram": "19 g"
      },
      {
        "Näringsvärde": "Protein",
        "100 Gram": "21 g"
      },
      {
        "Näringsvärde": "Salt",
        "100 Gram": "0 g"
      }
    ],
    "nutritionUnitText": "Näringsvärde per 100 gram",
    "categories": {
      "mainCategory": "Jul",
      "subCategories": [
        {
          "name": "Glöggmingel",
          "subSubCategories": [
            "Glögg & Glöggmix"
          ]
        }
      ]
    }
  },
  {
    "name": "Chips Ranch 275g OLW",
    "weightText": "0.275 kg",
    "caPart": "",
    "weightValue": 0.275,
    "weightUnit": "kg",
    "comparePrice": "114,55 kr/kg",
    "currentPrice": 31.5,
    "attributes": [],
    "imgUrl": "https://handlaprivatkund.ica.se/images-v3/bf7a00ca-390e-4769-865f-dc369586872e/e400a937-6e3f-4c82-bc23-e37fe3a0cfed/500x500.jpg",
    "productInformation": "Riktigt goda chips gör fredagsmyset ännu bättre. På OLW använder vi oss av naturliga ingredienser och den allra finaste potatisen. Dessutom gör vi våra chips riktigt OLW-krispiga – allt för den goda smakens skull. Ranch är en blandning av svenskarnas favoritsmaker i ett och samma chips. Med inslag av gräddfil, ost, lök, tomat och paprika blir det ett fylligt och lättätet chips som passar till alla tillfällen.",
    "countryText": "",
    "companyText": "Olw",
    "ingrediensText": "Potatis, vegetabilisk olja², kryddblandning (salt, vasslepulver (från MJÖLK), socker, tomat, druvsocker, lök, OSTPULVER, vitlök,paprika, persilja, cayennepaeppar, jästextrakt surhetsreglerande medel (mjölksyra, citronsyra), paprikaextrakt, naturlig arom).",
    "storage": "",
    "allergens": "Innehåller Mjölk",
    "usage": "",
    "nutrition": [
      {
        "Näringsvärde": "Energi (kcal)",
        "100 Gram": "520 kcal"
      },
      {
        "Näringsvärde": "Energi (kJ)",
        "100 Gram": "2150 kJ"
      },
      {
        "Näringsvärde": "Fett",
        "100 Gram": "32 g"
      },
      {
        "Näringsvärde": "Varav mättat fett",
        "100 Gram": "15 g"
      },
      {
        "Näringsvärde": "Kolhydrat",
        "100 Gram": "50 g"
      },
      {
        "Näringsvärde": "Varav sockerarter",
        "100 Gram": "4.7 g"
      },
      {
        "Näringsvärde": "Protein",
        "100 Gram": "5.4 g"
      },
      {
        "Näringsvärde": "Salt",
        "100 Gram": "1.5 g"
      }
    ],
    "nutritionUnitText": "Näringsvärde per 100 gram",
    "categories": {
      "mainCategory": "Glass, Godis & Snacks",
      "subCategories": [
        {
          "name": "Chips & snacks",
          "subSubCategories": [
            "Chips"
          ]
        }
      ]
    }
  },
  {
    "name": "Soltorkade Russin 500g KRAV Saltå Kvarn",
    "weightText": "0.5 kg",
    "caPart": "",
    "weightValue": 0.5,
    "weightUnit": "kg",
    "comparePrice": "117,90 kr/kg",
    "currentPrice": 58.95,
    "attributes": [
      "EU Ekologiskt",
      "Ekologiskt",
      "KRAV"
    ],
    "imgUrl": "https://handlaprivatkund.ica.se/images-v3/bf7a00ca-390e-4769-865f-dc369586872e/95a974e0-84d0-4450-841f-1c4c90ae65aa/500x500.jpg",
    "productInformation": "Saltå Kvarns ekologiska, soltorkade russin kommerfrån saftiga, ljusa och kärnfria druvor med tunt skal.Druvor som är särskilt lämpade att torka till russin. När druvorna mognat sköras de för hand för att sedan torka i solen. Den varma solen ger druvorna en perfekt konsistens, samtidigt som arom och sötma får tid att utvecklas.",
    "countryText": "",
    "companyText": "Saltå Kvarn",
    "ingrediensText": "Ingredienser Ekologiska sultanrussin*, solrosolja* (0,5 %) *KRAV-certifierad ekologisk ingrediens",
    "storage": "Förvaring: Förvaras torrt, ej över normal rumstemperatur.",
    "allergens": "",
    "usage": "",
    "nutrition": [
      {
        "Näringsvärde": "Energi (kcal)",
        "100 Gram": "340 kcal"
      },
      {
        "Näringsvärde": "Energi (kJ)",
        "100 Gram": "1430 kJ"
      },
      {
        "Näringsvärde": "Fett",
        "100 Gram": "0.7 g"
      },
      {
        "Näringsvärde": "Varav mättat fett",
        "100 Gram": "0.3 g"
      },
      {
        "Näringsvärde": "Kolhydrat",
        "100 Gram": "74 g"
      },
      {
        "Näringsvärde": "Varav sockerarter",
        "100 Gram": "70 g"
      },
      {
        "Näringsvärde": "Fiber",
        "100 Gram": "4.2 g"
      },
      {
        "Näringsvärde": "Protein",
        "100 Gram": "3.2 g"
      },
      {
        "Näringsvärde": "Salt",
        "100 Gram": "0.02 g"
      }
    ],
    "nutritionUnitText": "Näringsvärde per 100 gram",
    "categories": {
      "mainCategory": "Glass, Godis & Snacks",
      "subCategories": [
        {
          "name": "Naturgodis, Nötter & Bars",
          "subSubCategories": [
            "Russin & Torkad frukt",
            "Russin"
          ]
        }
      ]
    }
  },
  {
    "name": "Müslibar BIG Chocolate Biscuit Marshmallow 40g Corny",
    "weightText": "0.04 kg",
    "caPart": "",
    "weightValue": 0.04,
    "weightUnit": "kg",
    "comparePrice": "262,50 kr/kg",
    "currentPrice": 10.5,
    "attributes": [
      "Rainforest Alliance certifierad"
    ],
    "imgUrl": "https://handlaprivatkund.ica.se/images-v3/bf7a00ca-390e-4769-865f-dc369586872e/e128c4b4-1bb0-4bcb-aafb-8aad5a7f8f7b/500x500.jpg",
    "productInformation": "Corny BIG – Sveriges mest köpta Müslibar! Nu som Corny BIG Chocolate, Biscuit & Marshmallow flavour. Den perfekta kombinationen av krispiga flingor, mjölkchoklad, kex och marshmallowsmak. Ett godare och nyttigare mellanmålsalternativ. Perfekt före, under och efter träningspasset. Oavsett om du gillar mörk-, ljus- eller vit choklad, jordnötter, banan eller kokos så har vi en Corny BIG för dig! Corny BIG - var som helst, när som helst!",
    "countryText": "",
    "companyText": "Corny",
    "ingrediensText": "Ingredienser: Glukosfruktossirap, spannmålsflingor med kakao 22% (rismjöl, VETEmjöl, fettreducerat kakaopulver*, MJÖLKpulver, socker, majsmjöl, salt), MJÖLKchoklad 20% (socker, kakaomassa*, kakaosmör*, skumMJÖLKspulver, MJÖLKfett, emulgeringsmedel (E442, E476)), glukossirap, fullkornsKORNflingor 6%, kexbitar 6% (VETEmjöl, socker, SMÖR, VETEstärkelse, glukosfruktossirap, skumMJÖLKpulver, salt, sött vasslepulver (från MJÖLK), bakpulver (E503, E500), syra (citronsyra), naturlig bourbonvaniljarom), majsflingor (majs, salt, KORNmaltextrakt), kokosfett, fettreducerat kakaopulver*, naturliga aromer, salt, emulgeringsmedel (lecitin). Kan innehålla spår av NÖTTER och JORDNÖTTER. *Rainforest Alliance Certified.",
    "storage": "Förvaras torrt och svalt, skyddad från värme. Lägsta förvaringstemperatur 10°C Högsta förvaringstemperatur 25°C",
    "allergens": "Innehåller Mjölk Innehåller Spannmål som innehåller gluten Kan innehålla Jordnötter Kan innehålla Nötter (eng: tree nuts)",
    "usage": "",
    "nutrition": [
      {
        "Näringsvärde": "Energi (kcal)",
        "100 Gram": "415 kcal"
      },
      {
        "Näringsvärde": "Energi (kJ)",
        "100 Gram": "1744 kJ"
      },
      {
        "Näringsvärde": "Fett",
        "100 Gram": "13 g"
      },
      {
        "Näringsvärde": "Varav mättat fett",
        "100 Gram": "8.6 g"
      },
      {
        "Näringsvärde": "Kolhydrat",
        "100 Gram": "67 g"
      },
      {
        "Näringsvärde": "Varav sockerarter",
        "100 Gram": "35 g"
      },
      {
        "Näringsvärde": "Fiber",
        "100 Gram": "3.8 g"
      },
      {
        "Näringsvärde": "Protein",
        "100 Gram": "5.5 g"
      },
      {
        "Näringsvärde": "Salt",
        "100 Gram": "0.43 g"
      }
    ],
    "nutritionUnitText": "",
    "categories": {
      "mainCategory": "Glass, Godis & Snacks",
      "subCategories": [
        {
          "name": "Naturgodis, Nötter & Bars",
          "subSubCategories": [
            "Bars"
          ]
        }
      ]
    }
  },
  {
    "name": "Stjärnor Sourcream & Onion 85g Estrella",
    "weightText": "0.085 kg",
    "caPart": "",
    "weightValue": 0.085,
    "weightUnit": "kg",
    "comparePrice": "246,47 kr/kg",
    "currentPrice": 20.95,
    "attributes": [],
    "imgUrl": "https://handlaprivatkund.ica.se/images-v3/bf7a00ca-390e-4769-865f-dc369586872e/9882fa5e-091f-4998-8096-400abcb3cfae/500x500.jpg",
    "productInformation": "Estrella Stjärnor Sourcream & Onion är lätta stjärnor med spröd textur som smälter i munnen. Tunna superstars gjorda på en frasig potatisbas som inte överskuggar smaken av gräddfil och lök. En snacksfavorit från chipsfabriken i Göteborg.",
    "countryText": "",
    "companyText": "Estrella",
    "ingrediensText": "Potatispulver, solros-/rapsolja, potatisstärkelse, modifierad stärkelse (tapioka, potatis), kryddblandning (salt, lökpulver (gul-och rödlök), VASSLEpulver (från MJÖLK), socker, KÄRNMJÖLKspulver, naturlig arom, persilja, GRÄDDpulver, jästextrakt, MJÖLKpulver, kryddor (vitlökspulver, svartpeppar), syra (mjölksyra, citronsyra), färgämne (paprika, kurkumin)), socker, syra (mjölksyra), emulgeringsmedel (rapslecitin), färgämne (paprikapulver).",
    "storage": "",
    "allergens": "",
    "usage": "",
    "nutrition": [
      {
        "Näringsvärde": "Energi (kcal)",
        "100 Gram": "495 kcal"
      },
      {
        "Näringsvärde": "Energi (kJ)",
        "100 Gram": "2073 kJ"
      },
      {
        "Näringsvärde": "Fett",
        "100 Gram": "25 g"
      },
      {
        "Näringsvärde": "Varav mättat fett",
        "100 Gram": "2.2 g"
      },
      {
        "Näringsvärde": "Kolhydrat",
        "100 Gram": "63 g"
      },
      {
        "Näringsvärde": "Varav sockerarter",
        "100 Gram": "3.2 g"
      },
      {
        "Näringsvärde": "Fiber",
        "100 Gram": "1.9 g"
      },
      {
        "Näringsvärde": "Protein",
        "100 Gram": "3.9 g"
      },
      {
        "Näringsvärde": "Salt",
        "100 Gram": "2.1 g"
      }
    ],
    "nutritionUnitText": "Näringsvärde per 100 gram",
    "categories": {
      "mainCategory": "Glass, Godis & Snacks",
      "subCategories": [
        {
          "name": "Chips & snacks",
          "subSubCategories": [
            "Chips"
          ]
        }
      ]
    }
  },
  {
    "name": "Västkustchips Gräddfil & Lök 180g Estrella",
    "weightText": "0.18 kg",
    "caPart": "",
    "weightValue": 0.18,
    "weightUnit": "kg",
    "comparePrice": "169,44 kr/kg",
    "currentPrice": 30.5,
    "attributes": [],
    "imgUrl": "https://handlaprivatkund.ica.se/images-v3/bf7a00ca-390e-4769-865f-dc369586872e/57387186-0242-4ee3-8a8f-3f979cec0ead/500x500.jpg",
    "productInformation": "Västkustchips Gräddfil & Lök är Estrellas krispigaste potatischips med klassisk smak av mild, syrlig gräddfil och lök. Den svenska potatisen skivas med skalet kvar och grytfriteras i små omgångar under längre tid än vanliga chips. Det gör chipsen extra krispiga och naturligt smakrika. Sveriges mest populära premiumchips att servera vardag eller helg, med eller utan dipp. Miljömärkt med Svenskt Sigill.",
    "countryText": "",
    "companyText": "Estrella",
    "ingrediensText": "Potatis, solros-/ och rapsolja i varierande proportion, kryddblandning (salt, lökpulver (gul- och röd lök), VASSLEpulver (från MJÖLK),socker, KÄRNMJÖLKspulver, naturlig arom, persilja, GRÄDDpulver, jästextrakt, MJÖLKpulver, kryddor (vitlökspulver, svartpeppar), syra (mjölksyra,citronsyra)).",
    "storage": "",
    "allergens": "",
    "usage": "",
    "nutrition": [
      {
        "Näringsvärde": "Energi (kcal)",
        "100 Gram": "470 kcal"
      },
      {
        "Näringsvärde": "Energi (kJ)",
        "100 Gram": "1962 kJ"
      },
      {
        "Näringsvärde": "Fett",
        "100 Gram": "25 g"
      },
      {
        "Näringsvärde": "Varav mättat fett",
        "100 Gram": "2.2 g"
      },
      {
        "Näringsvärde": "Kolhydrat",
        "100 Gram": "52 g"
      },
      {
        "Näringsvärde": "Varav sockerarter",
        "100 Gram": "2.8 g"
      },
      {
        "Näringsvärde": "Fiber",
        "100 Gram": "6 g"
      },
      {
        "Näringsvärde": "Protein",
        "100 Gram": "6.5 g"
      },
      {
        "Näringsvärde": "Salt",
        "100 Gram": "1.3 g"
      }
    ],
    "nutritionUnitText": "Näringsvärde per 100 gram",
    "categories": {
      "mainCategory": "Glass, Godis & Snacks",
      "subCategories": [
        {
          "name": "Chips & snacks",
          "subSubCategories": [
            "Chips"
          ]
        }
      ]
    }
  },
  {
    "name": "Gräddglass Vanilj 1,5l SIA Glass",
    "weightText": "1.5 l",
    "caPart": "",
    "weightValue": 1.5,
    "weightUnit": "l",
    "comparePrice": "29,30 kr/l",
    "currentPrice": 43.95,
    "attributes": [
      "Från Sverige",
      "Ursprungsland Sverige"
    ],
    "imgUrl": "https://handlaprivatkund.ica.se/images-v3/bf7a00ca-390e-4769-865f-dc369586872e/3e7dbfdd-6ddf-4ed1-8bf6-91b657690fe4/500x500.jpg",
    "productInformation": "Svensk krämig gräddglass med äkta vaniljstång.SIA Glass är ett familjeföretag med hjärtat i halländska Slöinge. Det är med kärlek för hantverket och omtanke om djur och natur som vi tillverkar all vår gräddglass i Sverige. Alltid gjord på svensk färsk grädde.",
    "countryText": "Sverige",
    "companyText": "SIA Glass",
    "ingrediensText": "Ingredienser: SKUMMJÖLK*, GRÄDDE* (25%), socker*, glukossirap, SKUMMJÖLKSPULVER*, druvsocker, vaniljarom, vaniljfrön, emulgeringsmedel (mono- och diglycerider av veg fettsyror), stabiliseringsmedel (fruktkärnmjöl, guarkärnmjöl). *Ursprung: Sverige. Vaniljarom och vaniljfrön är inte från Sverige. Grädde med 40% fetthalt.",
    "storage": "Lägsta förvaringstemperatur -25°C Högsta förvaringstemperatur -18°C",
    "allergens": "Innehåller Mjölk",
    "usage": "",
    "nutrition": [
      {
        "Näringsvärde": "Energi (kcal)",
        "100 Gram": "210 kcal"
      },
      {
        "Näringsvärde": "Energi (kJ)",
        "100 Gram": "850 kJ"
      },
      {
        "Näringsvärde": "Fett",
        "100 Gram": "10 g"
      },
      {
        "Näringsvärde": "Varav mättat fett",
        "100 Gram": "6.6 g"
      },
      {
        "Näringsvärde": "Kolhydrat",
        "100 Gram": "23 g"
      },
      {
        "Näringsvärde": "Varav sockerarter",
        "100 Gram": "22 g"
      },
      {
        "Näringsvärde": "Varav polyoler",
        "100 Gram": "0.5 g"
      },
      {
        "Näringsvärde": "Fiber",
        "100 Gram": "0.5 g"
      },
      {
        "Näringsvärde": "Protein",
        "100 Gram": "3.8 g"
      },
      {
        "Näringsvärde": "Salt",
        "100 Gram": "0.1 g"
      },
      {
        "Näringsvärde": "Vitamin B12",
        "100 Gram": "0 µg"
      },
      {
        "Näringsvärde": "Vitamin D",
        "100 Gram": "0 µg"
      },
      {
        "Näringsvärde": "Folsyra",
        "100 Gram": "0 µg"
      },
      {
        "Näringsvärde": "Selen",
        "100 Gram": "0 µg"
      }
    ],
    "nutritionUnitText": "Näringsvärde per 100 gram",
    "categories": {
      "mainCategory": "Glass, Godis & Snacks",
      "subCategories": [
        {
          "name": "Glass",
          "subSubCategories": [
            "Stora Glasspaket"
          ]
        }
      ]
    }
  },
  {
    "name": "Chips Cream cheese 275g OLW",
    "weightText": "0.275 kg",
    "caPart": "",
    "weightValue": 0.275,
    "weightUnit": "kg",
    "comparePrice": "114,55 kr/kg",
    "currentPrice": 31.5,
    "attributes": [],
    "imgUrl": "https://handlaprivatkund.ica.se/images-v3/bf7a00ca-390e-4769-865f-dc369586872e/096976bb-9460-4f6e-b0e7-d707b8f48548/500x500.jpg",
    "productInformation": "Riktigt goda chips gör fredagsmyset ännu bättre. På OLW använder vi oss av naturliga ingredienser och den allra finaste potatisen. Dessutom gör vi våra chips riktigt OLW-krispiga – allt för den goda smakens skull. Chipsen är smaksatta med fräsch cream cheese som gör att de riktigt smälter i munnen!",
    "countryText": "",
    "companyText": "Olw",
    "ingrediensText": "Potatis, solrosolja, kryddblandning (salt, ostpulver, gräddpulver, maltodextrin, vasslepulver (från mjölk), mjölkpulver, surhetsreglerande medel (citronsyra, mjölksyra), jästextrakt, lök, kryddor, naturlig arom, paprikaextrakt).",
    "storage": "",
    "allergens": "Innehåller Mjölk",
    "usage": "",
    "nutrition": [],
    "nutritionUnitText": "Näringsvärde per styck",
    "categories": {
      "mainCategory": "Glass, Godis & Snacks",
      "subCategories": [
        {
          "name": "Chips & snacks",
          "subSubCategories": [
            "Chips"
          ]
        }
      ]
    }
  },
  {
    "name": "Müslibar BIG Peanut Chocolate 50g Corny",
    "weightText": "0.05 kg",
    "caPart": "",
    "weightValue": 0.05,
    "weightUnit": "kg",
    "comparePrice": "210,00 kr/kg",
    "currentPrice": 10.5,
    "attributes": [
      "Rainforest Alliance certifierad"
    ],
    "imgUrl": "https://handlaprivatkund.ica.se/images-v3/bf7a00ca-390e-4769-865f-dc369586872e/7262e5e7-6538-4f63-8cd3-90ecd0905340/500x500.jpg",
    "productInformation": "Corny Müslibar är ett nyttigare mellanmålsalternativ i barformat, lätt att ta med sig på utflykten. Perfekt före, under och efter träningspasset. Lätt att stoppa i fickan och ha med sig under fritidsaktiviteterna.",
    "countryText": "",
    "companyText": "Corny",
    "ingrediensText": "Ingredienser: Rostade JORDNÖTTER 24%, MJÖLKchoklad 20% (socker, kakaomassa*, kakaosmör*, skumMJÖLKspulver, MJÖLKfett, emulgeringsmedel: (E442, E476)), glukosfruktossirap, fullkornsflingor av spannmål 14% (HAVRE, VETE), flingor (VETEmjöl, socker, majsmjöl, rismjöl, KORNmaltextrakt, salt, karamelliserad sockersirap), glukossirap, socker, majsflingor (majs, salt, KORNmaltextrakt), kokosfett, honung, salt, karamelliserad sockersirap, emulgeringsmedel: lecitin. Kan innehålla spår av NÖTTER. *Rainforest Alliance Certified.",
    "storage": "Förvaras torrt och svalt, skyddad från värme. Lägsta förvaringstemperatur 5°C Högsta förvaringstemperatur 25°C",
    "allergens": "Innehåller Mjölk Innehåller Jordnötter Kan innehålla Nötter (eng: tree nuts) Innehåller Spannmål som innehåller gluten",
    "usage": "",
    "nutrition": [
      {
        "Näringsvärde": "Energi (kcal)",
        "100 Gram": "483 kcal"
      },
      {
        "Näringsvärde": "Energi (kJ)",
        "100 Gram": "2019 kJ"
      },
      {
        "Näringsvärde": "Fett",
        "100 Gram": "23 g"
      },
      {
        "Näringsvärde": "Varav mättat fett",
        "100 Gram": "9.4 g"
      },
      {
        "Näringsvärde": "Kolhydrat",
        "100 Gram": "55 g"
      },
      {
        "Näringsvärde": "Varav sockerarter",
        "100 Gram": "31 g"
      },
      {
        "Näringsvärde": "Fiber",
        "100 Gram": "4.8 g"
      },
      {
        "Näringsvärde": "Protein",
        "100 Gram": "10 g"
      },
      {
        "Näringsvärde": "Salt",
        "100 Gram": "0.44 g"
      }
    ],
    "nutritionUnitText": "Näringsvärde per 100 gram",
    "categories": {
      "mainCategory": "Glass, Godis & Snacks",
      "subCategories": [
        {
          "name": "Naturgodis, Nötter & Bars",
          "subSubCategories": [
            "Bars"
          ]
        }
      ]
    }
  },
  {
    "name": "Chokladkaka Apelsinkrokant 160g Marabou",
    "weightText": "0.16 kg",
    "caPart": "",
    "weightValue": 0.16,
    "weightUnit": "kg",
    "comparePrice": "193,44 kr/kg",
    "currentPrice": 30.95,
    "attributes": [],
    "imgUrl": "https://handlaprivatkund.ica.se/images-v3/bf7a00ca-390e-4769-865f-dc369586872e/6f871cdf-a94f-42c0-a748-3d2a6a81f00b/500x500.jpg",
    "productInformation": "Marabou Apelsinkrokant är en Marabou Mjölkchokladkaka med apelsinsmak och krispiga bitar av mandelkrokant. En riktig klassiker som passar för alla tillfällen. Genom Cocoa Life, vårt program för en hållbar kakaoproduktion, bidrar Toblerone till att kakao odlas på rätt sätt, för att skydda planeten och respektera mänskliga rättigheter i vår värdekedja. Läs mer om Cocoa Life här www.cocoalife.org.",
    "countryText": "",
    "companyText": "Marabou",
    "ingrediensText": "Ingredienser: Socker, kakaosmör, kakaomassa, majs, vasslepulver (MJÖLK), SKUMMJÖLKSPULVER, SMÖRFETT, vassleprodukt (MJÖLK), palmolja, emulgeringsmedel (SOJALECITINER, E471), MANDEL, salt, sockrad kondenserad SKUMMJÖLK, aromer. Minst 30% kakao. KAN INNEHÅLLA ANDRA NÖTTER OCH VETE.",
    "storage": "",
    "allergens": "",
    "usage": "",
    "nutrition": [
      {
        "Näringsvärde": "Energi (kcal)",
        "100 Gram": "531 kcal"
      },
      {
        "Näringsvärde": "Energi (kJ)",
        "100 Gram": "2219 kJ"
      },
      {
        "Näringsvärde": "Fett",
        "100 Gram": "29 g"
      },
      {
        "Näringsvärde": "Varav mättat fett",
        "100 Gram": "17 g"
      },
      {
        "Näringsvärde": "Kolhydrat",
        "100 Gram": "61 g"
      },
      {
        "Näringsvärde": "Varav sockerarter",
        "100 Gram": "54 g"
      },
      {
        "Näringsvärde": "Fiber",
        "100 Gram": "1.8 g"
      },
      {
        "Näringsvärde": "Protein",
        "100 Gram": "4.3 g"
      },
      {
        "Näringsvärde": "Salt",
        "100 Gram": "0.49 g"
      }
    ],
    "nutritionUnitText": "Näringsvärde per 100 gram",
    "categories": {
      "mainCategory": "Glass, Godis & Snacks",
      "subCategories": [
        {
          "name": "Choklad",
          "subSubCategories": [
            "Chokladkakor"
          ]
        }
      ]
    }
  },
  {
    "name": "Popcorn Färdigpoppade Saltade 65g Estrella",
    "weightText": "0.065 kg",
    "caPart": "",
    "weightValue": 0.065,
    "weightUnit": "kg",
    "comparePrice": "199,23 kr/kg",
    "currentPrice": 12.95,
    "attributes": [],
    "imgUrl": "https://handlaprivatkund.ica.se/images-v3/bf7a00ca-390e-4769-865f-dc369586872e/47d6280d-0d88-47bb-b4fd-9cbc13bcfb81/500x500.jpg",
    "productInformation": "Estrella Färdigpoppade Popcorn Salt är originalet och det givna valet för alla popcornälskare. Extra fluffiga, färdigpoppade popcorn med härlig sälta och perfekt tuggmotstånd. Riktiga biopopcorn som passar filmkvällen, seriemaraton, parkhäng och alla andra snackstillfällen året runt. Ready to eat och perfekta att dela med kompisen.",
    "countryText": "",
    "companyText": "Estrella",
    "ingrediensText": "Majskärnor, solros-/rapsolja, salt. Kan innehålla spår av MJÖLK.",
    "storage": "",
    "allergens": "",
    "usage": "",
    "nutrition": [
      {
        "Näringsvärde": "Energi (kcal)",
        "100 Gram": "400 kcal"
      },
      {
        "Näringsvärde": "Energi (kJ)",
        "100 Gram": "1680 kJ"
      },
      {
        "Näringsvärde": "Fett",
        "100 Gram": "11 g"
      },
      {
        "Näringsvärde": "Varav mättat fett",
        "100 Gram": "1.3 g"
      },
      {
        "Näringsvärde": "Kolhydrat",
        "100 Gram": "57 g"
      },
      {
        "Näringsvärde": "Varav sockerarter",
        "100 Gram": "0.6 g"
      },
      {
        "Näringsvärde": "Fiber",
        "100 Gram": "14 g"
      },
      {
        "Näringsvärde": "Protein",
        "100 Gram": "11 g"
      },
      {
        "Näringsvärde": "Salt",
        "100 Gram": "3.4 g"
      }
    ],
    "nutritionUnitText": "Näringsvärde per 100 gram",
    "categories": {
      "mainCategory": "Glass, Godis & Snacks",
      "subCategories": [
        {
          "name": "Chips & snacks",
          "subSubCategories": [
            "Popcorn"
          ]
        }
      ]
    }
  },
  {
    "name": "Müslibar BIG Coconut 50g Corny",
    "weightText": "0.05 kg",
    "caPart": "",
    "weightValue": 0.05,
    "weightUnit": "kg",
    "comparePrice": "210,00 kr/kg",
    "currentPrice": 10.5,
    "attributes": [
      "Rainforest Alliance certifierad"
    ],
    "imgUrl": "https://handlaprivatkund.ica.se/images-v3/bf7a00ca-390e-4769-865f-dc369586872e/8ddc0590-50c0-4c7e-b71c-3cffcb0e39ed/500x500.jpg",
    "productInformation": "Corny Müslibar är ett nyttigare mellanmålsalternativ i barformat, lätt att ta med sig på utflykten. Perfekt före, under och efter träningspasset. Lätt att stoppa i fickan och ha med sig under fritidsaktiviteterna.",
    "countryText": "",
    "companyText": "Corny",
    "ingrediensText": "Ingredienser: MJÖLKchoklad 20% (socker, kakaomassa*, kakaosmör*, skumMJÖLKspulver, MJÖLKfett, emulgeringsmedel: (E442, E476)), kokosflingor 17%, glukossirap, glukosfruktossirap, spannmålsflingor (VETEmjöl, socker, majsmjöl, rismjöl, KORNmaltextrakt, salt, karamelliserad sockersirap), fullkornsflingor 7% (HAVRE, VETE), kokosfett, socker, majsflingor (majs, salt, KORNmaltextrakt), stabiliseringsmedel: glycerol, salt, naturlig arom, emulgeringsmedel: lecitin. Kan innehålla spår av NÖTTER och JORDNÖTTER. *Rainforest Alliance Certified.",
    "storage": "Förvaras torrt och svalt, skyddad från värme. Lägsta förvaringstemperatur 5°C Högsta förvaringstemperatur 25°C",
    "allergens": "Innehåller Mjölk Kan innehålla Jordnötter Innehåller Spannmål som innehåller gluten Kan innehålla Nötter (eng: tree nuts)",
    "usage": "",
    "nutrition": [
      {
        "Näringsvärde": "Energi (kcal)",
        "100 Gram": "474 kcal"
      },
      {
        "Näringsvärde": "Energi (kJ)",
        "100 Gram": "1983 kJ"
      },
      {
        "Näringsvärde": "Fett",
        "100 Gram": "23 g"
      },
      {
        "Näringsvärde": "Varav mättat fett",
        "100 Gram": "19 g"
      },
      {
        "Näringsvärde": "Kolhydrat",
        "100 Gram": "59 g"
      },
      {
        "Näringsvärde": "Varav sockerarter",
        "100 Gram": "32 g"
      },
      {
        "Näringsvärde": "Fiber",
        "100 Gram": "5.3 g"
      },
      {
        "Näringsvärde": "Protein",
        "100 Gram": "4.6 g"
      },
      {
        "Näringsvärde": "Salt",
        "100 Gram": "0.43 g"
      }
    ],
    "nutritionUnitText": "Näringsvärde per 100 gram",
    "categories": {
      "mainCategory": "Glass, Godis & Snacks",
      "subCategories": [
        {
          "name": "Naturgodis, Nötter & Bars",
          "subSubCategories": [
            "Bars"
          ]
        }
      ]
    }
  },
  {
    "name": "Dippmix Ranch 24g OLW",
    "weightText": "0.024 kg",
    "caPart": "",
    "weightValue": 0.024,
    "weightUnit": "kg",
    "comparePrice": "456,25 kr/kg",
    "currentPrice": 10.95,
    "attributes": [],
    "imgUrl": "https://handlaprivatkund.ica.se/images-v3/bf7a00ca-390e-4769-865f-dc369586872e/79b42536-7516-4942-ba12-2e99f63cc5b3/500x500.jpg",
    "productInformation": "God och krämig dipp med smak av ranch. OLWs Dippmix Ranch är vår bästsäljande dippmix med fräsch smak av tomat och lök. Perfekt dipp till chips men passar också utmärkt som salladsdressing eller som kall sås till nygrillade grönsaker. Fredagsmyset, festen eller middagen blir ännu bättre med en riktigt god OLW-dipp.",
    "countryText": "",
    "companyText": "Olw",
    "ingrediensText": "Socker, vasslepulver (från MJÖLK), modifierad stärkelse, salt, MJÖLKPULVER, lök, tomat, GRÄDDPULVER, OSTPULVER, druvsocker, krydda, jästextrakt, persilja, surhetsreglerande medel (äppelsyra, mjölksyra, citronsyra), kryddextrakt (paprika), arom (innehåller MJÖLK).",
    "storage": "",
    "allergens": "Innehåller Mjölk",
    "usage": "",
    "nutrition": [
      {
        "Näringsvärde": "Energi (kcal)",
        "100 Gram": "340 kcal"
      },
      {
        "Näringsvärde": "Energi (kJ)",
        "100 Gram": "1450 kJ"
      },
      {
        "Näringsvärde": "Fett",
        "100 Gram": "6.1 g"
      },
      {
        "Näringsvärde": "Varav mättat fett",
        "100 Gram": "3.7 g"
      },
      {
        "Näringsvärde": "Kolhydrat",
        "100 Gram": "61 g"
      },
      {
        "Näringsvärde": "Varav sockerarter",
        "100 Gram": "40 g"
      },
      {
        "Näringsvärde": "Protein",
        "100 Gram": "8.9 g"
      },
      {
        "Näringsvärde": "Salt",
        "100 Gram": "15.3 g"
      }
    ],
    "nutritionUnitText": "Näringsvärde per 100 gram",
    "categories": {
      "mainCategory": "Glass, Godis & Snacks",
      "subCategories": [
        {
          "name": "Chips & snacks",
          "subSubCategories": [
            "Dipp"
          ]
        }
      ]
    }
  },
  {
    "name": "Goody Banan Toffee 90g Bubs Godis",
    "weightText": "0.09 kg",
    "caPart": "",
    "weightValue": 0.09,
    "weightUnit": "kg",
    "comparePrice": "138,89 kr/kg",
    "currentPrice": 12.5,
    "attributes": [
      "Rättvisemärkt"
    ],
    "imgUrl": "https://handlaprivatkund.ica.se/images-v3/bf7a00ca-390e-4769-865f-dc369586872e/9d5bb865-ea10-4afe-97bc-eafa4de98867/500x500.jpg",
    "productInformation": "",
    "countryText": "",
    "companyText": "Bubs",
    "ingrediensText": "Glukos-fruktossirap, socker, majsstärkelse, vatten, surhetsreglerande medel (äppelsyra, natriumcitrat), potatisprotein, aromämnen, färgämnen: (E150d, E100), kokosolja, ytbehandlingsmedel (karnaubavax).",
    "storage": "",
    "allergens": "",
    "usage": "",
    "nutrition": [
      {
        "Näringsvärde": "Energi (kcal)",
        "100 Gram": "350 kcal"
      },
      {
        "Näringsvärde": "Energi (kJ)",
        "100 Gram": "1464 kJ"
      },
      {
        "Näringsvärde": "Fett",
        "100 Gram": "0.2 g"
      },
      {
        "Näringsvärde": "Varav mättat fett",
        "100 Gram": "0.2 g"
      },
      {
        "Näringsvärde": "Kolhydrat",
        "100 Gram": "86 g"
      },
      {
        "Näringsvärde": "Varav sockerarter",
        "100 Gram": "59 g"
      },
      {
        "Näringsvärde": "Protein",
        "100 Gram": "0.4 g"
      },
      {
        "Näringsvärde": "Salt",
        "100 Gram": "0.1 g"
      }
    ],
    "nutritionUnitText": "Näringsvärde per 100 gram",
    "categories": {
      "mainCategory": "Glass, Godis & Snacks",
      "subCategories": [
        {
          "name": "Godis",
          "subSubCategories": [
            "Godispåsar"
          ]
        }
      ]
    }
  },
  {
    "name": "Vickningschips 275g Estrella",
    "weightText": "0.275 kg",
    "caPart": "",
    "weightValue": 0.275,
    "weightUnit": "kg",
    "comparePrice": "114,55 kr/kg",
    "currentPrice": 31.5,
    "attributes": [],
    "imgUrl": "https://handlaprivatkund.ica.se/images-v3/bf7a00ca-390e-4769-865f-dc369586872e/f128d806-34b5-44c8-a630-ffc20fd4c762/500x500.jpg",
    "productInformation": "Estrella Vickningschips (eller heter det Vikingchips) är krispiga grovräfflade chips med lätt sälta och robust crisp, som tillsammans med räfflingen blir perfekta att dippa – ett riktigt dippchips! Tillverkade i Göteborg med naturliga råvaror och fantastisk smak. Bara fin potatis, god olja och salt. Krispig helg med snacks från Estrella!",
    "countryText": "",
    "companyText": "Estrella",
    "ingrediensText": "Potatis, solros-/rapsolja, salt. Kan innehålla spår av MJÖLK.",
    "storage": "",
    "allergens": "Kan innehålla spår av Mjölk.",
    "usage": "",
    "nutrition": [
      {
        "Näringsvärde": "Energi (kcal)",
        "100 Gram": "525 kcal"
      },
      {
        "Näringsvärde": "Energi (kJ)",
        "100 Gram": "2187 kJ"
      },
      {
        "Näringsvärde": "Fett",
        "100 Gram": "34.5 g"
      },
      {
        "Näringsvärde": "Varav mättat fett",
        "100 Gram": "2.7 g"
      },
      {
        "Näringsvärde": "Kolhydrat",
        "100 Gram": "45 g"
      },
      {
        "Näringsvärde": "Varav sockerarter",
        "100 Gram": "0.5 g"
      },
      {
        "Näringsvärde": "Fiber",
        "100 Gram": "5.3 g"
      },
      {
        "Näringsvärde": "Protein",
        "100 Gram": "5.6 g"
      },
      {
        "Näringsvärde": "Salt",
        "100 Gram": "1.3 g"
      }
    ],
    "nutritionUnitText": "Näringsvärde per 100 gram",
    "categories": {
      "mainCategory": "Glass, Godis & Snacks",
      "subCategories": [
        {
          "name": "Chips & snacks",
          "subSubCategories": [
            "Chips"
          ]
        }
      ]
    }
  },
  {
    "name": "Chokladkaka EXCELLENCE Havssalt Mörk Choklad 100g Lindt",
    "weightText": "0.1 kg",
    "caPart": "",
    "weightValue": 0.1,
    "weightUnit": "kg",
    "comparePrice": "409,50 kr/kg",
    "currentPrice": 40.95,
    "attributes": [],
    "imgUrl": "https://handlaprivatkund.ica.se/images-v3/bf7a00ca-390e-4769-865f-dc369586872e/8dde1d6c-ef7d-4c5d-a58a-24d9e9bc1dde/500x500.jpg",
    "productInformation": "Lindt EXCELLENCE Sea Salt är en chokladkaka av mörk choklad, tunn och intensiv med de finaste ingredienser skapad av Lindts Chokladmästare. Den perfekta blandningen av len mörk choklad med hög kakaohalt i kombination med handskördade flingor av havssaltet Fleur de sel, en sann smaksensation för alla sinnen. Hållbart odlade kakaobönor genom Lindt & Sprüngli Farming Program - i samarbete med jordbrukarna och deras lokalsamhällen.",
    "countryText": "",
    "companyText": "Lindt",
    "ingrediensText": "socker, kakaomassa, kakaosmör, vattenfritt MJÖLKfett, emulgeringsmedel (SOJAlecitin), salt 0,3%. Kan innehålla HASSELNÖTTER, MANDLAR, andra NÖTTER, MJÖLK. Den mörka chokladen innehåller minst 47% kakao.",
    "storage": "",
    "allergens": "",
    "usage": "",
    "nutrition": [
      {
        "Näringsvärde": "Energi (kcal)",
        "100 Gram": "529 kcal"
      },
      {
        "Näringsvärde": "Energi (kJ)",
        "100 Gram": "2205 kJ"
      },
      {
        "Näringsvärde": "Fett",
        "100 Gram": "32 g"
      },
      {
        "Näringsvärde": "Varav mättat fett",
        "100 Gram": "20 g"
      },
      {
        "Näringsvärde": "Kolhydrat",
        "100 Gram": "50 g"
      },
      {
        "Näringsvärde": "Varav sockerarter",
        "100 Gram": "48 g"
      },
      {
        "Näringsvärde": "Protein",
        "100 Gram": "6.2 g"
      },
      {
        "Näringsvärde": "Salt",
        "100 Gram": "0.31 g"
      }
    ],
    "nutritionUnitText": "Näringsvärde per 100 gram",
    "categories": {
      "mainCategory": "Glass, Godis & Snacks",
      "subCategories": [
        {
          "name": "Choklad",
          "subSubCategories": [
            "Chokladkakor",
            "Mörk choklad"
          ]
        }
      ]
    }
  },
  {
    "name": "Chokladkaka Daim 160g Marabou",
    "weightText": "0.16 kg",
    "caPart": "",
    "weightValue": 0.16,
    "weightUnit": "kg",
    "comparePrice": "193,44 kr/kg",
    "currentPrice": 30.95,
    "attributes": [],
    "imgUrl": "https://handlaprivatkund.ica.se/images-v3/bf7a00ca-390e-4769-865f-dc369586872e/c73fee80-1327-4797-9ebc-41ec470756d4/500x500.jpg",
    "productInformation": "Marabou Daim är en Marabou Mjölkchokladkaka med krossade bitar av Daim som passar för alla tillfällen. Genom Cocoa Life, vårt program för en hållbar kakaoproduktion, bidrar Marabou till att kakao odlas på rätt sätt, för att skydda planeten och respektera mänskliga rättigheter i vår värdekedja. Läs mer om Cocoa Life här www.cocoalife.org.",
    "countryText": "",
    "companyText": "Marabou",
    "ingrediensText": "Ingredienser: Socker, kakaosmör, kakaomassa, palmolja, vasslepulver (MJÖLK), SKUMMJÖLKSPULVER, SMÖRFETT, vassleprodukt (MJÖLK), MANDEL (1 %), sockrad kondenserad SKUMMJÖLK, emulgeringsmedel (SOJALECITINER), salt, aromer. Minst 30 % kakao. KAN INNEHÅLLA ANDRA NÖTTER OCH VETE.",
    "storage": "",
    "allergens": "",
    "usage": "",
    "nutrition": [
      {
        "Näringsvärde": "Energi (kcal)",
        "100 Gram": "544 kcal"
      },
      {
        "Näringsvärde": "Energi (kJ)",
        "100 Gram": "2272 kJ"
      },
      {
        "Näringsvärde": "Fett",
        "100 Gram": "32 g"
      },
      {
        "Näringsvärde": "Varav mättat fett",
        "100 Gram": "18 g"
      },
      {
        "Näringsvärde": "Kolhydrat",
        "100 Gram": "60 g"
      },
      {
        "Näringsvärde": "Varav sockerarter",
        "100 Gram": "59 g"
      },
      {
        "Näringsvärde": "Fiber",
        "100 Gram": "1.6 g"
      },
      {
        "Näringsvärde": "Protein",
        "100 Gram": "3.8 g"
      },
      {
        "Näringsvärde": "Salt",
        "100 Gram": "0.49 g"
      }
    ],
    "nutritionUnitText": "Näringsvärde per 100 gram",
    "categories": {
      "mainCategory": "Glass, Godis & Snacks",
      "subCategories": [
        {
          "name": "Choklad",
          "subSubCategories": [
            "Chokladkakor"
          ]
        }
      ]
    }
  },
  {
    "name": "Godispåse Gott & Blandat Juicy Giants Fruktsmak 170g Malaco",
    "weightText": "0.17 kg",
    "caPart": "",
    "weightValue": 0.17,
    "weightUnit": "kg",
    "comparePrice": "126,47 kr/kg",
    "currentPrice": 21.5,
    "attributes": [],
    "imgUrl": "https://handlaprivatkund.ica.se/images-v3/bf7a00ca-390e-4769-865f-dc369586872e/8ec9f3c9-dfd0-41d2-b6f7-2fa795879d05/500x500.jpg",
    "productInformation": "Malaco Gott & Blandat Juicy Giants passar perfekt till dig som älskar sött och syrligt godis med fruktsmak. Påsens extra stora bitar ger en härligt saftig och syrlig godisupplevelse. Påsen innehåller 170g och passar perfekt att dela med vänner och familj. Vegansk, palmoljefri och utan artificiella färger. Malaco - Lördag hela veckan",
    "countryText": "",
    "companyText": "Malaco",
    "ingrediensText": "socker, glukossirap, stärkelse, glukos-fruktossirap, syror (citronsyra, vinsyra), naturliga aromer, koncentrat från (morot, svarta vinbär), färgämnen (paprikaextrakt, kurkumin, klorofyllinkopparkomplex).",
    "storage": "",
    "allergens": "",
    "usage": "",
    "nutrition": [
      {
        "Näringsvärde": "Energi (kcal)",
        "100 Gram": "360 kcal"
      },
      {
        "Näringsvärde": "Energi (kJ)",
        "100 Gram": "1524 kJ"
      },
      {
        "Näringsvärde": "Fett",
        "100 Gram": "0.1 g"
      },
      {
        "Näringsvärde": "Varav mättat fett",
        "100 Gram": "0 g"
      },
      {
        "Näringsvärde": "Kolhydrat",
        "100 Gram": "88 g"
      },
      {
        "Näringsvärde": "Varav sockerarter",
        "100 Gram": "70 g"
      },
      {
        "Näringsvärde": "Protein",
        "100 Gram": "0 g"
      },
      {
        "Näringsvärde": "Salt",
        "100 Gram": "0.03 g"
      }
    ],
    "nutritionUnitText": "Näringsvärde per 100 gram",
    "categories": {
      "mainCategory": "Glass, Godis & Snacks",
      "subCategories": [
        {
          "name": "Godis",
          "subSubCategories": [
            "Godispåsar"
          ]
        }
      ]
    }
  },
  {
    "name": "Gräddglass Choklad 500ml SIA Glass",
    "weightText": "0.5 l",
    "caPart": "",
    "weightValue": 0.5,
    "weightUnit": "l",
    "comparePrice": "33,90 kr/l",
    "currentPrice": 16.95,
    "attributes": [
      "Från Sverige",
      "Rainforest Alliance certifierad",
      "Ursprungsland Sverige"
    ],
    "imgUrl": "https://handlaprivatkund.ica.se/images-v3/bf7a00ca-390e-4769-865f-dc369586872e/2ebbfe3b-fd2e-4460-a735-77fbe7de230a/500x500.jpg",
    "productInformation": "Svensk krämig chokladgräddglass med kakaofyllning.SIA Glass är ett familjeföretag med hjärtat i halländska Slöinge. Det är med kärlek för hantverket och omtanke om djur och natur som vi tillverkar all vår gräddglass i Sverige. Alltid gjord på svensk färsk grädde.",
    "countryText": "Sverige",
    "companyText": "SIA Glass",
    "ingrediensText": "Ingredienser: SKUMMJÖLK*, GRÄDDE* (21%), socker*, glukossirap, rapsolja, druvsocker, kakao** (3,6%), SKUMMJÖLKSPULVER*, socker, emulgeringsmedel (mono- och diglycerider av veg fettsyror, solroslecitin), stabiliseringsmedel (fruktkärnmjöl, guarkärnmjöl), aromer. *Ursprung: Sverige. Grädde med 40% fetthalt. **Rainforest Alliance Certified. ra.org",
    "storage": "Lägsta förvaringstemperatur -25°C Högsta förvaringstemperatur -18°C",
    "allergens": "Innehåller Mjölk",
    "usage": "",
    "nutrition": [
      {
        "Näringsvärde": "Energi (kcal)",
        "100 Gram": "250 kcal"
      },
      {
        "Näringsvärde": "Energi (kJ)",
        "100 Gram": "1050 kJ"
      },
      {
        "Näringsvärde": "Fett",
        "100 Gram": "13 g"
      },
      {
        "Näringsvärde": "Varav mättat fett",
        "100 Gram": "6.3 g"
      },
      {
        "Näringsvärde": "Kolhydrat",
        "100 Gram": "27 g"
      },
      {
        "Näringsvärde": "Varav sockerarter",
        "100 Gram": "26 g"
      },
      {
        "Näringsvärde": "Varav polyoler",
        "100 Gram": "0 g"
      },
      {
        "Näringsvärde": "Fiber",
        "100 Gram": "0 g"
      },
      {
        "Näringsvärde": "Protein",
        "100 Gram": "4.7 g"
      },
      {
        "Näringsvärde": "Salt",
        "100 Gram": "0.1 g"
      },
      {
        "Näringsvärde": "Vitamin B12",
        "100 Gram": "0 µg"
      },
      {
        "Näringsvärde": "Vitamin D",
        "100 Gram": "0 µg"
      },
      {
        "Näringsvärde": "Folsyra",
        "100 Gram": "0 µg"
      },
      {
        "Näringsvärde": "Selen",
        "100 Gram": "0 µg"
      }
    ],
    "nutritionUnitText": "Näringsvärde per 100 gram",
    "categories": {
      "mainCategory": "Glass, Godis & Snacks",
      "subCategories": [
        {
          "name": "Glass",
          "subSubCategories": [
            "Små Glasspaket"
          ]
        }
      ]
    }
  },
  {
    "name": "Noblesse Original crisp 150g Marabou",
    "weightText": "0.15 kg",
    "caPart": "",
    "weightValue": 0.15,
    "weightUnit": "kg",
    "comparePrice": "353,00 kr/kg",
    "currentPrice": 52.95,
    "attributes": [],
    "imgUrl": "https://handlaprivatkund.ica.se/images-v3/bf7a00ca-390e-4769-865f-dc369586872e/c7b38393-4dec-42f1-9438-214f3ae5a429/500x500.jpg",
    "productInformation": "Marabou Noblesse Original är lövtunna chokladdiskar av Marabou Mjölkchoklad och crisp som smälter i munnen och är förföriskt god. Noblesse passar utmärkt till en god kopp kaffe, att dekorera bakverken med eller att ge bort till någon du tycker om. Genom Cocoa Life, vårt program för en hållbar kakaoproduktion, bidrar Marabou till att kakao odlas på rätt sätt, för att skydda planeten och respektera mänskliga rättigheter i vår värdekedja. Läs mer om Cocoa Life här www.cocoalife.org.",
    "countryText": "",
    "companyText": "Marabou",
    "ingrediensText": "Ingredienser: Socker, kakaosmör, kakaomassa, SKUMMJÖLKSPULVER, SMÖRFETT, vasslepulver (MJÖLK), rostade majsflingor (majs, salt, socker), vassleprodukt (MJÖLK), emulgeringsmedel (SOJALECITINER), aromer. Minst 38 % kakao. KAN INNEHÅLLA NÖTTER.",
    "storage": "Lägsta förvaringstemperatur 10°C Högsta förvaringstemperatur 20°C",
    "allergens": "",
    "usage": "",
    "nutrition": [
      {
        "Näringsvärde": "Energi (kcal)",
        "100 Gram": "559 kcal"
      },
      {
        "Näringsvärde": "Energi (kJ)",
        "100 Gram": "2333 kJ"
      },
      {
        "Näringsvärde": "Fett",
        "100 Gram": "35 g"
      },
      {
        "Näringsvärde": "Varav mättat fett",
        "100 Gram": "21 g"
      },
      {
        "Näringsvärde": "Kolhydrat",
        "100 Gram": "55 g"
      },
      {
        "Näringsvärde": "Varav sockerarter",
        "100 Gram": "50 g"
      },
      {
        "Näringsvärde": "Fiber",
        "100 Gram": "2.3 g"
      },
      {
        "Näringsvärde": "Protein",
        "100 Gram": "4.7 g"
      },
      {
        "Näringsvärde": "Salt",
        "100 Gram": "0.35 g"
      }
    ],
    "nutritionUnitText": "Näringsvärde per 100 gram",
    "categories": {
      "mainCategory": "Glass, Godis & Snacks",
      "subCategories": [
        {
          "name": "Choklad",
          "subSubCategories": [
            "Praliner & presentaskar"
          ]
        }
      ]
    }
  },
  {
    "name": "Mörk choklad Toffee 150g Riesen",
    "weightText": "0.15 kg",
    "caPart": "",
    "weightValue": 0.15,
    "weightUnit": "kg",
    "comparePrice": "146,33 kr/kg",
    "currentPrice": 21.95,
    "attributes": [],
    "imgUrl": "https://handlaprivatkund.ica.se/images-v3/bf7a00ca-390e-4769-865f-dc369586872e/df48a74a-a654-4650-b6ca-230fe1194333/500x500.jpg",
    "productInformation": "Information från leverantör \n Påse med chokladkola täckt med mörk Gavoa-choklad. Passar till kaffet eller när du är sugen på något sött.",
    "countryText": "",
    "companyText": "Riesen",
    "ingrediensText": "Ingredienser: Glukossirap, socker, kondenserad VASSLE (från MJÖLK), kakaomassa* (10 %), palmfett, kondenserad SKUMMJÖLK, kakao, fuktighetsbevarande medel: sorbitolsirap, kakaosmör, SMÖRFETT, VASSLEPULVER (från MJÖLK), modifierad stärkelse, emulgeringsmedel: lecitiner (SOJA), vaniljextrakt. *gjord av Gavoa kakaoblandning Kan även innehålla delar av JORDNÖT SAMT HASSELNÖT, MANDEL och andra NÖTTER.",
    "storage": "",
    "allergens": "Kan innehålla spår av Nötter, Jordnötter.",
    "usage": "",
    "nutrition": [
      {
        "Näringsvärde": "Energi (kcal)",
        "100 Gram": "448 kcal"
      },
      {
        "Näringsvärde": "Energi (kJ)",
        "100 Gram": "1877 kJ"
      },
      {
        "Näringsvärde": "Fett",
        "100 Gram": "18.1 g"
      },
      {
        "Näringsvärde": "Varav mättat fett",
        "100 Gram": "10.7 g"
      },
      {
        "Näringsvärde": "Kolhydrat",
        "100 Gram": "66.6 g"
      },
      {
        "Näringsvärde": "Varav sockerarter",
        "100 Gram": "44.7 g"
      },
      {
        "Näringsvärde": "Protein",
        "100 Gram": "3.8 g"
      },
      {
        "Näringsvärde": "Salt",
        "100 Gram": "0.14 g"
      }
    ],
    "nutritionUnitText": "Näringsvärde per 100 gram",
    "categories": {
      "mainCategory": "Jul",
      "subCategories": [
        {
          "name": "Julgodis & Chokladaskar",
          "subSubCategories": [
            "Julgodis"
          ]
        }
      ]
    }
  },
  {
    "name": "Nötmix Honung & Salt 175g Estrella",
    "weightText": "0.175 kg",
    "caPart": "",
    "weightValue": 0.175,
    "weightUnit": "kg",
    "comparePrice": "185,71 kr/kg",
    "currentPrice": 32.5,
    "attributes": [],
    "imgUrl": "https://handlaprivatkund.ica.se/images-v3/bf7a00ca-390e-4769-865f-dc369586872e/85fd1f78-c289-49e5-8484-c62b25dfc1fb/500x500.jpg",
    "productInformation": "Estrella Nötmix Honung & Salt Cashew är en krispig och knaprigt nötmix med perfekt balans mellan sött och salt. Sveriges mest populära nötmix. Lika delar jordnötter och cashewnötter kanderas för en karamelliserad yta och ljuvlig smak av honung. Sedan toppas nötterna med fint salt som bryter av mot det söta. Resultatet? En härligt krispig och nötig smakkombination av sött och salt. Perfekt att ställa fram när festligheterna börjar.",
    "countryText": "",
    "companyText": "Estrella",
    "ingrediensText": "CASHEWNÖTTER (32%), JORDNÖTTER (32%), socker, honung (2%), solrosolja, geleringsmedel (gummi arabicum), salt, sheafett. Produkten kan innehålla andra NÖTTER.",
    "storage": "",
    "allergens": "",
    "usage": "",
    "nutrition": [
      {
        "Näringsvärde": "Energi (kcal)",
        "100 Gram": "530 kcal"
      },
      {
        "Näringsvärde": "Energi (kJ)",
        "100 Gram": "2210 kJ"
      },
      {
        "Näringsvärde": "Fett",
        "100 Gram": "32 g"
      },
      {
        "Näringsvärde": "Varav mättat fett",
        "100 Gram": "5.6 g"
      },
      {
        "Näringsvärde": "Kolhydrat",
        "100 Gram": "43 g"
      },
      {
        "Näringsvärde": "Varav sockerarter",
        "100 Gram": "35 g"
      },
      {
        "Näringsvärde": "Fiber",
        "100 Gram": "4 g"
      },
      {
        "Näringsvärde": "Protein",
        "100 Gram": "14.6 g"
      },
      {
        "Näringsvärde": "Salt",
        "100 Gram": "1.1 g"
      }
    ],
    "nutritionUnitText": "Näringsvärde per 100 gram",
    "categories": {
      "mainCategory": "Glass, Godis & Snacks",
      "subCategories": [
        {
          "name": "Chips & snacks",
          "subSubCategories": [
            "Salta nötter",
            "Nöt & fruktmix"
          ]
        }
      ]
    }
  },
  {
    "name": "Valnötter 300g ICA Gott Liv",
    "weightText": "0.3 kg",
    "caPart": "",
    "weightValue": 0.3,
    "weightUnit": "kg",
    "comparePrice": "209,83 kr/kg",
    "currentPrice": 62.95,
    "attributes": [
      "Nyckelhålet"
    ],
    "imgUrl": "https://handlaprivatkund.ica.se/images-v3/bf7a00ca-390e-4769-865f-dc369586872e/1c28fe50-8e48-4c14-94c8-e430c2d35e55/500x500.jpg",
    "productInformation": "ICA Gott Liv Valnötter är en mångsidig nöt, redo att ätas som snacks, använda till bak eller toppa en gräddig gorgonzolasås.",
    "countryText": "",
    "companyText": "ICA Gott Liv",
    "ingrediensText": "VALNÖTTER*. Kan innehålla spår av jordnötter, mandel, paranötter, cashewnötter, hasselnötter, makadamianötter, pecannötter och pistagenötter. *Odlade i USA.",
    "storage": "Förvaras torrt och svalt. Förslut öppnad påse väl. Lägsta förvaringstemperatur 0°C Högsta förvaringstemperatur 25°C",
    "allergens": "",
    "usage": "",
    "nutrition": [
      {
        "Näringsvärde": "Energi (kcal)",
        "100 Gram": "696 kcal"
      },
      {
        "Näringsvärde": "Energi (kJ)",
        "100 Gram": "2875 kJ"
      },
      {
        "Näringsvärde": "Fett",
        "100 Gram": "67 g"
      },
      {
        "Näringsvärde": "Varav mättat fett",
        "100 Gram": "6.9 g"
      },
      {
        "Näringsvärde": "Kolhydrat",
        "100 Gram": "3.2 g"
      },
      {
        "Näringsvärde": "Varav sockerarter",
        "100 Gram": "2.3 g"
      },
      {
        "Näringsvärde": "Fiber",
        "100 Gram": "6.4 g"
      },
      {
        "Näringsvärde": "Protein",
        "100 Gram": "16 g"
      },
      {
        "Näringsvärde": "Salt",
        "100 Gram": "0.05 g"
      },
      {
        "Näringsvärde": "Fosfor",
        "100 Gram": "386 mg",
        "% av DRI(*)": "55"
      },
      {
        "Näringsvärde": "Magnesium",
        "100 Gram": "151 mg",
        "% av DRI(*)": "40"
      }
    ],
    "nutritionUnitText": "Näringsvärde per 100 gram",
    "categories": {
      "mainCategory": "Glass, Godis & Snacks",
      "subCategories": [
        {
          "name": "Naturgodis, Nötter & Bars",
          "subSubCategories": [
            "Naturella nötter",
            "Valnötter"
          ]
        }
      ]
    }
  },
  {
    "name": "Godis Saltlaktris 130g Ahlgrens Bilar",
    "weightText": "0.13 kg",
    "caPart": "",
    "weightValue": 0.13,
    "weightUnit": "kg",
    "comparePrice": "145,77 kr/kg",
    "currentPrice": 18.95,
    "attributes": [],
    "imgUrl": "https://handlaprivatkund.ica.se/images-v3/bf7a00ca-390e-4769-865f-dc369586872e/062fb06c-9d40-4da7-b038-7e88c9750805/500x500.jpg",
    "productInformation": "Ahlgrens Bilar med smak av saltlakrits. Smågodis att ha hemma eller varför inte i bilen? Passar när du är sugen på något salt.",
    "countryText": "",
    "companyText": "Ahlgrens Bilar",
    "ingrediensText": "socker, glukossirap, stärkelse, gelatin, ammoniumklorid (=salmiak), invertsockersirap, lakritsextrakt, färgämnen (sockerkulör [ammoniak], vegetabiliskt kol), fullhärdat palmfett, salt, aromer.",
    "storage": "Förvaras torrt och i rumstemperatur.",
    "allergens": "",
    "usage": "",
    "nutrition": [
      {
        "Näringsvärde": "Energi (kcal)",
        "100 Gram": "358 kcal"
      },
      {
        "Näringsvärde": "Energi (kJ)",
        "100 Gram": "1474 kJ"
      },
      {
        "Näringsvärde": "Fett",
        "100 Gram": "0.2 g"
      },
      {
        "Näringsvärde": "Varav enkelomättat fett",
        "100 Gram": "0 g"
      },
      {
        "Näringsvärde": "Kolhydrat",
        "100 Gram": "83 g"
      },
      {
        "Näringsvärde": "Varav sockerarter",
        "100 Gram": "61 g"
      },
      {
        "Näringsvärde": "Protein",
        "100 Gram": "3.8 g"
      },
      {
        "Näringsvärde": "Salt",
        "100 Gram": "0.19 g"
      }
    ],
    "nutritionUnitText": "Näringsvärde per 100 gram",
    "categories": {
      "mainCategory": "Glass, Godis & Snacks",
      "subCategories": [
        {
          "name": "Godis",
          "subSubCategories": [
            "Godispåsar"
          ]
        }
      ]
    }
  },
  {
    "name": "Fransk Nougat Dubbel 46g Marabou",
    "weightText": "0.046 kg",
    "caPart": "",
    "weightValue": 0.046,
    "weightUnit": "kg",
    "comparePrice": "325,00 kr/kg",
    "currentPrice": 14.95,
    "attributes": [],
    "imgUrl": "https://handlaprivatkund.ica.se/images-v3/bf7a00ca-390e-4769-865f-dc369586872e/3b9b4c23-e5a5-4792-a81b-9b54f4b5ebc7/500x500.jpg",
    "productInformation": "Fransk nougat- Vår franska nougat är inte vilken nougat som helst. Med maräng, en släng av honung och nötter i härligt förförisk choklad finns det bara ett sätt att beskriva den – c’est bon!",
    "countryText": "",
    "companyText": "Marabou",
    "ingrediensText": "Ingredienser: Socker, glukossirap, kakaomassa, HASSELNÖTTER/-NØDDER, honung/honning, invertsocker, kakaosmør, SMÖRFETT/SMØROLIE, ÄGGVITA/ÆGGEHVIDE, emulgeringsmedel/emulgatorer (SOJALECITIN, E476), aromer, SKUMMJÖLKSPULVER. KAN INNEHÅLLA JORDNÖTTER/JORDNØDDER, ANDRA NÖTTER/ANDRE NØDDER OCH VETE/HVEDE.",
    "storage": "",
    "allergens": "",
    "usage": "",
    "nutrition": [
      {
        "Näringsvärde": "Energi (kcal)",
        "100 Gram": "445 kcal"
      },
      {
        "Näringsvärde": "Energi (kJ)",
        "100 Gram": "1875 kJ"
      },
      {
        "Näringsvärde": "Fett",
        "100 Gram": "14.5 g"
      },
      {
        "Näringsvärde": "Varav mättat fett",
        "100 Gram": "6.6 g"
      },
      {
        "Näringsvärde": "Kolhydrat",
        "100 Gram": "74 g"
      },
      {
        "Näringsvärde": "Varav sockerarter",
        "100 Gram": "72 g"
      },
      {
        "Näringsvärde": "Fiber",
        "100 Gram": "3.1 g"
      },
      {
        "Näringsvärde": "Protein",
        "100 Gram": "3 g"
      },
      {
        "Näringsvärde": "Salt",
        "100 Gram": "0.05 g"
      }
    ],
    "nutritionUnitText": "Näringsvärde per 100 gram",
    "categories": {
      "mainCategory": "Glass, Godis & Snacks",
      "subCategories": [
        {
          "name": "Choklad",
          "subSubCategories": [
            "Chokladstycksaker"
          ]
        }
      ]
    }
  },
  {
    "name": "Cashewnötter 400g ICA Basic",
    "weightText": "0.4 kg",
    "caPart": "",
    "weightValue": 0.4,
    "weightUnit": "kg",
    "comparePrice": "149,88 kr/kg",
    "currentPrice": 59.95,
    "attributes": [],
    "imgUrl": "https://handlaprivatkund.ica.se/images-v3/bf7a00ca-390e-4769-865f-dc369586872e/43bb407d-3925-4642-bd36-a54816f30d31/500x500.jpg",
    "productInformation": "ICA Basic Cahewnötter är rostade i solrosolja och lagom saltade. Perfekt enkelt snacks eller som ett tillbehör till mat.",
    "countryText": "",
    "companyText": "ICA Basic",
    "ingrediensText": "CASHEWNÖTTER* 94%, vegetabilisk olja(solrosolja), salt. Kan innehålla spår av jordnötter.*Odlat i Vietnam, Indien, Afrika.",
    "storage": "",
    "allergens": "Kan innehålla spår av Jordnötter, Mandel, Hasselnöt, Valnöt, Pekannöt, Paranöt, Pistaschmandel, Makadamianöt.",
    "usage": "",
    "nutrition": [
      {
        "Näringsvärde": "Energi (kcal)",
        "100 Gram": "611 kcal"
      },
      {
        "Näringsvärde": "Energi (kJ)",
        "100 Gram": "2534 kJ"
      },
      {
        "Näringsvärde": "Fett",
        "100 Gram": "49 g"
      },
      {
        "Näringsvärde": "Varav mättat fett",
        "100 Gram": "8.5 g"
      },
      {
        "Näringsvärde": "Kolhydrat",
        "100 Gram": "21 g"
      },
      {
        "Näringsvärde": "Varav sockerarter",
        "100 Gram": "5.4 g"
      },
      {
        "Näringsvärde": "Protein",
        "100 Gram": "19 g"
      },
      {
        "Näringsvärde": "Salt",
        "100 Gram": "0.8 g"
      }
    ],
    "nutritionUnitText": "Näringsvärde per 100 gram",
    "categories": {
      "mainCategory": "Glass, Godis & Snacks",
      "subCategories": [
        {
          "name": "Chips & snacks",
          "subSubCategories": [
            "Salta nötter",
            "Cashewnötter saltade"
          ]
        }
      ]
    }
  },
  {
    "name": "Chokladbar 50g Twix",
    "weightText": "0.05 kg",
    "caPart": "",
    "weightValue": 0.05,
    "weightUnit": "kg",
    "comparePrice": "270,00 kr/kg",
    "currentPrice": 13.5,
    "attributes": [],
    "imgUrl": "https://handlaprivatkund.ica.se/images-v3/bf7a00ca-390e-4769-865f-dc369586872e/84c30509-6d41-46dc-a53e-e3afe4000a30/500x500.jpg",
    "productInformation": "",
    "countryText": "",
    "companyText": "Twix",
    "ingrediensText": "Ingredienser: socker/sukker, glukossirap/glukosesirup, VETEMJÖL/HVETEMEL/HVEDEMEL, palmfett/palmefett/palmefedt, SKUMMJÖLKSPULVER/MELKEPULVER AV SKUMMETMELK/SKUMMETMÆLKSPULVER, kakaosmör/kakaosmør, kakaomassa/-masse, vassle-/myse-/vallepermeat (MJÖLK/MELK/MÆLK), MJÖLKFETT/MELKEFETT/MÆLKEFEDT, fettreducerat/fettredusert/fedt reduceret kakaopulver, salt, emulgeringsmedel/emulgator (SOJA-/SOYA-/SOJALECITIN), bakpulver/hevemiddel/hævemiddel (E500), aromämne/aroma/aromastof. (Kan innehålle/inneholde/indeholde: NÖTTER/NØTTER/NØDDER, andra/andre/andet spannmål/korn innehållande/inneholdende/indeholdende GLUTEN). Minimum/Mindst 25% kakao/kakaotørstof.",
    "storage": "Förvaras svalt och torrt/opbevare tørt og køligt.",
    "allergens": "",
    "usage": "",
    "nutrition": [
      {
        "Näringsvärde": "Energi (kcal)",
        "100 Gram": "493 kcal"
      },
      {
        "Näringsvärde": "Energi (kJ)",
        "100 Gram": "2065 kJ"
      },
      {
        "Näringsvärde": "Fett",
        "100 Gram": "24 g"
      },
      {
        "Näringsvärde": "Varav mättat fett",
        "100 Gram": "14 g"
      },
      {
        "Näringsvärde": "Kolhydrat",
        "100 Gram": "65 g"
      },
      {
        "Näringsvärde": "Varav sockerarter",
        "100 Gram": "48 g"
      },
      {
        "Näringsvärde": "Protein",
        "100 Gram": "4.6 g"
      },
      {
        "Näringsvärde": "Salt",
        "100 Gram": "0.39 g"
      }
    ],
    "nutritionUnitText": "Näringsvärde per 100 gram",
    "categories": {
      "mainCategory": "Glass, Godis & Snacks",
      "subCategories": [
        {
          "name": "Choklad",
          "subSubCategories": [
            "Chokladstycksaker"
          ]
        }
      ]
    }
  },
  {
    "name": "Godispåse Zoo 95g Malaco",
    "weightText": "0.095 kg",
    "caPart": "",
    "weightValue": 0.095,
    "weightUnit": "kg",
    "comparePrice": "142,11 kr/kg",
    "currentPrice": 13.5,
    "attributes": [],
    "imgUrl": "https://handlaprivatkund.ica.se/images-v3/bf7a00ca-390e-4769-865f-dc369586872e/fbbd32fa-7402-4a36-af68-ff223ee85c93/500x500.jpg",
    "productInformation": "Malaco Zoo är ett av Sveriges mest kända godisvarumärken med sin fruktiga smak. Både innehållet och påsens design med apan, giraffen och papegojan är sanna svenska klassiker i godishyllan. Godispåsen passar bra till kalaset eller i godisskålen. Godispåsen innehåller 95g. Fri från palmolja och utan artificiella färgämnen. Malaco - Lördag hela veckan.",
    "countryText": "",
    "companyText": "Malaco",
    "ingrediensText": "socker/sukker, glukossirap, gelatin, stärkelse/stivelse, syra (E270), vegetabiliska oljor (kokos, raps), arom, ytbehandlings-/overfladebehandlingsmiddel (karnaubavax/voks), färgämnen/farvestoffer (E120, E160a).",
    "storage": "",
    "allergens": "",
    "usage": "",
    "nutrition": [
      {
        "Näringsvärde": "Energi (kcal)",
        "100 Gram": "358 kcal"
      },
      {
        "Näringsvärde": "Energi (kJ)",
        "100 Gram": "1522 kJ"
      },
      {
        "Näringsvärde": "Fett",
        "100 Gram": "0.3 g"
      },
      {
        "Näringsvärde": "Varav mättat fett",
        "100 Gram": "0.2 g"
      },
      {
        "Näringsvärde": "Kolhydrat",
        "100 Gram": "83 g"
      },
      {
        "Näringsvärde": "Varav sockerarter",
        "100 Gram": "57 g"
      },
      {
        "Näringsvärde": "Fiber",
        "100 Gram": "0.06 g"
      },
      {
        "Näringsvärde": "Protein",
        "100 Gram": "5.4 g"
      },
      {
        "Näringsvärde": "Salt",
        "100 Gram": "0.01 g"
      }
    ],
    "nutritionUnitText": "Näringsvärde per 100 gram",
    "categories": {
      "mainCategory": "Glass, Godis & Snacks",
      "subCategories": [
        {
          "name": "Godis",
          "subSubCategories": [
            "Godispåsar"
          ]
        }
      ]
    }
  },
  {
    "name": "Chokladbar 50g Snickers",
    "weightText": "0.05 kg",
    "caPart": "",
    "weightValue": 0.05,
    "weightUnit": "kg",
    "comparePrice": "270,00 kr/kg",
    "currentPrice": 13.5,
    "attributes": [],
    "imgUrl": "https://handlaprivatkund.ica.se/images-v3/bf7a00ca-390e-4769-865f-dc369586872e/d46c6b2a-a44d-4086-b3d0-d4a4b28cedfd/500x500.jpg",
    "productInformation": "",
    "countryText": "",
    "companyText": "Snickers",
    "ingrediensText": "Ingredienser: socker/sukker, glukossirap/glukosesirup, JORDNÖTTER/PEANØTTER/JORDNØDDER, SKUMMJÖLKSPULVER/MELKEPULVER AV SKUMMETMELK/SKUMMETMÆLKSPULVER, kakaosmör/kakaosmør, kakaomassa/-masse, vassle-/myse-/vallepermeat (MJÖLK/MELK/MÆLK), solrosolja/solsikkeolje/solsikkeolie, MJÖLKFETT/MELKEFETT/MÆLKEFEDT, palmfett/palmefett/palmefedt, salt, emulgeringsmedel/emulgator (SOJA-/SOYA-/SOJALECITIN), ÄGGVITE-/EGGEHVITE-/ÆGGEHVIDEPULVER. (Kan innehålle/inneholde/indeholde: NÖTTER/NØTTER/NØDDER). Minimum/Mindst 25% kakao/kakaotørstof.",
    "storage": "Förvaras på en sval och torr plats/Oppbevares kjølig og tørt/Opbevares på et køligt, tørt sted",
    "allergens": "",
    "usage": "",
    "nutrition": [
      {
        "Näringsvärde": "Energi (kcal)",
        "100 Gram": "490 kcal"
      },
      {
        "Näringsvärde": "Energi (kJ)",
        "100 Gram": "2051 kJ"
      },
      {
        "Näringsvärde": "Fett",
        "100 Gram": "23 g"
      },
      {
        "Näringsvärde": "Varav mättat fett",
        "100 Gram": "7.6 g"
      },
      {
        "Näringsvärde": "Kolhydrat",
        "100 Gram": "60 g"
      },
      {
        "Näringsvärde": "Varav sockerarter",
        "100 Gram": "51 g"
      },
      {
        "Näringsvärde": "Protein",
        "100 Gram": "8.7 g"
      },
      {
        "Näringsvärde": "Salt",
        "100 Gram": "0.52 g"
      }
    ],
    "nutritionUnitText": "Näringsvärde per 100 gram",
    "categories": {
      "mainCategory": "Glass, Godis & Snacks",
      "subCategories": [
        {
          "name": "Choklad",
          "subSubCategories": [
            "Chokladstycksaker"
          ]
        }
      ]
    }
  },
  {
    "name": "Gräddglass Vanilj 500ml SIA Glass",
    "weightText": "0.5 l",
    "caPart": "",
    "weightValue": 0.5,
    "weightUnit": "l",
    "comparePrice": "33,90 kr/l",
    "currentPrice": 16.95,
    "attributes": [
      "Från Sverige",
      "Ursprungsland Sverige"
    ],
    "imgUrl": "https://handlaprivatkund.ica.se/images-v3/bf7a00ca-390e-4769-865f-dc369586872e/d2c326b3-fc68-41ee-aa67-bd2edc1d1062/500x500.jpg",
    "productInformation": "Svensk krämig gräddglass med äkta vaniljstång.SIA Glass är ett familjeföretag med hjärtat i halländska Slöinge. Det är med kärlek för hantverket och omtanke om djur och natur som vi tillverkar all vår gräddglass i Sverige. Alltid gjord på svensk färsk grädde.",
    "countryText": "Sverige",
    "companyText": "SIA Glass",
    "ingrediensText": "Ingredienser: SKUMMJÖLK*, GRÄDDE* (25%), socker*, glukossirap, SKUMMJÖLKSPULVER*, druvsocker, vaniljarom, vaniljfrön, emulgeringsmedel (mono- och diglycerider av veg fettsyror), stabiliseringsmedel (fruktkärnmjöl, guarkärnmjöl). *Ursprung: Sverige. Vaniljarom och vaniljfrön är inte från Sverige. Grädde med 40% fetthalt.",
    "storage": "Lägsta förvaringstemperatur -25°C Högsta förvaringstemperatur -18°C",
    "allergens": "Innehåller Mjölk",
    "usage": "",
    "nutrition": [
      {
        "Näringsvärde": "Energi (kcal)",
        "100 Gram": "210 kcal"
      },
      {
        "Näringsvärde": "Energi (kJ)",
        "100 Gram": "850 kJ"
      },
      {
        "Näringsvärde": "Fett",
        "100 Gram": "10 g"
      },
      {
        "Näringsvärde": "Varav mättat fett",
        "100 Gram": "6.8 g"
      },
      {
        "Näringsvärde": "Kolhydrat",
        "100 Gram": "23 g"
      },
      {
        "Näringsvärde": "Varav sockerarter",
        "100 Gram": "22 g"
      },
      {
        "Näringsvärde": "Varav polyoler",
        "100 Gram": "0.5 g"
      },
      {
        "Näringsvärde": "Fiber",
        "100 Gram": "0.5 g"
      },
      {
        "Näringsvärde": "Protein",
        "100 Gram": "3.8 g"
      },
      {
        "Näringsvärde": "Salt",
        "100 Gram": "0.1 g"
      },
      {
        "Näringsvärde": "Vitamin B12",
        "100 Gram": "0 µg"
      },
      {
        "Näringsvärde": "Vitamin D",
        "100 Gram": "0 µg"
      },
      {
        "Näringsvärde": "Folsyra",
        "100 Gram": "0 µg"
      },
      {
        "Näringsvärde": "Selen",
        "100 Gram": "0 µg"
      }
    ],
    "nutritionUnitText": "Näringsvärde per 100 gram",
    "categories": {
      "mainCategory": "Glass, Godis & Snacks",
      "subCategories": [
        {
          "name": "Glass",
          "subSubCategories": [
            "Små Glasspaket"
          ]
        }
      ]
    }
  },
  {
    "name": "Müslibar BIG White Chocolate 40g Corny",
    "weightText": "0.04 kg",
    "caPart": "",
    "weightValue": 0.04,
    "weightUnit": "kg",
    "comparePrice": "262,50 kr/kg",
    "currentPrice": 10.5,
    "attributes": [
      "Rainforest Alliance certifierad"
    ],
    "imgUrl": "https://handlaprivatkund.ica.se/images-v3/bf7a00ca-390e-4769-865f-dc369586872e/944d32f7-48ec-45f7-ba50-9ef6f724b2f1/500x500.jpg",
    "productInformation": "Corny Müslibar är ett nyttigare mellanmålsalternativ i barformat, lätt att ta med sig på utflykten. Perfekt före, under och efter träningspasset. Lätt att stoppa i fickan och ha med sig under fritidsaktiviteterna.",
    "countryText": "",
    "companyText": "Corny",
    "ingrediensText": "Ingredienser: Spannmålsflingor (VETEmjöl, socker, majsmjöl, rismjöl, KORNmaltsextrakt, salt, karamelliserad sockersirap), vit choklad 20% (socker, kakaosmör*, helMJÖLKspulver, emulgeringsmedel (E476, E442), vanillin), glukossirap, glukos-fruktossirap, fullkornsflingor (VETE 5%, HAVRE 4%, KORN 1,3%), majsflingor (majs, salt, KORNmaltsextrakt), kokosolja, rostade JORDNÖTTER, naturlig arom, salt, emulgeringsmedel (lecitin), naturlig bourbonvaniljarom (innehåller MJÖLK). Kan innehålla spår av NÖTTER.",
    "storage": "Förvaras torrt och svalt, skyddad från värme. Lägsta förvaringstemperatur 10°C Högsta förvaringstemperatur 25°C",
    "allergens": "Innehåller Spannmål som innehåller gluten Innehåller Mjölk Innehåller Jordnötter Kan innehålla Nötter (eng: tree nuts)",
    "usage": "",
    "nutrition": [
      {
        "Näringsvärde": "Energi (kcal)",
        "100 Gram": "432 kcal"
      },
      {
        "Näringsvärde": "Energi (kJ)",
        "100 Gram": "1816 kJ"
      },
      {
        "Näringsvärde": "Fett",
        "100 Gram": "14 g"
      },
      {
        "Näringsvärde": "Varav mättat fett",
        "100 Gram": "8.5 g"
      },
      {
        "Näringsvärde": "Kolhydrat",
        "100 Gram": "70 g"
      },
      {
        "Näringsvärde": "Varav sockerarter",
        "100 Gram": "31 g"
      },
      {
        "Näringsvärde": "Fiber",
        "100 Gram": "2.3 g"
      },
      {
        "Näringsvärde": "Protein",
        "100 Gram": "5.8 g"
      },
      {
        "Näringsvärde": "Salt",
        "100 Gram": "0.69 g"
      }
    ],
    "nutritionUnitText": "Näringsvärde per 100 gram",
    "categories": {
      "mainCategory": "Glass, Godis & Snacks",
      "subCategories": [
        {
          "name": "Naturgodis, Nötter & Bars",
          "subSubCategories": [
            "Bars"
          ]
        }
      ]
    }
  },
  {
    "name": "Godis Kalaspatrullen 135g Malaco",
    "weightText": "0.135 kg",
    "caPart": "",
    "weightValue": 0.135,
    "weightUnit": "kg",
    "comparePrice": "140,37 kr/kg",
    "currentPrice": 18.95,
    "attributes": [],
    "imgUrl": "https://handlaprivatkund.ica.se/images-v3/bf7a00ca-390e-4769-865f-dc369586872e/02c6bb20-ac5a-42fd-a3f3-fa0fc116cd5c/500x500.jpg",
    "productInformation": "Kalaspatrullen rycker ut och räddar barnkalaset! Kalaspåsen innehåller en mix av våra mest älskade barnprodukter. Här hittar du godis som tablettaskarna Fruxo och Zoo, en Fruxo klubba, en Ahlgrens bilar påse samt en minipåse med Gott & Blandat. Arrangera en fiskdamm eller låt barnen leta efter gömda påsar på kalaset. Det kommer garanterat att bli en succé!",
    "countryText": "",
    "companyText": "Malaco",
    "ingrediensText": "socker, glukossirap, stärkelse, glukos-fruktossirap, gelatin, VETEMJÖL, modifierad stärkelse, syror (E270, E330), invertsockersirap, ammoniumklorid (=salmiak), melass, aromer, lakritsextrakt, vegetabiliska oljor (kokos, raps), fuktighetsbevarande medel (sorbitoler, glycerol), surhetsreglerande medel (citronsyra), stabiliseringsmedel (E471), salt, färgämnen (E153, E120, E100, E160a, E141), ytbehandlingsmedel (karnaubavax, bivax), extrakt från (safflor), koncentrat från (spirulina), kokosfett.",
    "storage": "Förvaras torrt och svalt",
    "allergens": "",
    "usage": "",
    "nutrition": [
      {
        "Näringsvärde": "Energi (kcal)",
        "100 Gram": "359 kcal"
      },
      {
        "Näringsvärde": "Energi (kJ)",
        "100 Gram": "1514 kJ"
      },
      {
        "Näringsvärde": "Fett",
        "100 Gram": "0.3 g"
      },
      {
        "Näringsvärde": "Varav mättat fett",
        "100 Gram": "0.2 g"
      },
      {
        "Näringsvärde": "Kolhydrat",
        "100 Gram": "86 g"
      },
      {
        "Näringsvärde": "Varav sockerarter",
        "100 Gram": "66 g"
      },
      {
        "Näringsvärde": "Protein",
        "100 Gram": "2.6 g"
      },
      {
        "Näringsvärde": "Salt",
        "100 Gram": "0.06 g"
      }
    ],
    "nutritionUnitText": "Näringsvärde per 100 gram",
    "categories": {
      "mainCategory": "Glass, Godis & Snacks",
      "subCategories": [
        {
          "name": "Godis",
          "subSubCategories": [
            "Godispåsar"
          ]
        }
      ]
    }
  },
  {
    "name": "Godis Gott & Blandat Super sur 170g Malaco",
    "weightText": "0.17 kg",
    "caPart": "",
    "weightValue": 0.17,
    "weightUnit": "kg",
    "comparePrice": "126,47 kr/kg",
    "currentPrice": 21.5,
    "attributes": [],
    "imgUrl": "https://handlaprivatkund.ica.se/images-v3/bf7a00ca-390e-4769-865f-dc369586872e/468cfdd2-b580-4f21-b1f7-1681b5db6b8e/500x500.jpg",
    "productInformation": "Konsumenterna efterfrågade en påse med riktigt surt godis. Då skapade Malaco en superduper-sur Gott & Blandat. Innehållet består av olika godisbitar för den som verkligen vill ha en sur upplevelse. I påsen finns både mjuka och sega vingummibitar. Gott & Blandat Supersur är ingen godispåse för veklingar.",
    "countryText": "",
    "companyText": "Malaco",
    "ingrediensText": "glukossirap, socker, stärkelse, modifierad stärkelse, gelatin, syror (E270, E296, E330), surhetsreglerande medel (natriummalater, natriumkarbonat), aromer, fullhärdad solrosolja , karamelliserat socker, koncentrat från (svart morot, morot, svarta vinbär, spirulina, safflor), färgämnen (E120, E160c, E133, E100).",
    "storage": "Förvaras torrt och i rumstemperatur. Lägsta förvaringstemperatur 5°C Högsta förvaringstemperatur 30°C",
    "allergens": "Kan innehålla Mjölk",
    "usage": "",
    "nutrition": [
      {
        "Näringsvärde": "Energi (kcal)",
        "100 Gram": "360 kcal"
      },
      {
        "Näringsvärde": "Energi (kJ)",
        "100 Gram": "1523 kJ"
      },
      {
        "Näringsvärde": "Fett",
        "100 Gram": "0.1 g"
      },
      {
        "Näringsvärde": "Varav mättat fett",
        "100 Gram": "0.1 g"
      },
      {
        "Näringsvärde": "Kolhydrat",
        "100 Gram": "86 g"
      },
      {
        "Näringsvärde": "Varav sockerarter",
        "100 Gram": "57 g"
      },
      {
        "Näringsvärde": "Protein",
        "100 Gram": "3.1 g"
      },
      {
        "Näringsvärde": "Salt",
        "100 Gram": "0.52 g"
      }
    ],
    "nutritionUnitText": "Näringsvärde per 100 gram",
    "categories": {
      "mainCategory": "Glass, Godis & Snacks",
      "subCategories": [
        {
          "name": "Godis",
          "subSubCategories": [
            "Godispåsar"
          ]
        }
      ]
    }
  },
  {
    "name": "Grillchips 275g OLW",
    "weightText": "0.275 kg",
    "caPart": "",
    "weightValue": 0.275,
    "weightUnit": "kg",
    "comparePrice": "114,55 kr/kg",
    "currentPrice": 31.5,
    "attributes": [],
    "imgUrl": "https://handlaprivatkund.ica.se/images-v3/bf7a00ca-390e-4769-865f-dc369586872e/6c40ca25-8d72-4216-af2e-723e4f360639/500x500.jpg",
    "productInformation": "Riktigt goda chips gör fredagsmyset ännu bättre. På OLW använder vi oss av naturliga ingredienser och den allra finaste potatisen. Dessutom gör vi våra chips riktigt OLW-krispiga – allt för den goda smakens skull. OLW Grillchips är smaksatta med salt och lite lök för att få fram den där berömda grillsmaken.",
    "countryText": "",
    "companyText": "Olw",
    "ingrediensText": "Potatis, solrosolja, kryddblandning (maltodextrin, salt, lök, druvsocker, jästextrakt, naturlig arom).",
    "storage": "",
    "allergens": "",
    "usage": "",
    "nutrition": [
      {
        "Näringsvärde": "Energi (kcal)",
        "100 Gram": "530 kcal"
      },
      {
        "Näringsvärde": "Energi (kJ)",
        "100 Gram": "2200 kJ"
      },
      {
        "Näringsvärde": "Fett",
        "100 Gram": "33 g"
      },
      {
        "Näringsvärde": "Varav mättat fett",
        "100 Gram": "3.4 g"
      },
      {
        "Näringsvärde": "Kolhydrat",
        "100 Gram": "58 g"
      },
      {
        "Näringsvärde": "Varav sockerarter",
        "100 Gram": "1.7 g"
      },
      {
        "Näringsvärde": "Protein",
        "100 Gram": "5 g"
      },
      {
        "Näringsvärde": "Salt",
        "100 Gram": "1.4 g"
      }
    ],
    "nutritionUnitText": "Näringsvärde per 100 gram",
    "categories": {
      "mainCategory": "Glass, Godis & Snacks",
      "subCategories": [
        {
          "name": "Chips & snacks",
          "subSubCategories": [
            "Chips"
          ]
        }
      ]
    }
  },
  {
    "name": "Chips Dill 275g Estrella",
    "weightText": "0.275 kg",
    "caPart": "",
    "weightValue": 0.275,
    "weightUnit": "kg",
    "comparePrice": "114,55 kr/kg",
    "currentPrice": 31.5,
    "attributes": [],
    "imgUrl": "https://handlaprivatkund.ica.se/images-v3/bf7a00ca-390e-4769-865f-dc369586872e/6415622e-507d-4dd2-ba8c-bc585c713a9e/500x500.jpg",
    "productInformation": "Estrella Dillchips är krispiga grovräfflade chips med somrig smak av dill. Med äkta dill och vår finaste potatis är det lätt att förstå varför Estrellas Dillchips blivit en klassiker. Perfekta att dippa eller servera precis som de är. Direkt från chipsfabriken i Göteborg på naturliga ingredienser med fantastisk smak helt enkelt. Krispig helg med snacks från Estrella!",
    "countryText": "",
    "companyText": "Estrella",
    "ingrediensText": "Potatis, solros-/rapsolja, kryddblandning (salt, lökpulver, maltodextrin, druvsocker, jästpulver, dill, sött VASSLEpulver (från MJÖLK), gräslök, naturliga aromer).",
    "storage": "",
    "allergens": "",
    "usage": "",
    "nutrition": [
      {
        "Näringsvärde": "Energi (kcal)",
        "100 Gram": "517 kcal"
      },
      {
        "Näringsvärde": "Energi (kJ)",
        "100 Gram": "2154 kJ"
      },
      {
        "Näringsvärde": "Fett",
        "100 Gram": "33 g"
      },
      {
        "Näringsvärde": "Varav mättat fett",
        "100 Gram": "2.6 g"
      },
      {
        "Näringsvärde": "Kolhydrat",
        "100 Gram": "46 g"
      },
      {
        "Näringsvärde": "Varav sockerarter",
        "100 Gram": "2.2 g"
      },
      {
        "Näringsvärde": "Fiber",
        "100 Gram": "5.4 g"
      },
      {
        "Näringsvärde": "Protein",
        "100 Gram": "5.8 g"
      },
      {
        "Näringsvärde": "Salt",
        "100 Gram": "1.6 g"
      }
    ],
    "nutritionUnitText": "Näringsvärde per 100 gram",
    "categories": {
      "mainCategory": "Glass, Godis & Snacks",
      "subCategories": [
        {
          "name": "Chips & snacks",
          "subSubCategories": [
            "Chips"
          ]
        }
      ]
    }
  },
  {
    "name": "Kina Röd Snacks 160g Fazer",
    "weightText": "0.16 kg",
    "caPart": "",
    "weightValue": 0.16,
    "weightUnit": "kg",
    "comparePrice": "237,19 kr/kg",
    "currentPrice": 37.95,
    "attributes": [],
    "imgUrl": "https://handlaprivatkund.ica.se/images-v3/bf7a00ca-390e-4769-865f-dc369586872e/9113c3ed-c61d-443a-826e-55f80c770042/500x500.jpg",
    "productInformation": "Kina Röd Snacks är en riktig favorit hos många! Kina Röd är härligt crunchiga majspuffar doppade i choklad. Njut av puffarna precis som de är, själv eller dela en påse med vännerna! Alla Fazers chokladprodukter tillverkas av 100 % ansvarsfullt producerad kakao. Allt du behöver är en puff!",
    "countryText": "",
    "companyText": "Fazer",
    "ingrediensText": "Ingredienser: socker, kakaosmör, helMJÖLKSpulver/sødMÆLKSpulver/tørrMELK, vegetabiliskt fett (palm, shea), puffat majs, kakaomassa, skumMJÖLKSpulver/skummetMÆLKSpulver, vasslepulver (av MJÖLK)/vallepulver (fra MÆLK)/mysepulver (fra MELK), emulgeringsmedel (SOJAlecitin), salt, ytbehandlingsmedel (E904), naturlig arom. KAN INNEHÅLLA VETE/KAN INDEHOLDE HVEDE",
    "storage": "Lägsta förvaringstemperatur 16°C Högsta förvaringstemperatur 20°C",
    "allergens": "",
    "usage": "",
    "nutrition": [
      {
        "Näringsvärde": "Energi (kcal)",
        "100 Gram": "535 kcal"
      },
      {
        "Näringsvärde": "Energi (kJ)",
        "100 Gram": "2234 kJ"
      },
      {
        "Näringsvärde": "Fett",
        "100 Gram": "32 g"
      },
      {
        "Näringsvärde": "Varav mättat fett",
        "100 Gram": "20 g"
      },
      {
        "Näringsvärde": "Kolhydrat",
        "100 Gram": "57 g"
      },
      {
        "Näringsvärde": "Varav sockerarter",
        "100 Gram": "48 g"
      },
      {
        "Näringsvärde": "Protein",
        "100 Gram": "6.9 g"
      },
      {
        "Näringsvärde": "Salt",
        "100 Gram": "0.26 g"
      }
    ],
    "nutritionUnitText": "Näringsvärde per 100 gram",
    "categories": {
      "mainCategory": "Glass, Godis & Snacks",
      "subCategories": [
        {
          "name": "Godis",
          "subSubCategories": [
            "Godispåsar",
            "Chokladpåsar"
          ]
        }
      ]
    }
  },
  {
    "name": "Chokladkaka Helnöt 160g Marabou",
    "weightText": "0.16 kg",
    "caPart": "",
    "weightValue": 0.16,
    "weightUnit": "kg",
    "comparePrice": "193,44 kr/kg",
    "currentPrice": 30.95,
    "attributes": [],
    "imgUrl": "https://handlaprivatkund.ica.se/images-v3/bf7a00ca-390e-4769-865f-dc369586872e/12871f43-9816-4f82-83f5-1944fa294f3c/500x500.jpg",
    "productInformation": "Marabou Helnöt är en Marabou Mjölkchokladkaka med hela hasselnöter som passar för alla tillfällen. Genom Cocoa Life, vårt program för en hållbar kakaoproduktion, bidrar Marabou till att kakao odlas på rätt sätt, för att skydda planeten och respektera mänskliga rättigheter i vår värdekedja. Läs mer om Cocoa Life här www.cocoalife.org.",
    "countryText": "",
    "companyText": "Marabou",
    "ingrediensText": "Ingredienser: Socker, HASSELNÖTTER, kakaosmör, kakaomassa, vasslepulver (MJÖLK), SKUMMJÖLKSPULVER, SMÖRFETT, vassleprodukt (MJÖLK), emulgeringsmedel (SOJALECITINER), arom. Minst 30% kakao. KAN INNEHÅLLA ANDRA NÖTTER OCH VETE.",
    "storage": "",
    "allergens": "",
    "usage": "",
    "nutrition": [
      {
        "Näringsvärde": "Energi (kcal)",
        "100 Gram": "572 kcal"
      },
      {
        "Näringsvärde": "Energi (kJ)",
        "100 Gram": "2380 kJ"
      },
      {
        "Näringsvärde": "Fett",
        "100 Gram": "38 g"
      },
      {
        "Näringsvärde": "Varav mättat fett",
        "100 Gram": "16 g"
      },
      {
        "Näringsvärde": "Kolhydrat",
        "100 Gram": "49 g"
      },
      {
        "Näringsvärde": "Varav sockerarter",
        "100 Gram": "47 g"
      },
      {
        "Näringsvärde": "Fiber",
        "100 Gram": "3.5 g"
      },
      {
        "Näringsvärde": "Protein",
        "100 Gram": "6.7 g"
      },
      {
        "Näringsvärde": "Salt",
        "100 Gram": "0.21 g"
      }
    ],
    "nutritionUnitText": "Näringsvärde per 100 gram",
    "categories": {
      "mainCategory": "Glass, Godis & Snacks",
      "subCategories": [
        {
          "name": "Choklad",
          "subSubCategories": [
            "Chokladkakor"
          ]
        }
      ]
    }
  },
  {
    "name": "Plommon Torkade 500g ICA",
    "weightText": "0.5 kg",
    "caPart": "",
    "weightValue": 0.5,
    "weightUnit": "kg",
    "comparePrice": "103,90 kr/kg",
    "currentPrice": 51.95,
    "attributes": [],
    "imgUrl": "https://handlaprivatkund.ica.se/images-v3/bf7a00ca-390e-4769-865f-dc369586872e/daee11d1-dd30-42b5-b830-7615093e47a1/500x500.jpg",
    "productInformation": "ICA Plommon är söta, mjuka och lite syrliga. Sätter smak på mat och bak. Härligt goda och saftiga att äta precis som de är, som snacks eller mellanmål.",
    "countryText": "",
    "companyText": "ICA",
    "ingrediensText": "Torkade urkärnade plommon*, konserveringsmedel (E202). *Odlad i Chile. Obs! Plommon är inte kärnfria av naturen, därför kan enstaka kärnor förekomma.",
    "storage": "Förvaras torrt och svalt.",
    "allergens": "",
    "usage": "",
    "nutrition": [
      {
        "Näringsvärde": "Energi (kcal)",
        "100 Gram": "278 kcal"
      },
      {
        "Näringsvärde": "Energi (kJ)",
        "100 Gram": "1163 kJ"
      },
      {
        "Näringsvärde": "Fett",
        "100 Gram": "0.5 g"
      },
      {
        "Näringsvärde": "Varav mättat fett",
        "100 Gram": "0.5 g"
      },
      {
        "Näringsvärde": "Kolhydrat",
        "100 Gram": "66 g"
      },
      {
        "Näringsvärde": "Varav sockerarter",
        "100 Gram": "42 g"
      },
      {
        "Näringsvärde": "Fiber",
        "100 Gram": "8.8 g"
      },
      {
        "Näringsvärde": "Protein",
        "100 Gram": "2.9 g"
      },
      {
        "Näringsvärde": "Salt",
        "100 Gram": "0 g"
      }
    ],
    "nutritionUnitText": "Näringsvärde per 100 gram",
    "categories": {
      "mainCategory": "Glass, Godis & Snacks",
      "subCategories": [
        {
          "name": "Naturgodis, Nötter & Bars",
          "subSubCategories": [
            "Russin & Torkad frukt",
            "Plommon torkade"
          ]
        }
      ]
    }
  },
  {
    "name": "Sötmandel 400g ICA Basic",
    "weightText": "0.4 kg",
    "caPart": "",
    "weightValue": 0.4,
    "weightUnit": "kg",
    "comparePrice": "111,25 kr/kg",
    "currentPrice": 44.5,
    "attributes": [
      "Nyckelhålet"
    ],
    "imgUrl": "https://handlaprivatkund.ica.se/images-v3/bf7a00ca-390e-4769-865f-dc369586872e/8be10f99-825c-475c-84a3-2837dcf08e7b/500x500.jpg",
    "productInformation": "Våra billigaste sötmandlar varierar något i form och storlek men fungerar perfekt i matlagning, bakning och som snacks.",
    "countryText": "",
    "companyText": "ICA Basic",
    "ingrediensText": "SÖTMANDEL* *Odlade i USA. Produkten kan innehålla skaldelar",
    "storage": "Förvaras torrt och svalt, ej över normal rumstemperatur Lägsta förvaringstemperatur 8°C Högsta förvaringstemperatur 18°C",
    "allergens": "",
    "usage": "",
    "nutrition": [
      {
        "Näringsvärde": "Energi (kcal)",
        "100 Gram": "614 kcal"
      },
      {
        "Näringsvärde": "Energi (kJ)",
        "100 Gram": "2543 kJ"
      },
      {
        "Näringsvärde": "Fett",
        "100 Gram": "52 g"
      },
      {
        "Näringsvärde": "Varav mättat fett",
        "100 Gram": "4.9 g"
      },
      {
        "Näringsvärde": "Kolhydrat",
        "100 Gram": "13 g"
      },
      {
        "Näringsvärde": "Varav sockerarter",
        "100 Gram": "6.6 g"
      },
      {
        "Näringsvärde": "Fiber",
        "100 Gram": "7.2 g"
      },
      {
        "Näringsvärde": "Protein",
        "100 Gram": "20 g"
      },
      {
        "Näringsvärde": "Salt",
        "100 Gram": "0.03 g"
      }
    ],
    "nutritionUnitText": "Näringsvärde per 100 gram",
    "categories": {
      "mainCategory": "Jul",
      "subCategories": [
        {
          "name": "Julbak",
          "subSubCategories": [
            "Övrigt julbak"
          ]
        }
      ]
    }
  },
  {
    "name": "Tuggummi Sweet Mint Sockerfri 84g Extra",
    "weightText": "0.084 kg",
    "caPart": "",
    "weightValue": 0.084,
    "weightUnit": "kg",
    "comparePrice": "494,05 kr/kg",
    "currentPrice": 41.5,
    "attributes": [],
    "imgUrl": "https://handlaprivatkund.ica.se/images-v3/bf7a00ca-390e-4769-865f-dc369586872e/8a2a46e8-1bfc-4cfd-8690-c5feb54ea4bb/500x500.jpg",
    "productInformation": "Sockerfritt tuggummi",
    "countryText": "",
    "companyText": "Extra",
    "ingrediensText": "SÖTNINGSMEDEL/SØDESTOFFER (XYLITOL (32%), SORBITOL, ASPARTAM, MANNITOL, ACESULFAMKALIUM), TUGGUMMIBAS, FÖRTJOCKNINGSMEDEL/FORTYKNINGSMIDDEL (E414), FUKTIGHETSBEVARANDE MEDEL/FUKTIGHETSBEVARENDE MIDDEL (E422), AROMÄMNEN/AROMASTOFFER, FYLLNADSMEDEL/FYLLMASSE/FYLDSTOF (E341), EMULGERINGSMEDEL/EMULGATOR (SOJA-/SOYA-/SOJALECITIN), SURHETSREGLERANDE MEDEL/SYREREGULERENDE MIDDEL (E500), YTBEHANDLINGSMEDEL/OVERFLADEBEHANDLINGSMIDDEL (E903), ANTIOXIDATIONSMEDEL/ANTIOXIDANT (E320), FÄRGÄMNE/FARGESTOF (E133).",
    "storage": "Ska förvaras torrt och svalt",
    "allergens": "",
    "usage": "Konsumera snarast efter öppnandet. Ska förvaras torrt och svalt",
    "nutrition": [
      {
        "Näringsvärde": "Energi (kcal)",
        "100 Gram": "156 kcal"
      },
      {
        "Näringsvärde": "Energi (kJ)",
        "100 Gram": "650 kJ"
      },
      {
        "Näringsvärde": "Fett",
        "100 Gram": "0 g"
      },
      {
        "Näringsvärde": "Varav mättat fett",
        "100 Gram": "0 g"
      },
      {
        "Näringsvärde": "Kolhydrat",
        "100 Gram": "65 g"
      },
      {
        "Näringsvärde": "Varav sockerarter",
        "100 Gram": "0 g"
      },
      {
        "Näringsvärde": "Varav polyoler",
        "100 Gram": "65 g"
      },
      {
        "Näringsvärde": "Protein",
        "100 Gram": "0 g"
      },
      {
        "Näringsvärde": "Salt",
        "100 Gram": "0.06 g"
      }
    ],
    "nutritionUnitText": "Näringsvärde per 100 gram",
    "categories": {
      "mainCategory": "Glass, Godis & Snacks",
      "subCategories": [
        {
          "name": "Tuggummi",
          "subSubCategories": [
            "Tuggummi, påse"
          ]
        }
      ]
    }
  },
  {
    "name": "Salta Jordnötter 300g OLW",
    "weightText": "0.3 kg",
    "caPart": "",
    "weightValue": 0.3,
    "weightUnit": "kg",
    "comparePrice": "83,17 kr/kg",
    "currentPrice": 24.95,
    "attributes": [],
    "imgUrl": "https://handlaprivatkund.ica.se/images-v3/bf7a00ca-390e-4769-865f-dc369586872e/71a60c5b-8c8f-438c-bfff-d457a7e8f3b8/500x500.jpg",
    "productInformation": "OLWs salta jordnötter är just salta jordnötter. Passar utmärkt vid alla tillfällen då man brukar äta salta jordnötter. Kort och gott, en klassiker.",
    "countryText": "",
    "companyText": "Olw",
    "ingrediensText": "JORDNÖTTER (95%), solrosolja och salt. Kan innehålla spår av MANDLAR, PECANNÖTTER, PISTAGENÖTTER och CASHEWNÖTTER.",
    "storage": "",
    "allergens": "Kan innehålla spår av Nötter.",
    "usage": "",
    "nutrition": [
      {
        "Näringsvärde": "Energi (kcal)",
        "100 Gram": "630 kcal"
      },
      {
        "Näringsvärde": "Energi (kJ)",
        "100 Gram": "2600 kJ"
      },
      {
        "Näringsvärde": "Fett",
        "100 Gram": "53 g"
      },
      {
        "Näringsvärde": "Varav mättat fett",
        "100 Gram": "9.8 g"
      },
      {
        "Näringsvärde": "Kolhydrat",
        "100 Gram": "9.5 g"
      },
      {
        "Näringsvärde": "Varav sockerarter",
        "100 Gram": "3.1 g"
      },
      {
        "Näringsvärde": "Protein",
        "100 Gram": "28 g"
      },
      {
        "Näringsvärde": "Salt",
        "100 Gram": "1.3 g"
      }
    ],
    "nutritionUnitText": "Näringsvärde per 100 gram",
    "categories": {
      "mainCategory": "Glass, Godis & Snacks",
      "subCategories": [
        {
          "name": "Chips & snacks",
          "subSubCategories": [
            "Salta nötter",
            "Jordnötter saltade"
          ]
        }
      ]
    }
  },
  {
    "name": "Knatter Frukt 80g Brynild",
    "weightText": "0.08 kg",
    "caPart": "",
    "weightValue": 0.08,
    "weightUnit": "kg",
    "comparePrice": "186,88 kr/kg",
    "currentPrice": 14.95,
    "attributes": [],
    "imgUrl": "https://handlaprivatkund.ica.se/images-v3/bf7a00ca-390e-4769-865f-dc369586872e/8034d5b8-1d03-4cb3-b1d3-d15294034670/500x500.jpg",
    "productInformation": "",
    "countryText": "",
    "companyText": "Brynild",
    "ingrediensText": "sukker/socker, glykosesirup, konsistensmiddel (oksidert/oxiderad potetstivelse/potatisstärkelse/kartoffelstivelse, E420), gelatin (svin/gris), invertsukker/-socker, surhetsregulerende midler (E330, E331), aroma, emulgator/emulgeringsmedel (E471), overflatebehandlingsmidler/ytbehandlingsmedel (kokosolje, E901), potetstivelse/potatisstärkelse/kartoffelstivelse, fargestoffer/färgämnen/farvestoffer (E120, E160a, E160e, E141). Produktet kan inneholde spor av NØTTER/NÖTTER/NØDDER og PEANØTTER/JORDNÖTTER/JORDNØDDER.",
    "storage": "",
    "allergens": "",
    "usage": "",
    "nutrition": [
      {
        "Näringsvärde": "Energi (kcal)",
        "100 Gram": "369 kcal"
      },
      {
        "Näringsvärde": "Energi (kJ)",
        "100 Gram": "1567 kJ"
      },
      {
        "Näringsvärde": "Fett",
        "100 Gram": "0.1 g"
      },
      {
        "Näringsvärde": "Varav mättat fett",
        "100 Gram": "0.1 g"
      },
      {
        "Näringsvärde": "Kolhydrat",
        "100 Gram": "88 g"
      },
      {
        "Näringsvärde": "Varav sockerarter",
        "100 Gram": "66 g"
      },
      {
        "Näringsvärde": "Protein",
        "100 Gram": "3 g"
      },
      {
        "Näringsvärde": "Salt",
        "100 Gram": "0.36 g"
      }
    ],
    "nutritionUnitText": "Näringsvärde per 100 gram",
    "categories": {
      "mainCategory": "Glass, Godis & Snacks",
      "subCategories": [
        {
          "name": "Godis",
          "subSubCategories": [
            "Godispåsar"
          ]
        }
      ]
    }
  },
  {
    "name": "Godispåse GOODY Jordgubb Vanilj 90g Bubs",
    "weightText": "0.09 kg",
    "caPart": "",
    "weightValue": 0.09,
    "weightUnit": "kg",
    "comparePrice": "138,89 kr/kg",
    "currentPrice": 12.5,
    "attributes": [
      "Rättvisemärkt"
    ],
    "imgUrl": "https://handlaprivatkund.ica.se/images-v3/bf7a00ca-390e-4769-865f-dc369586872e/ba3e4f90-1e4d-482c-8930-769ee08e46c4/500x500.jpg",
    "productInformation": "",
    "countryText": "",
    "companyText": "Bubs",
    "ingrediensText": "Socker, glukos-fruktossirap, majsstärkelse, vatten, surhetsreglerande medel (äppelsyra, natriumcitrat), potatisprotein, aromämnen, färgämne (svart morotskoncentrat)",
    "storage": "",
    "allergens": "",
    "usage": "",
    "nutrition": [
      {
        "Näringsvärde": "Energi (kcal)",
        "100 Gram": "351 kcal"
      },
      {
        "Näringsvärde": "Energi (kJ)",
        "100 Gram": "1468 kJ"
      },
      {
        "Näringsvärde": "Fett",
        "100 Gram": "0 g"
      },
      {
        "Näringsvärde": "Varav mättat fett",
        "100 Gram": "0 g"
      },
      {
        "Näringsvärde": "Kolhydrat",
        "100 Gram": "87 g"
      },
      {
        "Näringsvärde": "Varav sockerarter",
        "100 Gram": "61 g"
      },
      {
        "Näringsvärde": "Protein",
        "100 Gram": "0.4 g"
      },
      {
        "Näringsvärde": "Salt",
        "100 Gram": "0.1 g"
      }
    ],
    "nutritionUnitText": "Näringsvärde per 100 gram",
    "categories": {
      "mainCategory": "Vegetariskt",
      "subCategories": [
        {
          "name": "Veganskt godis & choklad",
          "subSubCategories": [
            "Veganskt godis"
          ]
        }
      ]
    }
  },
  {
    "name": "Godispåse Fruxo Fruktsmak 95g Malaco",
    "weightText": "0.095 kg",
    "caPart": "",
    "weightValue": 0.095,
    "weightUnit": "kg",
    "comparePrice": "142,11 kr/kg",
    "currentPrice": 13.5,
    "attributes": [],
    "imgUrl": "https://handlaprivatkund.ica.se/images-v3/bf7a00ca-390e-4769-865f-dc369586872e/88e9b6c7-5a93-426c-9ec7-f50c6b438c32/500x500.jpg",
    "productInformation": "Fruxo är färgglada godisbitar med god smak av frukt. Produkten är en klassiker som funnits i Malacos sortiment sedan 1960. Fruxo godis i påse. Godispåsen innehåller 95g. Fri från palmolja och utan artificiella färgämnen. Malaco - Lördag hela veckan",
    "countryText": "",
    "companyText": "Malaco",
    "ingrediensText": "socker/sukker, glukossirap, gelatin, stärkelse/stivelse, syra (E270), vegetabiliska oljor (kokos, raps), aromer, ytbehandlings-/overfladebehandlingsmiddel (karnaubavax/voks), färgämnen/farvestoffer (E120, E141, E160a).",
    "storage": "",
    "allergens": "",
    "usage": "",
    "nutrition": [
      {
        "Näringsvärde": "Energi (kcal)",
        "100 Gram": "349 kcal"
      },
      {
        "Näringsvärde": "Energi (kJ)",
        "100 Gram": "1482 kJ"
      },
      {
        "Näringsvärde": "Fett",
        "100 Gram": "0.3 g"
      },
      {
        "Näringsvärde": "Varav mättat fett",
        "100 Gram": "0.2 g"
      },
      {
        "Näringsvärde": "Kolhydrat",
        "100 Gram": "81 g"
      },
      {
        "Näringsvärde": "Varav sockerarter",
        "100 Gram": "56 g"
      },
      {
        "Näringsvärde": "Protein",
        "100 Gram": "5.3 g"
      },
      {
        "Näringsvärde": "Salt",
        "100 Gram": "0.01 g"
      }
    ],
    "nutritionUnitText": "Näringsvärde per 100 gram",
    "categories": {
      "mainCategory": "Glass, Godis & Snacks",
      "subCategories": [
        {
          "name": "Godis",
          "subSubCategories": [
            "Godispåsar"
          ]
        }
      ]
    }
  },
  {
    "name": "Jordnötter Salta 275g Estrella",
    "weightText": "0.275 kg",
    "caPart": "",
    "weightValue": 0.275,
    "weightUnit": "kg",
    "comparePrice": "89,09 kr/kg",
    "currentPrice": 24.5,
    "attributes": [],
    "imgUrl": "https://handlaprivatkund.ica.se/images-v3/bf7a00ca-390e-4769-865f-dc369586872e/96692b0c-29e6-4549-84dc-2d7d378e9437/500x500.jpg",
    "productInformation": "Estrella Rostade Salta Jordnötter i den klassiska röda påsen är Sveriges mest populära nöt. Estrella använder jordnötter av hög kvalité från Argentina som rostas i små omgångar, på svag värme under längre tid för att få så mycket smak som möjligt ur varje nöt. Det är det som ger den unikt goda smaken. Detta är en långlivad nötfavorit och snacksklassiker med tydlig sälta och härligt god rostad smak. Dessutom packad med protein. Goda i matlagning, till mellanmålet, bakning eller precis som den är vilken vardag eller helg som helst.",
    "countryText": "",
    "companyText": "Estrella",
    "ingrediensText": "JORDNÖTTER (94%), solrosolja, shea-/ kokosolja, salt. Kan innehålla spår av NÖTTER.",
    "storage": "",
    "allergens": "",
    "usage": "",
    "nutrition": [
      {
        "Näringsvärde": "Energi (kcal)",
        "100 Gram": "614 kcal"
      },
      {
        "Näringsvärde": "Energi (kJ)",
        "100 Gram": "2545 kJ"
      },
      {
        "Näringsvärde": "Fett",
        "100 Gram": "50.7 g"
      },
      {
        "Näringsvärde": "Varav mättat fett",
        "100 Gram": "8 g"
      },
      {
        "Näringsvärde": "Kolhydrat",
        "100 Gram": "11 g"
      },
      {
        "Näringsvärde": "Varav sockerarter",
        "100 Gram": "5.3 g"
      },
      {
        "Näringsvärde": "Fiber",
        "100 Gram": "8.2 g"
      },
      {
        "Näringsvärde": "Protein",
        "100 Gram": "24 g"
      },
      {
        "Näringsvärde": "Salt",
        "100 Gram": "1.4 g"
      },
      {
        "Näringsvärde": "Fosfor",
        "100 Gram": "389 mg",
        "% av DRI(*)": "55"
      }
    ],
    "nutritionUnitText": "Näringsvärde per 100 gram",
    "categories": {
      "mainCategory": "Glass, Godis & Snacks",
      "subCategories": [
        {
          "name": "Chips & snacks",
          "subSubCategories": [
            "Salta nötter",
            "Jordnötter saltade"
          ]
        }
      ]
    }
  },
  {
    "name": "Persikor 80g Haribo",
    "weightText": "0.08 kg",
    "caPart": "",
    "weightValue": 0.08,
    "weightUnit": "kg",
    "comparePrice": "143,75 kr/kg",
    "currentPrice": 11.5,
    "attributes": [],
    "imgUrl": "https://handlaprivatkund.ica.se/images-v3/bf7a00ca-390e-4769-865f-dc369586872e/0624ecb1-f704-4300-a762-fbcd2843cec4/500x500.jpg",
    "productInformation": "Mjukt vingummi med sockeröverdrag och persikosmak",
    "countryText": "",
    "companyText": "Haribo",
    "ingrediensText": "Ingredienser: Socker; glukossirap; gelatin; persikojuice från koncentrat (3 %); syra: citronsyra; frukt- och plantkoncentrat: morot, hibiskus; arom.",
    "storage": "Skyddas mot värme och fukt Lägsta förvaringstemperatur 13°C Högsta förvaringstemperatur 25°C",
    "allergens": "Kan innehålla spår av Spannmål som innehåller gluten.",
    "usage": "",
    "nutrition": [
      {
        "Näringsvärde": "Energi (kcal)",
        "100 Gram": "367 kcal"
      },
      {
        "Näringsvärde": "Energi (kJ)",
        "100 Gram": "1558 kJ"
      },
      {
        "Näringsvärde": "Fett",
        "100 Gram": "0.5 g"
      },
      {
        "Näringsvärde": "Varav mättat fett",
        "100 Gram": "0.1 g"
      },
      {
        "Näringsvärde": "Kolhydrat",
        "100 Gram": "86 g"
      },
      {
        "Näringsvärde": "Varav sockerarter",
        "100 Gram": "68 g"
      },
      {
        "Näringsvärde": "Protein",
        "100 Gram": "4.4 g"
      },
      {
        "Näringsvärde": "Salt",
        "100 Gram": "0.01 g"
      }
    ],
    "nutritionUnitText": "Näringsvärde per 100 gram",
    "categories": {
      "mainCategory": "Glass, Godis & Snacks",
      "subCategories": [
        {
          "name": "Godis",
          "subSubCategories": [
            "Godispåsar"
          ]
        }
      ]
    }
  },
  {
    "name": "Valnötter 400g ICA Basic",
    "weightText": "0.4 kg",
    "caPart": "",
    "weightValue": 0.4,
    "weightUnit": "kg",
    "comparePrice": "167,38 kr/kg",
    "currentPrice": 66.95,
    "attributes": [
      "Nyckelhålet"
    ],
    "imgUrl": "https://handlaprivatkund.ica.se/images-v3/bf7a00ca-390e-4769-865f-dc369586872e/35434287-b7e6-4214-a70d-2af939311f3f/500x500.jpg",
    "productInformation": "ICA Basic Valnötter är en mångsidig nöt. De kan variera lite i storlek men fungerar perfekt till bakning, matlagning och som snacks.",
    "countryText": "",
    "companyText": "ICA Basic",
    "ingrediensText": "VALNÖTTER*.* Odlade i USA",
    "storage": "Förvaras torrt och svalt, ej över normal rumstemperatur",
    "allergens": "",
    "usage": "",
    "nutrition": [
      {
        "Näringsvärde": "Energi (kcal)",
        "100 Gram": "676 kcal"
      },
      {
        "Näringsvärde": "Energi (kJ)",
        "100 Gram": "2795 kJ"
      },
      {
        "Näringsvärde": "Fett",
        "100 Gram": "62 g"
      },
      {
        "Näringsvärde": "Varav mättat fett",
        "100 Gram": "5.6 g"
      },
      {
        "Näringsvärde": "Kolhydrat",
        "100 Gram": "13 g"
      },
      {
        "Näringsvärde": "Varav sockerarter",
        "100 Gram": "3.4 g"
      },
      {
        "Näringsvärde": "Fiber",
        "100 Gram": "5.2 g"
      },
      {
        "Näringsvärde": "Protein",
        "100 Gram": "14 g"
      },
      {
        "Näringsvärde": "Salt",
        "100 Gram": "0.03 g"
      }
    ],
    "nutritionUnitText": "Näringsvärde per 100 gram",
    "categories": {
      "mainCategory": "Glass, Godis & Snacks",
      "subCategories": [
        {
          "name": "Naturgodis, Nötter & Bars",
          "subSubCategories": [
            "Naturella nötter",
            "Valnötter"
          ]
        }
      ]
    }
  },
  {
    "name": "Marianne 200g Fazer",
    "weightText": "0.2 kg",
    "caPart": "",
    "weightValue": 0.2,
    "weightUnit": "kg",
    "comparePrice": "177,50 kr/kg",
    "currentPrice": 35.5,
    "attributes": [],
    "imgUrl": "https://handlaprivatkund.ica.se/images-v3/bf7a00ca-390e-4769-865f-dc369586872e/f6e6a15a-b4c8-46e4-aeda-52a94e787af6/500x500.jpg",
    "productInformation": "Marianne är en älskad och traditionell karamell med mörk choklad, täckt av ett överdrag med smak av pepparmint. Alla Fazers chokladprodukter tillverkas av 100 % ansvarsfullt producerad kakao, så även röd- och vitrandiga Mariannes fyllning. Passar även veganer.",
    "countryText": "",
    "companyText": "Fazer",
    "ingrediensText": "Ingredienser: socker, glukossirap, kakaomassa, vegetabiliskt fett (palm, shea), kakaosmör, aromer, emulgeringsmedel (SOJAlecitin). KAN INNEHÅLLA MJÖLK/ KAN INDEHOLDE MÆLK. CHOKLADEN INNEHÅLLER OCKSÅ ANDRA VEGETABILISKA FETTER ÄN KAKAOSMÖR.",
    "storage": "Lägsta förvaringstemperatur 16°C Högsta förvaringstemperatur 20°C",
    "allergens": "",
    "usage": "",
    "nutrition": [
      {
        "Näringsvärde": "Energi (kcal)",
        "100 Gram": "444 kcal"
      },
      {
        "Näringsvärde": "Energi (kJ)",
        "100 Gram": "1863 kJ"
      },
      {
        "Näringsvärde": "Fett",
        "100 Gram": "11 g"
      },
      {
        "Näringsvärde": "Varav mättat fett",
        "100 Gram": "6.8 g"
      },
      {
        "Näringsvärde": "Kolhydrat",
        "100 Gram": "82 g"
      },
      {
        "Näringsvärde": "Varav sockerarter",
        "100 Gram": "70 g"
      },
      {
        "Näringsvärde": "Protein",
        "100 Gram": "1.7 g"
      },
      {
        "Näringsvärde": "Salt",
        "100 Gram": "0.02 g"
      }
    ],
    "nutritionUnitText": "Näringsvärde per 100 gram",
    "categories": {
      "mainCategory": "Glass, Godis & Snacks",
      "subCategories": [
        {
          "name": "Godis",
          "subSubCategories": [
            "Godispåsar"
          ]
        }
      ]
    }
  },
  {
    "name": "Chokladkaka EXCELLENCE 70% Kakao Mörk Choklad 100g Lindt",
    "weightText": "0.1 kg",
    "caPart": "",
    "weightValue": 0.1,
    "weightUnit": "kg",
    "comparePrice": "409,50 kr/kg",
    "currentPrice": 40.95,
    "attributes": [],
    "imgUrl": "https://handlaprivatkund.ica.se/images-v3/bf7a00ca-390e-4769-865f-dc369586872e/a34ee275-a64e-4c87-ac31-a78169700871/500x500.jpg",
    "productInformation": "Lindt EXCELLENCE Dark 70% Cocoa är en chokladkaka av mörk choklad, tunn och intensiv med de finaste ingredienser skapad av Lindts Chokladmästare. Den perfekta blandningen av len mörk choklad med hög kakaohalt i kombination med toner av vanilj och citrus ger en intensiv och balanserad karaktär - en sann smaksensation för alla sinnen. Hållbart odlade kakaobönor genom Lindt & Sprüngli Farming Program - i samarbete med jordbrukarna och deras lokalsamhällen.",
    "countryText": "",
    "companyText": "Lindt",
    "ingrediensText": "Ingredienser: kakaomassa, socker, kakaosmör, vanilj. Kan innehålla MJÖLK, NÖTTER, SOJA, SESAMFRÖN.",
    "storage": "",
    "allergens": "",
    "usage": "",
    "nutrition": [
      {
        "Näringsvärde": "Energi (kcal)",
        "100 Gram": "566 kcal"
      },
      {
        "Näringsvärde": "Energi (kJ)",
        "100 Gram": "2350 kJ"
      },
      {
        "Näringsvärde": "Fett",
        "100 Gram": "41 g"
      },
      {
        "Näringsvärde": "Varav mättat fett",
        "100 Gram": "24 g"
      },
      {
        "Näringsvärde": "Kolhydrat",
        "100 Gram": "34 g"
      },
      {
        "Näringsvärde": "Varav sockerarter",
        "100 Gram": "30 g"
      },
      {
        "Näringsvärde": "Protein",
        "100 Gram": "9.5 g"
      },
      {
        "Näringsvärde": "Salt",
        "100 Gram": "0.1 g"
      }
    ],
    "nutritionUnitText": "Näringsvärde per 100 gram",
    "categories": {
      "mainCategory": "Glass, Godis & Snacks",
      "subCategories": [
        {
          "name": "Choklad",
          "subSubCategories": [
            "Chokladkakor",
            "Mörk choklad"
          ]
        }
      ]
    }
  },
  {
    "name": "Tuggummi Professional Strong mint 29g Extra",
    "weightText": "0.029 kg",
    "caPart": "",
    "weightValue": 0.029,
    "weightUnit": "kg",
    "comparePrice": "653,45 kr/kg",
    "currentPrice": 18.95,
    "attributes": [],
    "imgUrl": "https://handlaprivatkund.ica.se/images-v3/bf7a00ca-390e-4769-865f-dc369586872e/45d7b4ad-95e7-44ae-8142-7fb4bea99a77/500x500.jpg",
    "productInformation": "Sockerfritt tuggummi",
    "countryText": "",
    "companyText": "Extra",
    "ingrediensText": "Ingredienser: Sötningsmedel/sødestoffer Xylitol (29,8%), Sorbitol, Aspartam, Acesulfam K; Gummibas/gummibase, Förtjockningsmedel/fortykningsmiddel E414, Fuktighetsbevarande Medel/middel E422, Aromer/aromaer, Fyllnadsmedel/fyllstoff E341, Emulgeringsmedel/emulgator SOJA-/SOYALECITIN, Ytbehandlingsmedel/glasurmiddel E903, Antioxidant/antioksidant E320, Färgämne/farvestof/fargestof E133.",
    "storage": "Ska förvaras torrt och svalt Lägsta förvaringstemperatur 5°C Högsta förvaringstemperatur 22°C",
    "allergens": "Innehåller Sojabönor",
    "usage": "Konsumera snarast efter öppnandet.Tugga i minst 20 minuter efter intagande av mat och dryck. Varierad och balanserad kost och hälsosam livsstil är viktig. \n \n ÖVERDRIVEN KONSUMTION/OVERDREVET FORBRUG/INNTAK KAN HA LAXERANDE EFFEKT/KAN VIRKE AFFØRENDE. INNEHÅLLER/INNEHOLDER EN KÄLLA TILL FENYLALANIN/INNEHOLDER EN KILDE TIL FENYLALANIN.",
    "nutrition": [
      {
        "Näringsvärde": "Energi (kcal)",
        "100 Gram": "147 kcal"
      },
      {
        "Näringsvärde": "Energi (kJ)",
        "100 Gram": "614 kJ"
      },
      {
        "Näringsvärde": "Fett",
        "100 Gram": "0 g"
      },
      {
        "Näringsvärde": "Varav mättat fett",
        "100 Gram": "0 g"
      },
      {
        "Näringsvärde": "Kolhydrat",
        "100 Gram": "61 g"
      },
      {
        "Näringsvärde": "Varav sockerarter",
        "100 Gram": "0 g"
      },
      {
        "Näringsvärde": "Varav polyoler",
        "100 Gram": "61 g"
      },
      {
        "Näringsvärde": "Protein",
        "100 Gram": "0 g"
      },
      {
        "Näringsvärde": "Salt",
        "100 Gram": "0 g"
      }
    ],
    "nutritionUnitText": "Näringsvärde per 100 gram",
    "categories": {
      "mainCategory": "Glass, Godis & Snacks",
      "subCategories": [
        {
          "name": "Tuggummi",
          "subSubCategories": [
            "Tuggummi, påse"
          ]
        }
      ]
    }
  },
  {
    "name": "Dumle Snacks Original 160g Fazer",
    "weightText": "0.16 kg",
    "caPart": "",
    "weightValue": 0.16,
    "weightUnit": "kg",
    "comparePrice": "221,88 kr/kg",
    "currentPrice": 35.5,
    "attributes": [],
    "imgUrl": "https://handlaprivatkund.ica.se/images-v3/bf7a00ca-390e-4769-865f-dc369586872e/73a93af1-69ae-4fba-8e5e-0c541da70926/500x500.jpg",
    "productInformation": "Dumle är en välkänd och älskad klassiker som nästan alla känner till. Dumle Snacks är en oemotståndlig kombination av krämig kola och krispiga rispuffar, täckt i Fazers lena mjölkchoklad. Dumle Snacks är ett gott sällskap som garanterat gör dig på glatt humör. Dela glädjen - påsen är perfekt att bjuda på! Tillverkad av 100% ansvarsfullt producerad kakao.",
    "countryText": "",
    "companyText": "Fazer",
    "ingrediensText": "Ingredienser: socker, glukossirap, MJÖLK/MÆLK/MELK, helMJÖLKSpulver/sødMÆLKSpulver/tørrMELK, kakaosmör, rismjöl, vegetabiliskt fett (palm), vasslepulver (av MJÖLK)/vallepulver (fra MÆLK)/mysepulver (fra MELK), kakaomassa, skumMJÖLKSpulver/skummetMÆLKSpulver, maltextrakt (av KORN)/maltekstrakt (fra BYG), salt, emulgeringsmedel (SOJAlecitin), MJÖLKprotein, aromer (kola/karamell, vanillin). KAN INNEHÅLLA NÖTTER, MANDLAR OCH ANDRA SPANNMÅL SOM INNEHÅLLER GLUTEN/KAN INDEHOLDE NØDDER, MANDLER OG ANDRE KORNPRODUKTER/KORNSLAG |SOM INDEHOLDER GLUTEN. Mjölkchokladen innehåller minst 30% kakao/kakaotørstof.",
    "storage": "",
    "allergens": "",
    "usage": "",
    "nutrition": [
      {
        "Näringsvärde": "Energi (kcal)",
        "100 Gram": "480 kcal"
      },
      {
        "Näringsvärde": "Energi (kJ)",
        "100 Gram": "2008 kJ"
      },
      {
        "Näringsvärde": "Fett",
        "100 Gram": "22 g"
      },
      {
        "Näringsvärde": "Varav mättat fett",
        "100 Gram": "14 g"
      },
      {
        "Näringsvärde": "Kolhydrat",
        "100 Gram": "64 g"
      },
      {
        "Näringsvärde": "Varav sockerarter",
        "100 Gram": "50 g"
      },
      {
        "Näringsvärde": "Protein",
        "100 Gram": "5.8 g"
      },
      {
        "Näringsvärde": "Salt",
        "100 Gram": "0.49 g"
      }
    ],
    "nutritionUnitText": "Näringsvärde per 100 gram",
    "categories": {
      "mainCategory": "Glass, Godis & Snacks",
      "subCategories": [
        {
          "name": "Godis",
          "subSubCategories": [
            "Godispåsar",
            "Chokladpåsar"
          ]
        }
      ]
    }
  },
  {
    "name": "Popcorn Smörsmak Micropop 3-p 240g OLW",
    "weightText": "0.24 kg",
    "caPart": "",
    "weightValue": 0.24,
    "weightUnit": "kg",
    "comparePrice": "95,63 kr/kg",
    "currentPrice": 22.95,
    "attributes": [],
    "imgUrl": "https://handlaprivatkund.ica.se/images-v3/bf7a00ca-390e-4769-865f-dc369586872e/ecc92c15-9da7-4488-8538-0ff33ceb3942/500x500.jpg",
    "productInformation": "Micropopcorn med smörsmak från OLW. Många menar att de bästa popcornen är vita, härligt fluffiga och lagom salta. Det är i alla fall det viktigaste för oss på OLW när vi gör våra popcorn. Och en påse varma popcorn är ju så gott! Så luta dig tillbaka i soffan, sätt på din favoritfilm och njut! Våra micropop är dessutom helt veganska och utan palmolja. Innerpåsen är tillverkad utan perflourerade ämnen.",
    "countryText": "",
    "companyText": "Olw",
    "ingrediensText": "Majs, vegetabiliska oljor (solrosolja, sheaolja), salt, smörarom.",
    "storage": "",
    "allergens": "",
    "usage": "",
    "nutrition": [
      {
        "Näringsvärde": "Energi (kcal)",
        "100 Gram": "450 kcal"
      },
      {
        "Näringsvärde": "Energi (kJ)",
        "100 Gram": "1850 kJ"
      },
      {
        "Näringsvärde": "Fett",
        "100 Gram": "17 g"
      },
      {
        "Näringsvärde": "Varav mättat fett",
        "100 Gram": "6.3 g"
      },
      {
        "Näringsvärde": "Kolhydrat",
        "100 Gram": "60 g"
      },
      {
        "Näringsvärde": "Varav sockerarter",
        "100 Gram": "0.7 g"
      },
      {
        "Näringsvärde": "Fiber",
        "100 Gram": "10 g"
      },
      {
        "Näringsvärde": "Protein",
        "100 Gram": "8.8 g"
      },
      {
        "Näringsvärde": "Salt",
        "100 Gram": "2.3 g"
      }
    ],
    "nutritionUnitText": "Näringsvärde per 100 gram",
    "categories": {
      "mainCategory": "Glass, Godis & Snacks",
      "subCategories": [
        {
          "name": "Chips & snacks",
          "subSubCategories": [
            "Popcorn"
          ]
        }
      ]
    }
  },
  {
    "name": "Chokladkaka Geisha 121g Fazer",
    "weightText": "0.121 kg",
    "caPart": "",
    "weightValue": 0.121,
    "weightUnit": "kg",
    "comparePrice": "285,12 kr/kg",
    "currentPrice": 34.5,
    "attributes": [],
    "imgUrl": "https://handlaprivatkund.ica.se/images-v3/bf7a00ca-390e-4769-865f-dc369586872e/e371a502-3e44-4de6-88a0-32c9977a7318/500x500.jpg",
    "productInformation": "Geisha är en omtyckt mjölkchoklad med en krämig fyllning gjord på hasselnötter. Den kännetecknas av sin rosa förpackning, och som alltid är alla produkter av choklad från Fazer gjorda på 100 % ansvarsfullt producerad kakao.",
    "countryText": "",
    "companyText": "Fazer",
    "ingrediensText": "Ingredienser: socker, MJÖLK/MÆLK/MELK, kakaosmör, HASSELNÖTTER/HASSELNØDDER (11%), kakaomassa, helMJÖLKSpulver/sødMÆLKSpulver/tørrMELK, kärnMJÖLKSpulver/kærneMÆLKSpulver, VETEmjöl/HVEDEmel, majsstärkelse/-stivelse, emulgeringsmedel (SOJAlecitin), solrosolja/solsikkeolje, salt, aromer. KAN INNEHÅLLA ANDRA NÖTTER, MANDLAR OCH ANDRA SPANNMÅL SOM INNEHÅLLER GLUTEN/KAN INDEHOLDE ANDRE NØDDER, MANDLER OG ANDRE KORNPRODUKTER/KORNSLAG SOM INDEHOLDER GLUTEN. Mjölkchokladen innehåller minst 30% kakao/kakaotørstof.",
    "storage": "",
    "allergens": "Innehåller Spannmål som innehåller gluten Innehåller Nötter (eng: tree nuts) Innehåller Sojabönor Innehåller Mjölk",
    "usage": "",
    "nutrition": [
      {
        "Näringsvärde": "Energi (kcal)",
        "100 Gram": "550 kcal"
      },
      {
        "Näringsvärde": "Energi (kJ)",
        "100 Gram": "2302 kJ"
      },
      {
        "Näringsvärde": "Fett",
        "100 Gram": "35 g"
      },
      {
        "Näringsvärde": "Varav mättat fett",
        "100 Gram": "17 g"
      },
      {
        "Näringsvärde": "Kolhydrat",
        "100 Gram": "51 g"
      },
      {
        "Näringsvärde": "Varav sockerarter",
        "100 Gram": "49 g"
      },
      {
        "Näringsvärde": "Protein",
        "100 Gram": "8 g"
      },
      {
        "Näringsvärde": "Salt",
        "100 Gram": "0.19 g"
      }
    ],
    "nutritionUnitText": "Näringsvärde per 100 gram",
    "categories": {
      "mainCategory": "Glass, Godis & Snacks",
      "subCategories": [
        {
          "name": "Choklad",
          "subSubCategories": [
            "Chokladkakor",
            "Ljus choklad"
          ]
        }
      ]
    }
  },
  {
    "name": "Kina Gul Snacks 180g Fazer",
    "weightText": "0.18 kg",
    "caPart": "",
    "weightValue": 0.18,
    "weightUnit": "kg",
    "comparePrice": "210,83 kr/kg",
    "currentPrice": 37.95,
    "attributes": [],
    "imgUrl": "https://handlaprivatkund.ica.se/images-v3/bf7a00ca-390e-4769-865f-dc369586872e/eeb62263-ca83-4c4b-98e6-1ae129e53002/500x500.jpg",
    "productInformation": "Kina Gul Snacks är en riktig favorit hos många! Kina Gul är härligt crunchiga vetepuffar doppade i choklad. Njut av puffarna precis som de är, själv eller dela en påse med vännerna! Alla Fazers chokladprodukter tillverkas av 100 % ansvarsfullt producerad kakao. Allt du behöver är en puff!",
    "countryText": "",
    "companyText": "Fazer",
    "ingrediensText": "Ingredienser: socker, kakaosmör, puffat VETE/HVEDE, helMJÖLKSpulver/sødMÆLKSpulver/tørrMELK, vegetabiliskt fett (palm, shea), kakaomassa, skumMJÖLKSpulver/skummetMÆLKSpulver, vasslepulver (av MJÖLK)/vallepulver (fra MÆLK)/mysepulver (fra MELK), emulgeringsmedel (SOJAlecitin), salt, ytbehandlingsmedel (E904), arom.",
    "storage": "Lägsta förvaringstemperatur 16°C Högsta förvaringstemperatur 20°C",
    "allergens": "",
    "usage": "",
    "nutrition": [
      {
        "Näringsvärde": "Energi (kcal)",
        "100 Gram": "540 kcal"
      },
      {
        "Näringsvärde": "Energi (kJ)",
        "100 Gram": "2252 kJ"
      },
      {
        "Näringsvärde": "Fett",
        "100 Gram": "30 g"
      },
      {
        "Näringsvärde": "Varav mättat fett",
        "100 Gram": "19 g"
      },
      {
        "Näringsvärde": "Kolhydrat",
        "100 Gram": "57 g"
      },
      {
        "Näringsvärde": "Varav sockerarter",
        "100 Gram": "49 g"
      },
      {
        "Näringsvärde": "Protein",
        "100 Gram": "7.5 g"
      },
      {
        "Näringsvärde": "Salt",
        "100 Gram": "0.25 g"
      }
    ],
    "nutritionUnitText": "Näringsvärde per 100 gram",
    "categories": {
      "mainCategory": "Glass, Godis & Snacks",
      "subCategories": [
        {
          "name": "Godis",
          "subSubCategories": [
            "Godispåsar",
            "Chokladpåsar"
          ]
        }
      ]
    }
  },
  {
    "name": "Goldbären 80g Haribo",
    "weightText": "0.08 kg",
    "caPart": "",
    "weightValue": 0.08,
    "weightUnit": "kg",
    "comparePrice": "143,75 kr/kg",
    "currentPrice": 11.5,
    "attributes": [],
    "imgUrl": "https://handlaprivatkund.ica.se/images-v3/bf7a00ca-390e-4769-865f-dc369586872e/f308d21b-33c4-453f-889f-4cffcac0bea1/500x500.jpg",
    "productInformation": "Alla barnens favoriter; välkända Goldbären från HARIBO",
    "countryText": "",
    "companyText": "Haribo",
    "ingrediensText": "Ingredienser: Glukossirap; socker; gelatin; druvsocker; fruktjuice från koncentrat: äpple, hallon, jordgubbar, apelsin, citron, ananas; syra: citronsyra; solrosolja; frukt- och plantkoncentrat: safflor, spirulina, äpple, fläderbär, apelsin, svarta vinbär, kiwi, citron, aronia, mango, vindruva, passionsfrukt; arom; extrakt av fläderbär; ytbehandlingsmedel: bivax vitt och gult.",
    "storage": "Skyddas mot värme och fukt Lägsta förvaringstemperatur 13°C Högsta förvaringstemperatur 25°C",
    "allergens": "",
    "usage": "",
    "nutrition": [
      {
        "Näringsvärde": "Energi (kcal)",
        "100 Gram": "343 kcal"
      },
      {
        "Näringsvärde": "Energi (kJ)",
        "100 Gram": "1459 kJ"
      },
      {
        "Näringsvärde": "Fett",
        "100 Gram": "0.5 g"
      },
      {
        "Näringsvärde": "Varav mättat fett",
        "100 Gram": "0.1 g"
      },
      {
        "Näringsvärde": "Kolhydrat",
        "100 Gram": "77 g"
      },
      {
        "Näringsvärde": "Varav sockerarter",
        "100 Gram": "46 g"
      },
      {
        "Näringsvärde": "Protein",
        "100 Gram": "6.9 g"
      },
      {
        "Näringsvärde": "Salt",
        "100 Gram": "0.07 g"
      }
    ],
    "nutritionUnitText": "Näringsvärde per 100 gram",
    "categories": {
      "mainCategory": "Glass, Godis & Snacks",
      "subCategories": [
        {
          "name": "Godis",
          "subSubCategories": [
            "Godispåsar"
          ]
        }
      ]
    }
  },
  {
    "name": "Müslibar BIG Dark Chocolate Cookies 50g Corny",
    "weightText": "0.05 kg",
    "caPart": "",
    "weightValue": 0.05,
    "weightUnit": "kg",
    "comparePrice": "210,00 kr/kg",
    "currentPrice": 10.5,
    "attributes": [
      "Rainforest Alliance certifierad"
    ],
    "imgUrl": "https://handlaprivatkund.ica.se/images-v3/bf7a00ca-390e-4769-865f-dc369586872e/e4c75b73-ec3d-45ba-89fc-2af26cec4b5e/500x500.jpg",
    "productInformation": "Corny BIG – Sveriges mest köpta Müslibar! Ett godare och nyttigare mellanmålsalternativ i XXL-format. Gjord på krispiga flakes och läckra ingredienser som choklad, nötter och torkad frukt. Perfekt före, under och efter träningspasset. Lätt att stoppa i fickan för extra energi under fritidsaktiviteterna. Oavsett om du gillar mörk-, ljus- eller vit choklad, jordnötter, banan eller kokos så har vi en Corny BIG för dig! Corny BIG - var som helst, när som helst!",
    "countryText": "",
    "companyText": "Corny",
    "ingrediensText": "Ingredienser: Mörk choklad 20% (kakaomassa*, socker, kakaosmör*, emulgeringsmedel: (E442, E476)), glukosfruktossirap, glukossirap, spannmålsflingor (VETEmjöl, socker, majsmjöl, rismjöl, KORNmaltextrakt, salt, karamelliserat sockersirap), fullkornsHAVREflingor 8%, kakbitar med kakao 8% (VETEmjöl, socker, palmfett, fettreducerat kakaopulver*, VETEstärkelse, glukosfruktossirap, VETEGLUTEN, tapiokastärkelse, bakpulver: (natriumbikarbonat, ammoniumbikarbonat), salt), socker, spannmålsflingor med kakao (rismjöl, VETEmjöl, fettreducerat kakaopulver*, MJÖLKpulver, socker, majsmjöl, salt), majsflingor (majs, salt, KORNmaltextrakt), kokosfett, honung, rostade JORDNÖTTER, karamelliserad sockersirap, salt, naturlig arom, emulgeringsmedel: lecitin. Kan innehålla spår av NÖTTER. *Rainforest Alliance Certified.",
    "storage": "Förvaras torrt och svalt, skyddad från värme. Lägsta förvaringstemperatur 5°C Högsta förvaringstemperatur 25°C",
    "allergens": "Innehåller Mjölk Innehåller Jordnötter Innehåller Spannmål som innehåller gluten Kan innehålla Nötter (eng: tree nuts)",
    "usage": "",
    "nutrition": [
      {
        "Näringsvärde": "Energi (kcal)",
        "100 Gram": "431 kcal"
      },
      {
        "Näringsvärde": "Energi (kJ)",
        "100 Gram": "1810 kJ"
      },
      {
        "Näringsvärde": "Fett",
        "100 Gram": "14 g"
      },
      {
        "Näringsvärde": "Varav mättat fett",
        "100 Gram": "8.6 g"
      },
      {
        "Näringsvärde": "Kolhydrat",
        "100 Gram": "68 g"
      },
      {
        "Näringsvärde": "Varav sockerarter",
        "100 Gram": "35 g"
      },
      {
        "Näringsvärde": "Fiber",
        "100 Gram": "4.3 g"
      },
      {
        "Näringsvärde": "Protein",
        "100 Gram": "5.5 g"
      },
      {
        "Näringsvärde": "Salt",
        "100 Gram": "0.51 g"
      }
    ],
    "nutritionUnitText": "Näringsvärde per 100 gram",
    "categories": {
      "mainCategory": "Glass, Godis & Snacks",
      "subCategories": [
        {
          "name": "Naturgodis, Nötter & Bars",
          "subSubCategories": [
            "Bars"
          ]
        }
      ]
    }
  },
  {
    "name": "Chokladkaka Premium 70% kakao 100g Marabou",
    "weightText": "0.1 kg",
    "caPart": "",
    "weightValue": 0.1,
    "weightUnit": "kg",
    "comparePrice": "389,50 kr/kg",
    "currentPrice": 38.95,
    "attributes": [],
    "imgUrl": "https://handlaprivatkund.ica.se/images-v3/bf7a00ca-390e-4769-865f-dc369586872e/2d838de5-6f1a-436d-b0c5-fd27178900b9/500x500.jpg",
    "productInformation": "Marabou Premium 70% är en choklad gjord på noga utvalda ingredienser för en njutningsfull smakupplevelse. Chokladkakan är gjord på 70% kakao och har undertoner av nöt, kanel och lakrits. Njut av vår choklad på kvällen själv med en kopp te eller tillsammans med familj och vänner. Genom Cocoa Life, vårt program för en hållbar kakaoproduktion, bidrar Marabou Premium till att kakao odlas på rätt sätt, för att skydda planeten och respektera mänskliga rättigheter i vår värdekedja. Läs mer om Cocoa Life här www.cocoalife.org.",
    "countryText": "",
    "companyText": "Marabou",
    "ingrediensText": "Ingredienser: Kakaomassa, socker, kakaosmör, fettreducerad/fedtfattig kakao, SMÖRFETT/SMØROLIE, emulgeringsmedel/emulgator (SOJALECITIN), arom, MJÖLKPULVER/MÆLKEPULVER. Minst 70% kakao/kakaotørstof. KAN INNEHÅLLA NÖTTER/NØDDER",
    "storage": "Lägsta förvaringstemperatur 10°C Högsta förvaringstemperatur 20°C",
    "allergens": "",
    "usage": "",
    "nutrition": [
      {
        "Näringsvärde": "Energi (kcal)",
        "100 Gram": "600 kcal"
      },
      {
        "Näringsvärde": "Energi (kJ)",
        "100 Gram": "2490 kJ"
      },
      {
        "Näringsvärde": "Fett",
        "100 Gram": "46.5 g"
      },
      {
        "Näringsvärde": "Varav mättat fett",
        "100 Gram": "29 g"
      },
      {
        "Näringsvärde": "Kolhydrat",
        "100 Gram": "32 g"
      },
      {
        "Näringsvärde": "Varav sockerarter",
        "100 Gram": "28 g"
      },
      {
        "Näringsvärde": "Fiber",
        "100 Gram": "11 g"
      },
      {
        "Näringsvärde": "Protein",
        "100 Gram": "7.1 g"
      },
      {
        "Näringsvärde": "Salt",
        "100 Gram": "0.03 g"
      }
    ],
    "nutritionUnitText": "Näringsvärde per 100 gram",
    "categories": {
      "mainCategory": "Glass, Godis & Snacks",
      "subCategories": [
        {
          "name": "Choklad",
          "subSubCategories": [
            "Chokladkakor",
            "Mörk choklad"
          ]
        }
      ]
    }
  },
  {
    "name": "Kexchoklad minirutor 150g Cloetta",
    "weightText": "0.15 kg",
    "caPart": "",
    "weightValue": 0.15,
    "weightUnit": "kg",
    "comparePrice": "233,00 kr/kg",
    "currentPrice": 34.95,
    "attributes": [
      "Rainforest Alliance certifierad"
    ],
    "imgUrl": "https://handlaprivatkund.ica.se/images-v3/bf7a00ca-390e-4769-865f-dc369586872e/b31559fa-a91c-4daf-8eff-48fb1ca21803/500x500.jpg",
    "productInformation": "Kexchoklad Minirutor är små kvadratformade snacksbitar av Kexchoklad packade i en praktisk påse. Samma goda frasiga rån, täckta med läcker mjölkchoklad. Kexchoklad är Cloettas aktiva svenska klassiker som har en speciell plats i många svenskars hjärtan. Sveriges godaste mellanmål!. Innehåller 150 g Kexchoklad.",
    "countryText": "",
    "companyText": "Cloetta",
    "ingrediensText": "socker, VETEMJÖL, SKUMMJÖLKSPULVER, vegetabiliska fetter (palm, shea), kakaosmör1, VASSLEPULVER (MJÖLK), HELMJÖLKSPULVER, kakaomassa1, fettreducerat kakaopulver1, emulgeringsmedel (SOJALECITIN), kokosolja, salt, bakpulver (natriumvätekarbonat), aromer (bl.a. vanillin). Mjölkchokladen innehåller förutom kakaosmör även annat vegetabiliskt fett. 1Rainforest Alliance Certified. Find out more at ra.org.",
    "storage": "Förvaras torrt och svalt.",
    "allergens": "",
    "usage": "",
    "nutrition": [
      {
        "Näringsvärde": "Energi (kcal)",
        "100 Gram": "507 kcal"
      },
      {
        "Näringsvärde": "Energi (kJ)",
        "100 Gram": "2126 kJ"
      },
      {
        "Näringsvärde": "Fett",
        "100 Gram": "25 g"
      },
      {
        "Näringsvärde": "Varav mättat fett",
        "100 Gram": "15 g"
      },
      {
        "Näringsvärde": "Kolhydrat",
        "100 Gram": "60 g"
      },
      {
        "Näringsvärde": "Varav sockerarter",
        "100 Gram": "44 g"
      },
      {
        "Näringsvärde": "Protein",
        "100 Gram": "9.6 g"
      },
      {
        "Näringsvärde": "Salt",
        "100 Gram": "0.4 g"
      }
    ],
    "nutritionUnitText": "Näringsvärde per 100 gram",
    "categories": {
      "mainCategory": "Glass, Godis & Snacks",
      "subCategories": [
        {
          "name": "Godis",
          "subSubCategories": [
            "Godispåsar",
            "Chokladpåsar"
          ]
        }
      ]
    }
  },
  {
    "name": "Chokladkaka Frukt & Mandel 160g Marabou",
    "weightText": "0.16 kg",
    "caPart": "",
    "weightValue": 0.16,
    "weightUnit": "kg",
    "comparePrice": "193,44 kr/kg",
    "currentPrice": 30.95,
    "attributes": [],
    "imgUrl": "https://handlaprivatkund.ica.se/images-v3/bf7a00ca-390e-4769-865f-dc369586872e/9da67b97-b138-4b76-82bc-cfadc2e4991f/500x500.jpg",
    "productInformation": "Marabou Frukt och Mandel är en Marabou Mjölkchokladkaka med russin och hackade bitar av mandel. En riktig klassiker som passar för alla tillfällen. Genom Cocoa Life, vårt program för en hållbar kakaoproduktion, bidrar Marabou till att kakao odlas på rätt sätt, för att skydda planeten och respektera mänskliga rättigheter i vår värdekedja. Läs mer om Cocoa Life här www.cocoalife.org.",
    "countryText": "",
    "companyText": "Marabou",
    "ingrediensText": "Ingredienser: Socker, kakaosmör, russin, kakaomassa, MANDEL, vasslepulver (MJÖLK), SKUMMJÖLKSPULVER, SMÖRFETT, vassleprodukt (MJÖLK), emulgeringsmedel (SOJALECITINER), arom. Minst 30% kakao. KAN INNEHÅLLA ANDRA NÖTTER OCH VETE.",
    "storage": "",
    "allergens": "",
    "usage": "",
    "nutrition": [
      {
        "Näringsvärde": "Energi (kcal)",
        "100 Gram": "522 kcal"
      },
      {
        "Näringsvärde": "Energi (kJ)",
        "100 Gram": "2182 kJ"
      },
      {
        "Näringsvärde": "Fett",
        "100 Gram": "29 g"
      },
      {
        "Näringsvärde": "Varav mättat fett",
        "100 Gram": "16 g"
      },
      {
        "Näringsvärde": "Kolhydrat",
        "100 Gram": "58 g"
      },
      {
        "Näringsvärde": "Varav sockerarter",
        "100 Gram": "55 g"
      },
      {
        "Näringsvärde": "Fiber",
        "100 Gram": "2.6 g"
      },
      {
        "Näringsvärde": "Protein",
        "100 Gram": "5.4 g"
      },
      {
        "Näringsvärde": "Salt",
        "100 Gram": "0.22 g"
      }
    ],
    "nutritionUnitText": "Näringsvärde per 100 gram",
    "categories": {
      "mainCategory": "Glass, Godis & Snacks",
      "subCategories": [
        {
          "name": "Choklad",
          "subSubCategories": [
            "Chokladkakor"
          ]
        }
      ]
    }
  },
  {
    "name": "Glass Daimstrut mini 6-p GB Glace",
    "weightText": "",
    "caPart": "",
    "weightValue": 0,
    "weightUnit": "",
    "comparePrice": "6 per frp 9,16 kr/st",
    "currentPrice": 54.95,
    "attributes": [],
    "imgUrl": "https://handlaprivatkund.ica.se/images-v3/bf7a00ca-390e-4769-865f-dc369586872e/a402db63-be9c-40ac-8a28-6590cb70aa51/500x500.jpg",
    "productInformation": "Glassvärldens riktiga ikon – struten! Våra strutar bjuder på en härlig resa från toppens början och ända ner till chokladtippen längst ner i den krispiga våfflan. 6 st mini Daimstrutar för den glassugne. Består av len gräddvaniljglass med daimbitar i frasig strut. Vår storsäljare i miniformat – perfekt att ha hemma.",
    "countryText": "",
    "companyText": "GB Glace",
    "ingrediensText": "Ingredienser: SKUMMJÖLK, socker, VETEMJÖL, vegetabiliska oljor (kokos, palm), kakaosmör, glukos-fruktossirap, vasslepulver (MJÖLK), kakaomassa, SKUMMJÖLKSPULVER, MJÖLKFETT, MJÖLKPULVER, fettreducerat kakaopulver, emulgeringsmedel (SOJALECITIN, mono- och diglycerider av vegetabiliska fettsyror, ammoniumfosfatider), MJÖLKSOCKER, MANDELBITAR, stabiliseringsmedel (fruktkärnmjöl, guarkärnmjöl, karragenan), sötat SKUMMJÖLKSKONCENTRAT, karamelliserad sockersirup, salt, arom (MJÖLK).",
    "storage": "Lägsta förvaringstemperatur -25°C Högsta förvaringstemperatur -18°C",
    "allergens": "Innehåller Mjölk Innehåller Nötter (eng: tree nuts) Innehåller Spannmål som innehåller gluten Innehåller Sojabönor",
    "usage": "",
    "nutrition": [
      {
        "Näringsvärde": "Energi (kcal)",
        "100 Gram": "336 kcal"
      },
      {
        "Näringsvärde": "Energi (kJ)",
        "100 Gram": "1404 kJ"
      },
      {
        "Näringsvärde": "Fett",
        "100 Gram": "17 g"
      },
      {
        "Näringsvärde": "Varav mättat fett",
        "100 Gram": "12 g"
      },
      {
        "Näringsvärde": "Kolhydrat",
        "100 Gram": "43 g"
      },
      {
        "Näringsvärde": "Varav sockerarter",
        "100 Gram": "29 g"
      },
      {
        "Näringsvärde": "Protein",
        "100 Gram": "4.1 g"
      },
      {
        "Näringsvärde": "Salt",
        "100 Gram": "0.21 g"
      }
    ],
    "nutritionUnitText": "Näringsvärde per 100 gram",
    "categories": {
      "mainCategory": "Glass, Godis & Snacks",
      "subCategories": [
        {
          "name": "Glass",
          "subSubCategories": [
            "Strutglass"
          ]
        }
      ]
    }
  },
  {
    "name": "Chips Smör & Havssalt 275g OLW",
    "weightText": "0.275 kg",
    "caPart": "",
    "weightValue": 0.275,
    "weightUnit": "kg",
    "comparePrice": "114,55 kr/kg",
    "currentPrice": 31.5,
    "attributes": [],
    "imgUrl": "https://handlaprivatkund.ica.se/images-v3/bf7a00ca-390e-4769-865f-dc369586872e/a66d8878-5c05-4b8f-86c0-f306c97f66c3/500x500.jpg",
    "productInformation": "Goda och krispiga Smör & Havssalt chips från OLW. Vi använder oss av naturliga ingredienser och den allra finaste potatisen. Chipsen är finräfflade och har en len och salt smörsmak. Garanterade att gå åt som smör i solsken! Alla OLWs goda chips är fria från palmolja. Nu med en mer miljövänlig påse av ICSS-certifierad plast från tallolja för 50% lägre koldioxidutsläpp från plasten i förpackningen.",
    "countryText": "",
    "companyText": "Olw",
    "ingrediensText": "Potatis, solrosolja, kryddblandning (vasslepulver (från MJÖLK), salt, KÄRNMJÖLKSPULVER, socker, havssalt, GRÄDDPULVER, jästextrakt, OSTPULVER, lök, surhetsreglerande medel (mjölksyra), vitlök, arom).",
    "storage": "",
    "allergens": "",
    "usage": "",
    "nutrition": [
      {
        "Näringsvärde": "Energi (kcal)",
        "100 Gram": "520 kcal"
      },
      {
        "Näringsvärde": "Energi (kJ)",
        "100 Gram": "2200 kJ"
      },
      {
        "Näringsvärde": "Fett",
        "100 Gram": "32 g"
      },
      {
        "Näringsvärde": "Varav mättat fett",
        "100 Gram": "3.7 g"
      },
      {
        "Näringsvärde": "Kolhydrat",
        "100 Gram": "55 g"
      },
      {
        "Näringsvärde": "Varav sockerarter",
        "100 Gram": "3.1 g"
      },
      {
        "Näringsvärde": "Protein",
        "100 Gram": "5.1 g"
      },
      {
        "Näringsvärde": "Salt",
        "100 Gram": "1.6 g"
      }
    ],
    "nutritionUnitText": "Näringsvärde per 100 gram",
    "categories": {
      "mainCategory": "Glass, Godis & Snacks",
      "subCategories": [
        {
          "name": "Chips & snacks",
          "subSubCategories": [
            "Chips"
          ]
        }
      ]
    }
  },
  {
    "name": "Dippmix Fresh island 24g OLW",
    "weightText": "0.024 kg",
    "caPart": "",
    "weightValue": 0.024,
    "weightUnit": "kg",
    "comparePrice": "456,25 kr/kg",
    "currentPrice": 10.95,
    "attributes": [],
    "imgUrl": "https://handlaprivatkund.ica.se/images-v3/bf7a00ca-390e-4769-865f-dc369586872e/14ff6b98-a249-4416-8b50-d6f032c7ba92/500x500.jpg",
    "productInformation": "God och krämig dipp från OLW. Vår storsäljande dippmix Fresh Island har en fräsch smak av lök, vitlök och paprika. Perfekt dipp till chips men passar också utmärkt som salladsdressing eller som kall sås till nygrillade grönsaker. Fredagsmyset, festen eller middagen blir ännu bättre med en riktigt god OLW-dipp.",
    "countryText": "",
    "companyText": "Olw",
    "ingrediensText": "Salt, modifierad stärkelse, socker, YOGHURTPULVER, paprika, lök, tomat, jästextrakt, maltodextrin, vitlök, svartpeppar, krydda, arom.",
    "storage": "",
    "allergens": "Innehåller Mjölk",
    "usage": "",
    "nutrition": [
      {
        "Näringsvärde": "Energi (kcal)",
        "100 Gram": "300 kcal"
      },
      {
        "Näringsvärde": "Energi (kJ)",
        "100 Gram": "1250 kJ"
      },
      {
        "Näringsvärde": "Fett",
        "100 Gram": "1.3 g"
      },
      {
        "Näringsvärde": "Varav mättat fett",
        "100 Gram": "0.3 g"
      },
      {
        "Näringsvärde": "Kolhydrat",
        "100 Gram": "57 g"
      },
      {
        "Näringsvärde": "Varav sockerarter",
        "100 Gram": "24 g"
      },
      {
        "Näringsvärde": "Protein",
        "100 Gram": "11 g"
      },
      {
        "Näringsvärde": "Salt",
        "100 Gram": "17.6 g"
      }
    ],
    "nutritionUnitText": "Näringsvärde per 100 gram",
    "categories": {
      "mainCategory": "Glass, Godis & Snacks",
      "subCategories": [
        {
          "name": "Chips & snacks",
          "subSubCategories": [
            "Dipp"
          ]
        }
      ]
    }
  },
  {
    "name": "Mjölkchoklad 43g Marabou",
    "weightText": "0.043 kg",
    "caPart": "",
    "weightValue": 0.043,
    "weightUnit": "kg",
    "comparePrice": "347,67 kr/kg",
    "currentPrice": 14.95,
    "attributes": [],
    "imgUrl": "https://handlaprivatkund.ica.se/images-v3/bf7a00ca-390e-4769-865f-dc369586872e/e7f36a2a-ade8-4009-9ce1-eb44ed9d7f9f/500x500.jpg",
    "productInformation": "Vår älskade Marabou mjölkchoklad i en singelportion för dig som vill njuta på språng eller av en mindre godbit i lugn hemmamiljö. Genom Cocoa Life, vårt program för en hållbar kakaoproduktion, bidrar Marabou till att kakao odlas på rätt sätt, för att skydda planeten och respektera mänskliga rättigheter i vår värdekedja. Läs mer om Cocoa Life här www.cocoalife.org.",
    "countryText": "",
    "companyText": "Marabou",
    "ingrediensText": "INGREDIENSER: Socker, kakaosmör, kakaomassa, vassle-/vallepulver (MJÖLK/MÆLK), SKUMMJÖLKSPULVER, SMÖRFETT/SMØROLIE, vassle-/valleprodukt (MJÖLK), emulgeringsmedel/emulgator (SOJALECITIN), arom. Minst 30% kakao/kakaotørstof. KAN INNEHÅLLA NÖTTER OCH VETE.",
    "storage": "",
    "allergens": "",
    "usage": "",
    "nutrition": [
      {
        "Näringsvärde": "Energi (kcal)",
        "100 Gram": "550 kcal"
      },
      {
        "Näringsvärde": "Energi (kJ)",
        "100 Gram": "2290 kJ"
      },
      {
        "Näringsvärde": "Fett",
        "100 Gram": "32 g"
      },
      {
        "Näringsvärde": "Varav mättat fett",
        "100 Gram": "19.5 g"
      },
      {
        "Näringsvärde": "Kolhydrat",
        "100 Gram": "58.5 g"
      },
      {
        "Näringsvärde": "Varav sockerarter",
        "100 Gram": "58 g"
      },
      {
        "Näringsvärde": "Fiber",
        "100 Gram": "2 g"
      },
      {
        "Näringsvärde": "Protein",
        "100 Gram": "4.7 g"
      },
      {
        "Näringsvärde": "Salt",
        "100 Gram": "0.33 g"
      }
    ],
    "nutritionUnitText": "Näringsvärde per 100 gram",
    "categories": {
      "mainCategory": "Glass, Godis & Snacks",
      "subCategories": [
        {
          "name": "Choklad",
          "subSubCategories": [
            "Chokladstycksaker"
          ]
        }
      ]
    }
  },
  {
    "name": "Godis Juleskum 100g Cloetta",
    "weightText": "0.1 kg",
    "caPart": "",
    "weightValue": 0.1,
    "weightUnit": "kg",
    "comparePrice": "149,50 kr/kg",
    "currentPrice": 14.95,
    "attributes": [],
    "imgUrl": "https://handlaprivatkund.ica.se/images-v3/bf7a00ca-390e-4769-865f-dc369586872e/6f068f6b-c2ca-497b-b269-f3111e3b0471/500x500.jpg",
    "productInformation": "Det älskade originalet Juleskum! En påse full med rosa fluffiga tomtar med vitt skägg som är oemotståndligt goda. Det är inte konstigt att Juleskum är en av svenska folkets favoriter när det gäller julgodis. Ingen jul utan Juleskum!",
    "countryText": "",
    "companyText": "Cloetta",
    "ingrediensText": "glukossirap, socker, invertsockersirap, gelatin, syra (citronsyra), vegetabiliska oljor (kokos, raps), naturlig arom, ytbehandlingsmedel (karnaubavax), färgämne (karmin).",
    "storage": "",
    "allergens": "",
    "usage": "",
    "nutrition": [
      {
        "Näringsvärde": "Energi (kcal)",
        "100 Gram": "354 kcal"
      },
      {
        "Näringsvärde": "Energi (kJ)",
        "100 Gram": "1500 kJ"
      },
      {
        "Näringsvärde": "Fett",
        "100 Gram": "0.4 g"
      },
      {
        "Näringsvärde": "Varav mättat fett",
        "100 Gram": "0.4 g"
      },
      {
        "Näringsvärde": "Kolhydrat",
        "100 Gram": "83 g"
      },
      {
        "Näringsvärde": "Varav sockerarter",
        "100 Gram": "66 g"
      },
      {
        "Näringsvärde": "Protein",
        "100 Gram": "4.2 g"
      },
      {
        "Näringsvärde": "Salt",
        "100 Gram": "0.04 g"
      }
    ],
    "nutritionUnitText": "Näringsvärde per 100 gram",
    "categories": {
      "mainCategory": "Jul",
      "subCategories": [
        {
          "name": "Julgodis & Chokladaskar",
          "subSubCategories": [
            "Julgodis"
          ]
        }
      ]
    }
  },
  {
    "name": "Choklad Bridge Original 180g Cloetta",
    "weightText": "0.18 kg",
    "caPart": "",
    "weightValue": 0.18,
    "weightUnit": "kg",
    "comparePrice": "171,94 kr/kg",
    "currentPrice": 30.95,
    "attributes": [],
    "imgUrl": "https://handlaprivatkund.ica.se/images-v3/bf7a00ca-390e-4769-865f-dc369586872e/fc88688e-f79c-426d-a441-f6eb27ea40d5/500x500.jpg",
    "productInformation": "Bridge är en generös mix av nio små läckra personligheter som passar utmärkt när man får besök, eller varför inte unna sig en Bridgeblandning själv? Här kan alla hitta sitt favoritgodis. Mixen innehåller Chokladdragérade hasselnötter, russin och puffat vete, choklad- och sockerdragérade mandlar, skumdragéer, röda och gula sockerdragérade chokladlinser samt lakritspinnar och mintkulor.",
    "countryText": "",
    "companyText": "Cloetta",
    "ingrediensText": "socker, kakaomassa, kakaosmör, HELMJÖLKSPULVER, melass, vegetabiliska fetter/oljor (palm, shea, kokos, raps), MANDEL, glukossirap, VETEMJÖL, SKUMMJÖLKSPULVER, HASSELNÖTTER, russin, VASSLEPULVER (MJÖLK), invertsockersirap, puffat VETE, emulgeringsmedel (SOJALECITIN, solroslecitin, E476), stabiliseringsmedel (gummi arabicum, E471), färgämnen (E171, E162, E141, E100, E120), aromer (bl.a. vanillin), ytbehandlingsmedel (bivax, karnaubavax, gummi arabicum, shellack), gelatin, ammoniumklorid (=salmiak), konsistensmedel (invertas), lakritsextrakt, modifierad stärkelse, salt, förtjockningsmedel (pektin), syra (citronsyra). Kan innehålla spår av VALNÖT och PISTASCHNÖT.",
    "storage": "",
    "allergens": "Kan innehålla Pistaschmandel Innehåller Hasselnöt Kan innehålla Valnöt Innehåller Mjölk Innehåller Spannmål som innehåller gluten Innehåller Mandel Innehåller Sojabönor",
    "usage": "",
    "nutrition": [
      {
        "Näringsvärde": "Energi (kcal)",
        "100 Gram": "466 kcal"
      },
      {
        "Näringsvärde": "Energi (kJ)",
        "100 Gram": "1961 kJ"
      },
      {
        "Näringsvärde": "Fett",
        "100 Gram": "19 g"
      },
      {
        "Näringsvärde": "Varav mättat fett",
        "100 Gram": "10 g"
      },
      {
        "Näringsvärde": "Kolhydrat",
        "100 Gram": "68 g"
      },
      {
        "Näringsvärde": "Varav sockerarter",
        "100 Gram": "63 g"
      },
      {
        "Näringsvärde": "Protein",
        "100 Gram": "5 g"
      },
      {
        "Näringsvärde": "Salt",
        "100 Gram": "0.13 g"
      }
    ],
    "nutritionUnitText": "Näringsvärde per 100 gram",
    "categories": {
      "mainCategory": "Glass, Godis & Snacks",
      "subCategories": [
        {
          "name": "Godis",
          "subSubCategories": [
            "Godispåsar",
            "Chokladpåsar"
          ]
        }
      ]
    }
  },
  {
    "name": "Cheezdoodles liten påse 35g OLW",
    "weightText": "0.035 kg",
    "caPart": "",
    "weightValue": 0.035,
    "weightUnit": "kg",
    "comparePrice": "271,43 kr/kg",
    "currentPrice": 9.5,
    "attributes": [],
    "imgUrl": "https://handlaprivatkund.ica.se/images-v3/bf7a00ca-390e-4769-865f-dc369586872e/64708ded-002a-439f-9ad2-a6ffe5f99084/500x500.jpg",
    "productInformation": "Ostbågar, ostkrokar eller cheez doodles - kärt barn har många namn. OLWs ostbågar är Sveriges mest sålda snacks, och vi förstår varför. Spröda och frasiga majsbågar som smaksatts med mild ostkrydda. En riktig klassiker till fredagsmyset. Njut och bestäm själv om du vill bjuda!",
    "countryText": "",
    "companyText": "Olw",
    "ingrediensText": "Majsmjöl, solrosolja, OSTPULVER (OST, färgämne (E160a, E 160c)), MJÖLKPULVER, salt, potatisstärkelse, druvsocker.",
    "storage": "",
    "allergens": "Innehåller Mjölk",
    "usage": "",
    "nutrition": [
      {
        "Näringsvärde": "Energi (kcal)",
        "100 Gram": "500 kcal"
      },
      {
        "Näringsvärde": "Energi (kJ)",
        "100 Gram": "2100 kJ"
      },
      {
        "Näringsvärde": "Fett",
        "100 Gram": "31 g"
      },
      {
        "Näringsvärde": "Varav mättat fett",
        "100 Gram": "4.8 g"
      },
      {
        "Näringsvärde": "Kolhydrat",
        "100 Gram": "51 g"
      },
      {
        "Näringsvärde": "Varav sockerarter",
        "100 Gram": "2.8 g"
      },
      {
        "Näringsvärde": "Protein",
        "100 Gram": "10 g"
      },
      {
        "Näringsvärde": "Salt",
        "100 Gram": "2.1 g"
      }
    ],
    "nutritionUnitText": "Näringsvärde per 100 gram",
    "categories": {
      "mainCategory": "Glass, Godis & Snacks",
      "subCategories": [
        {
          "name": "Chips & snacks",
          "subSubCategories": [
            "Ostbågar"
          ]
        }
      ]
    }
  },
  {
    "name": "Godis Tutti frutti Original 180g Fazer",
    "weightText": "0.18 kg",
    "caPart": "",
    "weightValue": 0.18,
    "weightUnit": "kg",
    "comparePrice": "113,89 kr/kg",
    "currentPrice": 20.5,
    "attributes": [],
    "imgUrl": "https://handlaprivatkund.ica.se/images-v3/bf7a00ca-390e-4769-865f-dc369586872e/9e0d8136-2657-41ee-99ff-a668bf5aae54/500x500.jpg",
    "productInformation": "Tutti Frutti Original är en godispåse från Fazer med smak av hallon, päron, citron och unika Tutti Frutti. Perfekt godis för både barn, vuxna och dig som är vegan då Tutti Frutti är gelatinfri och vegansk. Den är tillverkad med naturliga färg och smakämnen från naturliga juicer och färger från både frukt och grönsaker.",
    "countryText": "",
    "companyText": "Fazer",
    "ingrediensText": "Ingredienser: socker, glukossirap, VETEstärkelse/HVEDEstivelse, modifierad potatisstärkelse/kartoffelstivelse, surhetsreglerande medel (E270, E325), färgande livsmedel/fødevarer der farver/næringsmidler som avgir farge (koncentrat av svart morot/gulrot/sort gulerod, safflor, batat/sød kartoffel/søtpotet, spirulina och äpple), naturliga aromer, ytbehandlingsmedel (E903).",
    "storage": "",
    "allergens": "Innehåller Spannmål som innehåller gluten",
    "usage": "",
    "nutrition": [
      {
        "Näringsvärde": "Energi (kcal)",
        "100 Gram": "361 kcal"
      },
      {
        "Näringsvärde": "Energi (kJ)",
        "100 Gram": "1517 kJ"
      },
      {
        "Näringsvärde": "Fett",
        "100 Gram": "0.5 g"
      },
      {
        "Näringsvärde": "Varav mättat fett",
        "100 Gram": "0 g"
      },
      {
        "Näringsvärde": "Kolhydrat",
        "100 Gram": "89 g"
      },
      {
        "Näringsvärde": "Varav sockerarter",
        "100 Gram": "60 g"
      },
      {
        "Näringsvärde": "Protein",
        "100 Gram": "0.5 g"
      },
      {
        "Näringsvärde": "Salt",
        "100 Gram": "0.29 g"
      }
    ],
    "nutritionUnitText": "Näringsvärde per 100 gram",
    "categories": {
      "mainCategory": "Glass, Godis & Snacks",
      "subCategories": [
        {
          "name": "Godis",
          "subSubCategories": [
            "Godispåsar"
          ]
        }
      ]
    }
  },
  {
    "name": "Fruktstång Jordgubb 5-p Castus",
    "weightText": "",
    "caPart": "",
    "weightValue": 0,
    "weightUnit": "",
    "comparePrice": "5 x 5 per frp 0,90 kr/st",
    "currentPrice": 22.5,
    "attributes": [],
    "imgUrl": "https://handlaprivatkund.ica.se/images-v3/bf7a00ca-390e-4769-865f-dc369586872e/7decbd71-ac99-4475-89e6-bcf51397dd2b/500x500.jpg",
    "productInformation": "",
    "countryText": "",
    "companyText": "Castus",
    "ingrediensText": "Ingredienser: DK/N/SE Ingredienser: Frugter (dadler 87% (ikke EU oprindelse/ursprung), rosiner/russin 8%, tørrede/torkade jordbær/jordgubbar 0,9% svarende til/motsvarande 1,6 g friske/färska jordbær/jordgubbar*), solsikkeolie/solrosolja, vand/vann, naturlig jordbæraroma/jordgubbssmak 0,1%. *Beregnet/beräknet for 20 g produkt. Kan indeholde spor/spår af jordnødder/peanøtter/jordnötter og andre nødder/nøtter/nötter. Opbevares/håll tørt/tørr/torrt og ikke for varmt.",
    "storage": "",
    "allergens": "",
    "usage": "",
    "nutrition": [
      {
        "Näringsvärde": "Energi (kcal)",
        "100 Gram": "330 kcal"
      },
      {
        "Näringsvärde": "Energi (kJ)",
        "100 Gram": "1400 kJ"
      },
      {
        "Näringsvärde": "Fett",
        "100 Gram": "4.5 g"
      },
      {
        "Näringsvärde": "Varav mättat fett",
        "100 Gram": "0.5 g"
      },
      {
        "Näringsvärde": "Kolhydrat",
        "100 Gram": "66 g"
      },
      {
        "Näringsvärde": "Varav sockerarter",
        "100 Gram": "58 g"
      },
      {
        "Näringsvärde": "Fiber",
        "100 Gram": "9.5 g"
      },
      {
        "Näringsvärde": "Protein",
        "100 Gram": "2 g"
      },
      {
        "Näringsvärde": "Salt",
        "100 Gram": "0 g"
      }
    ],
    "nutritionUnitText": "Näringsvärde per 100 gram",
    "categories": {
      "mainCategory": "Glass, Godis & Snacks",
      "subCategories": [
        {
          "name": "Naturgodis, Nötter & Bars",
          "subSubCategories": [
            "Russin & Torkad frukt",
            "Övrig torkad frukt"
          ]
        }
      ]
    }
  },
  {
    "name": "Linsbågar Cheddar 150g Estrella",
    "weightText": "0.15 kg",
    "caPart": "",
    "weightValue": 0.15,
    "weightUnit": "kg",
    "comparePrice": "223,33 kr/kg",
    "currentPrice": 33.5,
    "attributes": [],
    "imgUrl": "https://handlaprivatkund.ica.se/images-v3/bf7a00ca-390e-4769-865f-dc369586872e/2f660c05-195e-46ec-8cf7-7de987eabd16/500x500.jpg",
    "productInformation": "",
    "countryText": "",
    "companyText": "Estrella",
    "ingrediensText": "Linsmjöl (32%), majsmjöl, solros- och rapsolja i varierande proportion, OSTpulver (11% varav 30%Cheddar), KÄRNMJÖLKspulver, paprikaextrakt, salt, kaliumklorid. Kan innehålla spår av JORDNÖTTER och GLUTEN.",
    "storage": "",
    "allergens": "",
    "usage": "",
    "nutrition": [
      {
        "Näringsvärde": "Energi (kcal)",
        "100 Gram": "486 kcal"
      },
      {
        "Näringsvärde": "Energi (kJ)",
        "100 Gram": "2030 kJ"
      },
      {
        "Näringsvärde": "Fett",
        "100 Gram": "29 g"
      },
      {
        "Näringsvärde": "Varav mättat fett",
        "100 Gram": "5.4 g"
      },
      {
        "Näringsvärde": "Kolhydrat",
        "100 Gram": "39 g"
      },
      {
        "Näringsvärde": "Varav sockerarter",
        "100 Gram": "2.3 g"
      },
      {
        "Näringsvärde": "Fiber",
        "100 Gram": "3.4 g"
      },
      {
        "Näringsvärde": "Protein",
        "100 Gram": "16.3 g"
      },
      {
        "Näringsvärde": "Salt",
        "100 Gram": "1.8 g"
      }
    ],
    "nutritionUnitText": "Näringsvärde per 100 gram",
    "categories": {
      "mainCategory": "Glass, Godis & Snacks",
      "subCategories": [
        {
          "name": "Chips & snacks",
          "subSubCategories": [
            "Ostbågar"
          ]
        }
      ]
    }
  },
  {
    "name": "Choklad Co-Co Dubbel 60g Marabou",
    "weightText": "0.06 kg",
    "caPart": "",
    "weightValue": 0.06,
    "weightUnit": "kg",
    "comparePrice": "249,17 kr/kg",
    "currentPrice": 14.95,
    "attributes": [],
    "imgUrl": "https://handlaprivatkund.ica.se/images-v3/bf7a00ca-390e-4769-865f-dc369586872e/9206d04f-7526-4bf0-906a-053fa0e0b9ea/500x500.jpg",
    "productInformation": "Marabou Co-Co är en underbar kokostoffé överdragen med vår älskade Marabou mjölkchoklad som får en att drömma sig bort till exotiska platser. Njut av chokladen på språng eller i en lugn och skön hemmamiljö. Genom Cocoa Life, vårt program för en hållbar kakaoproduktion, bidrar Marabou till att kakao odlas på rätt sätt, för att skydda planeten och respektera mänskliga rättigheter i vår värdekedja. Läs mer om Cocoa Life här www.cocoalife.org.",
    "countryText": "",
    "companyText": "Marabou",
    "ingrediensText": "Ingredienser: Kokos (28%), socker, sockrad kondenserad SKUMMJÖLK, invertsocker, MJÖLKPULVER, kakaosmör, kakaomassa, glukossirap, palmolja, emulgeringsmedel (SOJALECITIN, solroslecitin), aromer. KAN INNEHÅLLA JORDNÖTTER, NÖTTER, ÄGG OCH VETE.",
    "storage": "",
    "allergens": "",
    "usage": "",
    "nutrition": [
      {
        "Näringsvärde": "Energi (kcal)",
        "100 Gram": "520 kcal"
      },
      {
        "Näringsvärde": "Energi (kJ)",
        "100 Gram": "2160 kJ"
      },
      {
        "Näringsvärde": "Fett",
        "100 Gram": "30 g"
      },
      {
        "Näringsvärde": "Varav mättat fett",
        "100 Gram": "23 g"
      },
      {
        "Näringsvärde": "Kolhydrat",
        "100 Gram": "53.5 g"
      },
      {
        "Näringsvärde": "Varav sockerarter",
        "100 Gram": "48 g"
      },
      {
        "Näringsvärde": "Fiber",
        "100 Gram": "5.2 g"
      },
      {
        "Näringsvärde": "Protein",
        "100 Gram": "5.8 g"
      },
      {
        "Näringsvärde": "Salt",
        "100 Gram": "0.15 g"
      }
    ],
    "nutritionUnitText": "Näringsvärde per 100 gram",
    "categories": {
      "mainCategory": "Glass, Godis & Snacks",
      "subCategories": [
        {
          "name": "Choklad",
          "subSubCategories": [
            "Chokladstycksaker"
          ]
        }
      ]
    }
  },
  {
    "name": "Godispåse Fizzypop 85g Malaco",
    "weightText": "0.085 kg",
    "caPart": "",
    "weightValue": 0.085,
    "weightUnit": "kg",
    "comparePrice": "158,82 kr/kg",
    "currentPrice": 13.5,
    "attributes": [],
    "imgUrl": "https://handlaprivatkund.ica.se/images-v3/bf7a00ca-390e-4769-865f-dc369586872e/ecb9e8e2-5708-4994-bb10-26b6a1c82e92/500x500.jpg",
    "productInformation": "Fizzypop är välkända rosa och blå godisflaskor med en mjuk konsistens och en god bubbelgumsmak. Påsen består av en minivariant av de populära Fizzypop-flaskorna du hittar där du köper lösgodis. Godispåsen innehåller 85g. Fri från palmolja samt utan artificiella färgämnen och aromer. Malaco - Lördag hela veckan",
    "countryText": "",
    "companyText": "Malaco",
    "ingrediensText": "glukossirap, socker/sukker, gelatin, surhedsregulerende middel (natriumkarbonater), syror (citronsyra, äppel-/æble-/eplesyre), fullhärdad/helt hærdet/fullherdet solros-/solsikke olja, koncentrat från (spirulina, morot/gulerod, svarta vinbär/solbær), naturlig arom.",
    "storage": "",
    "allergens": "",
    "usage": "",
    "nutrition": [
      {
        "Näringsvärde": "Energi (kcal)",
        "100 Gram": "336 kcal"
      },
      {
        "Näringsvärde": "Energi (kJ)",
        "100 Gram": "1427 kJ"
      },
      {
        "Näringsvärde": "Fett",
        "100 Gram": "0.5 g"
      },
      {
        "Näringsvärde": "Varav mättat fett",
        "100 Gram": "0.5 g"
      },
      {
        "Näringsvärde": "Kolhydrat",
        "100 Gram": "77 g"
      },
      {
        "Näringsvärde": "Varav sockerarter",
        "100 Gram": "65 g"
      },
      {
        "Näringsvärde": "Protein",
        "100 Gram": "4.6 g"
      },
      {
        "Näringsvärde": "Salt",
        "100 Gram": "1.05 g"
      }
    ],
    "nutritionUnitText": "Näringsvärde per 100 gram",
    "categories": {
      "mainCategory": "Glass, Godis & Snacks",
      "subCategories": [
        {
          "name": "Godis",
          "subSubCategories": [
            "Godispåsar"
          ]
        }
      ]
    }
  },
  {
    "name": "Majskoner Choklad Smash 100g OLW",
    "weightText": "0.1 kg",
    "caPart": "",
    "weightValue": 0.1,
    "weightUnit": "kg",
    "comparePrice": "329,50 kr/kg",
    "currentPrice": 32.95,
    "attributes": [
      "Rainforest Alliance certifierad"
    ],
    "imgUrl": "https://handlaprivatkund.ica.se/images-v3/bf7a00ca-390e-4769-865f-dc369586872e/7cc0bbb5-b72e-4e4b-be5e-e38fd16596e4/500x500.jpg",
    "productInformation": "OLW Smash - en oemotståndlig kombination av sött, salt och sprött. Smash är spröda majskoner doppade i mjölkchoklad. Omöjligt att bara ta en!",
    "countryText": "",
    "companyText": "Smash",
    "ingrediensText": "Ingredienser: Socker, MJÖLKPULVER, majsmjöl, kakaosmör, kakaomassa, solrosolja, sheaolja, tapiokastärkelse, kokosolja, emulgeringsmedel (SOJALECITIN), bakpulver (natriumbikarbonat), salt, arom. Kan innehålla spår av NÖTTER.",
    "storage": "",
    "allergens": "Innehåller Mjölk Innehåller Sojabönor Kan innehålla Nötter (eng: tree nuts)",
    "usage": "",
    "nutrition": [
      {
        "Näringsvärde": "Energi (kcal)",
        "100 Gram": "540 kcal"
      },
      {
        "Näringsvärde": "Energi (kJ)",
        "100 Gram": "2240 kJ"
      },
      {
        "Näringsvärde": "Fett",
        "100 Gram": "33 g"
      },
      {
        "Näringsvärde": "Varav mättat fett",
        "100 Gram": "17 g"
      },
      {
        "Näringsvärde": "Kolhydrat",
        "100 Gram": "52 g"
      },
      {
        "Näringsvärde": "Varav sockerarter",
        "100 Gram": "39 g"
      },
      {
        "Näringsvärde": "Protein",
        "100 Gram": "8.1 g"
      },
      {
        "Näringsvärde": "Salt",
        "100 Gram": "0.87 g"
      }
    ],
    "nutritionUnitText": "Näringsvärde per 100 gram",
    "categories": {
      "mainCategory": "Glass, Godis & Snacks",
      "subCategories": [
        {
          "name": "Godis",
          "subSubCategories": [
            "Godispåsar",
            "Chokladpåsar"
          ]
        }
      ]
    }
  },
  {
    "name": "Popcorn Cheddar 80g Estrella",
    "weightText": "0.08 kg",
    "caPart": "",
    "weightValue": 0.08,
    "weightUnit": "kg",
    "comparePrice": "168,75 kr/kg",
    "currentPrice": 13.5,
    "attributes": [],
    "imgUrl": "https://handlaprivatkund.ica.se/images-v3/bf7a00ca-390e-4769-865f-dc369586872e/988bc328-ee93-451a-a594-b11f74461cc3/500x500.jpg",
    "productInformation": "Estrella Färdigpoppade Popcorn Cheddar är det självklara valet för ost- och popcornälskare. Extra fluffiga, färdigpoppade popcorn med härlig sälta kombinerat med fyllig, ostig smak av cheddar. Generöst kryddade biopopcorn som passar filmkväll, fest, parkhäng och alla andra snackstillfällen året runt. Ready to eat och perfekta att dela med kompisen.",
    "countryText": "",
    "companyText": "Estrella",
    "ingrediensText": "Ingredienser: Majskärnor, solros-/rapsolja, kryddblandning (OSTpulver 30% (varav Cheddar 1,5%), KÄRNMJÖLKspulver, salt, VASSLEepulver(från MJÖLK), naturlig arom, socker, syra (askorbinsyra), färgämne (kurkumin)).",
    "storage": "",
    "allergens": "",
    "usage": "",
    "nutrition": [
      {
        "Näringsvärde": "Energi (kcal)",
        "100 Gram": "458 kcal"
      },
      {
        "Näringsvärde": "Energi (kJ)",
        "100 Gram": "1916 kJ"
      },
      {
        "Näringsvärde": "Fett",
        "100 Gram": "21 g"
      },
      {
        "Näringsvärde": "Varav mättat fett",
        "100 Gram": "2.8 g"
      },
      {
        "Näringsvärde": "Kolhydrat",
        "100 Gram": "51 g"
      },
      {
        "Näringsvärde": "Varav sockerarter",
        "100 Gram": "2.4 g"
      },
      {
        "Näringsvärde": "Fiber",
        "100 Gram": "12.1 g"
      },
      {
        "Näringsvärde": "Protein",
        "100 Gram": "11.3 g"
      },
      {
        "Näringsvärde": "Salt",
        "100 Gram": "2 g"
      }
    ],
    "nutritionUnitText": "Näringsvärde per 100 gram",
    "categories": {
      "mainCategory": "Glass, Godis & Snacks",
      "subCategories": [
        {
          "name": "Chips & snacks",
          "subSubCategories": [
            "Popcorn"
          ]
        }
      ]
    }
  },
  {
    "name": "Godis Ferrari Salt hallon 120g Toms",
    "weightText": "0.12 kg",
    "caPart": "",
    "weightValue": 0.12,
    "weightUnit": "kg",
    "comparePrice": "141,25 kr/kg",
    "currentPrice": 16.95,
    "attributes": [],
    "imgUrl": "https://handlaprivatkund.ica.se/images-v3/bf7a00ca-390e-4769-865f-dc369586872e/264c2218-6163-4e1b-9a4f-0c5ad230faf5/500x500.jpg",
    "productInformation": "Små ferraribilar av saltkanderat vingummi med hallonsmak. Utan palmolja. Innehåller endast naturliga färgämnen.",
    "countryText": "",
    "companyText": "Toms",
    "ingrediensText": "Ingredienser: Socker, glukossirap, modifierad majsstärkelse, gelatin, ammoniumklorid 2%, aromämne, surhetsreglerande medel (citronsyra), färgämne (karmin), full härdat vegetabiliskt fett (raps).",
    "storage": "Förvaras torrt och svalt.",
    "allergens": "",
    "usage": "",
    "nutrition": [
      {
        "Näringsvärde": "Energi (kcal)",
        "100 Gram": "355 kcal"
      },
      {
        "Näringsvärde": "Energi (kJ)",
        "100 Gram": "1507 kJ"
      },
      {
        "Näringsvärde": "Fett",
        "100 Gram": "0.5 g"
      },
      {
        "Näringsvärde": "Varav mättat fett",
        "100 Gram": "0.1 g"
      },
      {
        "Näringsvärde": "Kolhydrat",
        "100 Gram": "82 g"
      },
      {
        "Näringsvärde": "Varav sockerarter",
        "100 Gram": "52 g"
      },
      {
        "Näringsvärde": "Protein",
        "100 Gram": "5 g"
      },
      {
        "Näringsvärde": "Salt",
        "100 Gram": "0.01 g"
      }
    ],
    "nutritionUnitText": "Näringsvärde per 100 gram",
    "categories": {
      "mainCategory": "Glass, Godis & Snacks",
      "subCategories": [
        {
          "name": "Godis",
          "subSubCategories": [
            "Godispåsar"
          ]
        }
      ]
    }
  },
  {
    "name": "Choklad Pigall Dubbel 40g Marabou",
    "weightText": "0.04 kg",
    "caPart": "",
    "weightValue": 0.04,
    "weightUnit": "kg",
    "comparePrice": "373,75 kr/kg",
    "currentPrice": 14.95,
    "attributes": [],
    "imgUrl": "https://handlaprivatkund.ica.se/images-v3/bf7a00ca-390e-4769-865f-dc369586872e/e81e93bb-5a8c-44e3-9f31-2f91fda49a3b/500x500.jpg",
    "productInformation": "Klassikern Pigall är en lätt, vispad hasselnötstryffel med ett täcke av len mjölkchoklad. Njut av chokladen på språng eller i en lugn och skön hemmamiljö. Genom Cocoa Life, vårt program för en hållbar kakaoproduktion, bidrar Marabou till att kakao odlas på rätt sätt, för att skydda planeten och respektera mänskliga rättigheter i vår värdekedja. Läs mer om Cocoa Life här www.cocoalife.org.",
    "countryText": "",
    "companyText": "Marabou",
    "ingrediensText": "Ingredienser: Socker, palmolja/palmeolie, kokosolja, MJÖLK-/MÆLKEPULVER, kakaosmör, riscrisp 7% (rismjöl/rismel, socker, glukossirap, salt, maltextrakt från KORN/fra BYG), kakaomassa, HASSELNÖTTER, fettreducerad/fedtfattig kakao, emulgeringsmedel/emulgatorer (SOJALECITIN, solroslecitin/solsikkelecithin, E476), salt, aromer.KAN INNEHÅLLA JORDNÖTTER, ANDRA NÖTTER, ÄGG OCH VETE/JORDNØDDER, ANDRE NØDDER, ÆG OG HVEDE",
    "storage": "",
    "allergens": "",
    "usage": "",
    "nutrition": [
      {
        "Näringsvärde": "Energi (kcal)",
        "100 Gram": "625 kcal"
      },
      {
        "Näringsvärde": "Energi (kJ)",
        "100 Gram": "2600 kJ"
      },
      {
        "Näringsvärde": "Fett",
        "100 Gram": "47.5 g"
      },
      {
        "Näringsvärde": "Varav mättat fett",
        "100 Gram": "36.5 g"
      },
      {
        "Näringsvärde": "Kolhydrat",
        "100 Gram": "44.5 g"
      },
      {
        "Näringsvärde": "Varav sockerarter",
        "100 Gram": "38 g"
      },
      {
        "Näringsvärde": "Fiber",
        "100 Gram": "1.2 g"
      },
      {
        "Näringsvärde": "Protein",
        "100 Gram": "4.4 g"
      },
      {
        "Näringsvärde": "Salt",
        "100 Gram": "0.13 g"
      }
    ],
    "nutritionUnitText": "Näringsvärde per 100 gram",
    "categories": {
      "mainCategory": "Glass, Godis & Snacks",
      "subCategories": [
        {
          "name": "Choklad",
          "subSubCategories": [
            "Chokladstycksaker"
          ]
        }
      ]
    }
  },
  {
    "name": "Kick Original 19g",
    "weightText": "0.019 kg",
    "caPart": "",
    "weightValue": 0.019,
    "weightUnit": "kg",
    "comparePrice": "313,16 kr/kg",
    "currentPrice": 5.95,
    "attributes": [],
    "imgUrl": "https://handlaprivatkund.ica.se/images-v3/bf7a00ca-390e-4769-865f-dc369586872e/f50199ff-dd89-486c-be93-46837403d100/500x500.jpg",
    "productInformation": "Lakritskola med mjuk konsistens som funnits sedan 1954. Passar när du vill ha dig något sött.",
    "countryText": "",
    "companyText": "Malaco",
    "ingrediensText": "glukossirap, sockrad kondenserad SKUMMJÖLK, socker, fullhärdad kokosolja, glukos-fruktossirap, lakritsextrakt, aromer, färgämne (E153).",
    "storage": "",
    "allergens": "Innehåller Mjölk",
    "usage": "",
    "nutrition": [
      {
        "Näringsvärde": "Energi (kcal)",
        "100 Gram": "436 kcal"
      },
      {
        "Näringsvärde": "Energi (kJ)",
        "100 Gram": "1833 kJ"
      },
      {
        "Näringsvärde": "Fett",
        "100 Gram": "15 g"
      },
      {
        "Näringsvärde": "Varav mättat fett",
        "100 Gram": "15 g"
      },
      {
        "Näringsvärde": "Kolhydrat",
        "100 Gram": "72 g"
      },
      {
        "Näringsvärde": "Varav sockerarter",
        "100 Gram": "53 g"
      },
      {
        "Näringsvärde": "Protein",
        "100 Gram": "2.8 g"
      },
      {
        "Näringsvärde": "Salt",
        "100 Gram": "0.11 g"
      }
    ],
    "nutritionUnitText": "Näringsvärde per 100 gram",
    "categories": {
      "mainCategory": "Glass, Godis & Snacks",
      "subCategories": [
        {
          "name": "Godis",
          "subSubCategories": [
            "Lakrits"
          ]
        }
      ]
    }
  },
  {
    "name": "Godispåse Nappar Sura 80g Haribo",
    "weightText": "0.08 kg",
    "caPart": "",
    "weightValue": 0.08,
    "weightUnit": "kg",
    "comparePrice": "143,75 kr/kg",
    "currentPrice": 11.5,
    "attributes": [],
    "imgUrl": "https://handlaprivatkund.ica.se/images-v3/bf7a00ca-390e-4769-865f-dc369586872e/41bc34a6-a173-4a87-98c2-4756487591dd/500x500.jpg",
    "productInformation": "De kända napparna med härligt syrlig smak",
    "countryText": "",
    "companyText": "Haribo",
    "ingrediensText": "Ingredienser: Glukossirap; socker; gelatin; druvsocker; syror: citronsyra, äppelsyra; surhetsreglerande medel: calciumcitrat, natriumvätemalat; frukt- och plantkoncentrat: spirulina, safflor, äpple, citron, rättika, sötpotatis, morot, svarta vinbär, hibiskus; invertsockersirap; arom; ytbehandlingsmedel: karnaubavax.",
    "storage": "Skyddas mot värme och fukt Lägsta förvaringstemperatur 13°C Högsta förvaringstemperatur 25°C",
    "allergens": "",
    "usage": "",
    "nutrition": [
      {
        "Näringsvärde": "Energi (kcal)",
        "100 Gram": "345 kcal"
      },
      {
        "Näringsvärde": "Energi (kJ)",
        "100 Gram": "1463 kJ"
      },
      {
        "Näringsvärde": "Fett",
        "100 Gram": "0 g"
      },
      {
        "Näringsvärde": "Varav mättat fett",
        "100 Gram": "0 g"
      },
      {
        "Näringsvärde": "Kolhydrat",
        "100 Gram": "80 g"
      },
      {
        "Näringsvärde": "Varav sockerarter",
        "100 Gram": "49 g"
      },
      {
        "Näringsvärde": "Protein",
        "100 Gram": "5 g"
      },
      {
        "Näringsvärde": "Salt",
        "100 Gram": "0.01 g"
      }
    ],
    "nutritionUnitText": "Näringsvärde per 100 gram",
    "categories": {
      "mainCategory": "Glass, Godis & Snacks",
      "subCategories": [
        {
          "name": "Godis",
          "subSubCategories": [
            "Godispåsar"
          ]
        }
      ]
    }
  },
  {
    "name": "Gammaldags gräddglass Äkta vanilj 1.75L Triumf Glass",
    "weightText": "1.75 l",
    "caPart": "",
    "weightValue": 1.75,
    "weightUnit": "l",
    "comparePrice": "26,83 kr/l",
    "currentPrice": 46.95,
    "attributes": [
      "Ursprungsland Sverige"
    ],
    "imgUrl": "https://handlaprivatkund.ica.se/images-v3/bf7a00ca-390e-4769-865f-dc369586872e/7d339f02-770d-4011-8d62-9728ddad9997/500x500.jpg",
    "productInformation": "En gammaldags vaniljglass med vaniljsmak. Gjord på färsk svensk grädde. Från Glassfabriken i Sävedalen",
    "countryText": "Sverige",
    "companyText": "Triumf Glass",
    "ingrediensText": "INGREDIENSER: SKUMMJÖLK, GRÄDDE 23%, socker, vasslepulver (av MJÖLK), glukos-fruktossirap, vegetabiliskt emulgeringsmedel (mono- och diglycerider av fettsyror), stabiliseringsmedel (fruktkärnmjöl, guarkärnmjöl, karragenan), mald vaniljstång, vaniljarom.",
    "storage": "Lägsta förvaringstemperatur -35°C Högsta förvaringstemperatur -18°C",
    "allergens": "Innehåller Mjölk",
    "usage": "",
    "nutrition": [
      {
        "Näringsvärde": "Energi (kcal)",
        "100 Gram": "180 kcal"
      },
      {
        "Näringsvärde": "Energi (kJ)",
        "100 Gram": "800 kJ"
      },
      {
        "Näringsvärde": "Fett",
        "100 Gram": "9.8 g"
      },
      {
        "Näringsvärde": "Varav mättat fett",
        "100 Gram": "6.5 g"
      },
      {
        "Näringsvärde": "Kolhydrat",
        "100 Gram": "22 g"
      },
      {
        "Näringsvärde": "Varav sockerarter",
        "100 Gram": "22 g"
      },
      {
        "Näringsvärde": "Protein",
        "100 Gram": "3.1 g"
      },
      {
        "Näringsvärde": "Salt",
        "100 Gram": "0.19 g"
      }
    ],
    "nutritionUnitText": "Näringsvärde per 100 gram",
    "categories": {
      "mainCategory": "Glass, Godis & Snacks",
      "subCategories": [
        {
          "name": "Glass",
          "subSubCategories": [
            "Stora Glasspaket"
          ]
        }
      ]
    }
  },
  {
    "name": "Glasstrut Jordgubb 8-p 120ml ICA Basic",
    "weightText": "",
    "caPart": "",
    "weightValue": 0,
    "weightUnit": "",
    "comparePrice": "8 per frp 4,19 kr/st",
    "currentPrice": 33.5,
    "attributes": [
      "Rainforest Alliance certifierad"
    ],
    "imgUrl": "https://handlaprivatkund.ica.se/images-v3/bf7a00ca-390e-4769-865f-dc369586872e/79e7e32c-a6cb-4935-b261-94511d994841/500x500.jpg",
    "productInformation": "Glasstrutar fyllda med glass med vanilj- och jordgubbssmak. Passar bra till kalaset eller att äta utomhus en ledig dag i solen!",
    "countryText": "",
    "companyText": "ICA Basic",
    "ingrediensText": "Glass 69% (vatten, vassleproteinkoncentrat (från MJÖLK, SKUMMJÖLK*, glukos-fruktossirap, kokosolja, socker, emulgeringsmedel (E471), stabiliseringsmedel (E410, E412), färgämne (E160a, E162), aromer), rån 20% (VETEMJÖL, socker, kokosolja, emulgeringsmedel (E322), chokladsmakande överdrag 6% (kokosolja, socker, fettreducerat kakaopulver**, emulgeringsmedel (E322), jordgubbssås 5% (jordgubbar 40%, socker, vatten, glukos-fruktos-sirap, koncentrat (svart morot, körsbär, safflor), surhetsreglerande medel (E330, E331), stabiliseringsmedel (E440), arom). Kan innehålla spår av mandel, hasselnöt, valnötter, pekannötter, pistaschnötter och makadamianötter. Produkten innehåller totalt 2% jordgubbar. *Ursprung EU. **Rainforest Alliance-certifierad.",
    "storage": "Lägsta förvaringstemperatur -30°C Högsta förvaringstemperatur -18°C",
    "allergens": "Innehåller Mjölk Kan innehålla Nötter (eng: tree nuts) Innehåller Spannmål som innehåller gluten",
    "usage": "",
    "nutrition": [
      {
        "Näringsvärde": "Energi (kcal)",
        "100 Gram": "257 kcal"
      },
      {
        "Näringsvärde": "Energi (kJ)",
        "100 Gram": "1079 kJ"
      },
      {
        "Näringsvärde": "Fett",
        "100 Gram": "10 g"
      },
      {
        "Näringsvärde": "Varav mättat fett",
        "100 Gram": "8.5 g"
      },
      {
        "Näringsvärde": "Kolhydrat",
        "100 Gram": "38 g"
      },
      {
        "Näringsvärde": "Varav sockerarter",
        "100 Gram": "26 g"
      },
      {
        "Näringsvärde": "Protein",
        "100 Gram": "3.4 g"
      },
      {
        "Näringsvärde": "Salt",
        "100 Gram": "0.15 g"
      }
    ],
    "nutritionUnitText": "Näringsvärde per 100 gram",
    "categories": {
      "mainCategory": "Glass, Godis & Snacks",
      "subCategories": [
        {
          "name": "Glass",
          "subSubCategories": [
            "Strutglass"
          ]
        }
      ]
    }
  },
  {
    "name": "Chips Cream Cheese & Onion 275g Estrella",
    "weightText": "0.275 kg",
    "caPart": "",
    "weightValue": 0.275,
    "weightUnit": "kg",
    "comparePrice": "114,55 kr/kg",
    "currentPrice": 31.5,
    "attributes": [],
    "imgUrl": "https://handlaprivatkund.ica.se/images-v3/bf7a00ca-390e-4769-865f-dc369586872e/bb55348e-c1c7-483b-b400-54f113c07787/500x500.jpg",
    "productInformation": "",
    "countryText": "",
    "companyText": "Estrella",
    "ingrediensText": "Potatis, solros- och rapsolja i varierande proportion, kryddblandning (lökpulver, salt, socker, VASSLEpulver (MJÖLK), jästextrakt, GRÄDDpulver, OSTpulver, naturliga aromer (MJÖLK), syror (citron-, askorbinsyra)).",
    "storage": "",
    "allergens": "",
    "usage": "",
    "nutrition": [
      {
        "Näringsvärde": "Energi (kcal)",
        "100 Gram": "518 kcal"
      },
      {
        "Näringsvärde": "Energi (kJ)",
        "100 Gram": "2157 kJ"
      },
      {
        "Näringsvärde": "Fett",
        "100 Gram": "33 g"
      },
      {
        "Näringsvärde": "Varav mättat fett",
        "100 Gram": "2.7 g"
      },
      {
        "Näringsvärde": "Kolhydrat",
        "100 Gram": "46 g"
      },
      {
        "Näringsvärde": "Varav sockerarter",
        "100 Gram": "1.95 g"
      },
      {
        "Näringsvärde": "Fiber",
        "100 Gram": "5.4 g"
      },
      {
        "Näringsvärde": "Protein",
        "100 Gram": "5.9 g"
      },
      {
        "Näringsvärde": "Salt",
        "100 Gram": "1.4 g"
      }
    ],
    "nutritionUnitText": "Näringsvärde per 100 gram",
    "categories": {
      "mainCategory": "Glass, Godis & Snacks",
      "subCategories": [
        {
          "name": "Chips & snacks",
          "subSubCategories": [
            "Chips"
          ]
        }
      ]
    }
  },
  {
    "name": "Gräddglass Kola & Havssalt 500ml Sia Glass",
    "weightText": "0.5 l",
    "caPart": "",
    "weightValue": 0.5,
    "weightUnit": "l",
    "comparePrice": "33,90 kr/l",
    "currentPrice": 16.95,
    "attributes": [
      "Ursprungsland Sverige"
    ],
    "imgUrl": "https://handlaprivatkund.ica.se/images-v3/bf7a00ca-390e-4769-865f-dc369586872e/43469168-c427-4c76-bfba-df9337297b60/500x500.jpg",
    "productInformation": "Svensk krämig gräddglass med kolasmak, havssalt och kolasås.SIA Glass är ett familjeföretag med hjärtat i halländska Slöinge. Det är med kärlek för hantverket och omtanke om djur och natur som vi tillverkar all vår gräddglass i Sverige. Alltid gjord på svensk färsk grädde.",
    "countryText": "Sverige",
    "companyText": "SIA Glass",
    "ingrediensText": "Ingredienser: SKUMMJÖLK, GRÄDDE (21%)*, glukossirap, socker, druvsocker, kondenserad MJÖLK, SMÖR, farinsocker, glukos-fruktossirap, arom, färgämne (sockerkulör E150b, betakaroten), emulgeringsmedel (mono- och diglycerider av veg fettsyror), stabiliseringsmedel (fruktkärnmjöl, guarkärnmjöl, pektin), havssalt, salt.*Grädde med 40% fetthalt.",
    "storage": "Lägsta förvaringstemperatur -25°C Högsta förvaringstemperatur -18°C",
    "allergens": "Innehåller Mjölk",
    "usage": "",
    "nutrition": [
      {
        "Näringsvärde": "Energi (kcal)",
        "100 Gram": "220 kcal"
      },
      {
        "Näringsvärde": "Energi (kJ)",
        "100 Gram": "950 kJ"
      },
      {
        "Näringsvärde": "Fett",
        "100 Gram": "9.5 g"
      },
      {
        "Näringsvärde": "Varav mättat fett",
        "100 Gram": "6.2 g"
      },
      {
        "Näringsvärde": "Kolhydrat",
        "100 Gram": "30 g"
      },
      {
        "Näringsvärde": "Varav sockerarter",
        "100 Gram": "27 g"
      },
      {
        "Näringsvärde": "Fiber",
        "100 Gram": "0.5 g"
      },
      {
        "Näringsvärde": "Protein",
        "100 Gram": "3.8 g"
      },
      {
        "Näringsvärde": "Salt",
        "100 Gram": "0.3 g"
      },
      {
        "Näringsvärde": "Vitamin B12",
        "100 Gram": "0 µg"
      },
      {
        "Näringsvärde": "Vitamin D",
        "100 Gram": "0 µg"
      },
      {
        "Näringsvärde": "Folsyra",
        "100 Gram": "0 µg"
      },
      {
        "Näringsvärde": "Selen",
        "100 Gram": "0 µg"
      }
    ],
    "nutritionUnitText": "Näringsvärde per 100 gram",
    "categories": {
      "mainCategory": "Glass, Godis & Snacks",
      "subCategories": [
        {
          "name": "Glass",
          "subSubCategories": [
            "Små Glasspaket"
          ]
        }
      ]
    }
  },
  {
    "name": "Glasstrut Vanilj Choklad 8-p 120ml ICA Basic",
    "weightText": "",
    "caPart": "",
    "weightValue": 0,
    "weightUnit": "",
    "comparePrice": "8 per frp 4,19 kr/st",
    "currentPrice": 33.5,
    "attributes": [
      "Rainforest Alliance certifierad"
    ],
    "imgUrl": "https://handlaprivatkund.ica.se/images-v3/bf7a00ca-390e-4769-865f-dc369586872e/eb93e138-69ce-44b9-a3b5-b3a0ff46550f/500x500.jpg",
    "productInformation": "Glasstrutar fyllda med glass med vaniljsmak. Passar bra till kalaset eller att äta utomhus en ledig dag i solen!",
    "countryText": "",
    "companyText": "ICA Basic",
    "ingrediensText": "Glass 69% (vatten, vassleproteinkoncentrat (från MJÖLK*), SKUMMJÖLK*, glukos-fruktossirap, kokosolja, socker, emulgeringsmedel (E471), stabiliseringsmedel (E410, E412), färgämne (E160a), arom), rån 20% (VETEMJÖL, socker, kokosfett, emulgeringsmedel (E322), topping med smak av choklad 10% (kokosfett, socker, fettreducerat kakaopulver**, emulgeringsmedel (E322), rostade och sockrade hasselnötter 1% (socker, HASSELNÖTTER)). Kan innehålla spår av mandel, valnötter, pekannötter, pistaschnötter och makadamianötter. *Ursprung EU. **Rainforest Alliance-certifierad.",
    "storage": "Förvaras i frysutrymme (-18°C eller kallare) till angivet bäst före utgången av datum. Bör ej frysas efter upptining. Lägsta förvaringstemperatur -30°C Högsta förvaringstemperatur -18°C",
    "allergens": "Innehåller Nötter (eng: tree nuts) Innehåller Spannmål som innehåller gluten Innehåller Mjölk",
    "usage": "",
    "nutrition": [
      {
        "Näringsvärde": "Energi (kcal)",
        "100 Gram": "276 kcal"
      },
      {
        "Näringsvärde": "Energi (kJ)",
        "100 Gram": "1156 kJ"
      },
      {
        "Näringsvärde": "Fett",
        "100 Gram": "12 g"
      },
      {
        "Näringsvärde": "Varav mättat fett",
        "100 Gram": "10 g"
      },
      {
        "Näringsvärde": "Kolhydrat",
        "100 Gram": "38 g"
      },
      {
        "Näringsvärde": "Varav sockerarter",
        "100 Gram": "26 g"
      },
      {
        "Näringsvärde": "Protein",
        "100 Gram": "3.5 g"
      },
      {
        "Näringsvärde": "Salt",
        "100 Gram": "0.15 g"
      }
    ],
    "nutritionUnitText": "Näringsvärde per 100 gram",
    "categories": {
      "mainCategory": "Glass, Godis & Snacks",
      "subCategories": [
        {
          "name": "Glass",
          "subSubCategories": [
            "Strutglass"
          ]
        }
      ]
    }
  },
  {
    "name": "Chokladkaka Mintkrokant 160g Marabou",
    "weightText": "0.16 kg",
    "caPart": "",
    "weightValue": 0.16,
    "weightUnit": "kg",
    "comparePrice": "193,44 kr/kg",
    "currentPrice": 30.95,
    "attributes": [],
    "imgUrl": "https://handlaprivatkund.ica.se/images-v3/bf7a00ca-390e-4769-865f-dc369586872e/198ee01e-bfcf-4696-8b1e-0d83c843150f/500x500.jpg",
    "productInformation": "Marabou Mintkrokant är en Marabou Mjölkchokladkaka med krispiga bitar av mandelkrokant och mint som passar för alla tillfällen. Genom Cocoa Life, vårt program för en hållbar kakaoproduktion, bidrar Marabou till att kakao odlas på rätt sätt, för att skydda planeten och respektera mänskliga rättigheter i vår värdekedja. Läs mer om Cocoa Life här www.cocoalife.org.",
    "countryText": "",
    "companyText": "Marabou",
    "ingrediensText": "Ingredienser: Socker, kakaosmör, kakaomassa, vasslepulver (MJÖLK), palmolja, SKUMMJÖLKSPULVER, SMÖRFETT, vassleprodukt (MJÖLK), MANDEL, sockrad kondenserad SKUMMJÖLK, emulgeringsmedel (SOJALECITINER), salt, aromer. Minst 30% kakao. KAN INNEHÅLLA ANDRA NÖTTER OCH VETE.",
    "storage": "",
    "allergens": "",
    "usage": "",
    "nutrition": [
      {
        "Näringsvärde": "Energi (kcal)",
        "100 Gram": "544 kcal"
      },
      {
        "Näringsvärde": "Energi (kJ)",
        "100 Gram": "2270 kJ"
      },
      {
        "Näringsvärde": "Fett",
        "100 Gram": "32 g"
      },
      {
        "Näringsvärde": "Varav mättat fett",
        "100 Gram": "18 g"
      },
      {
        "Näringsvärde": "Kolhydrat",
        "100 Gram": "60 g"
      },
      {
        "Näringsvärde": "Varav sockerarter",
        "100 Gram": "59 g"
      },
      {
        "Näringsvärde": "Fiber",
        "100 Gram": "1.6 g"
      },
      {
        "Näringsvärde": "Protein",
        "100 Gram": "3.9 g"
      },
      {
        "Näringsvärde": "Salt",
        "100 Gram": "0.46 g"
      }
    ],
    "nutritionUnitText": "Näringsvärde per 100 gram",
    "categories": {
      "mainCategory": "Glass, Godis & Snacks",
      "subCategories": [
        {
          "name": "Choklad",
          "subSubCategories": [
            "Chokladkakor"
          ]
        }
      ]
    }
  },
  {
    "name": "Dipmix Ranch 24g Estrella",
    "weightText": "0.024 kg",
    "caPart": "",
    "weightValue": 0.024,
    "weightUnit": "kg",
    "comparePrice": "497,92 kr/kg",
    "currentPrice": 11.95,
    "attributes": [],
    "imgUrl": "https://handlaprivatkund.ica.se/images-v3/bf7a00ca-390e-4769-865f-dc369586872e/47074249-8065-49b2-b75a-a9d54cb9985b/500x500.jpg",
    "productInformation": "Estrella Dippmix Ranch är en fyllig dipp med mild smak av tomat, lök, ost, paprika och vitlök. En färdig kryddblandning som gör grönsaker till godsaker! Blanda med gräddfil och dippa fint skurna grönsakstavar, dina favoritchips eller servera som kall sås till grillat eller sallad. Ett enkelt sätt att krydda till vardagen, helgen med vilket krispigt tillfälle som helst.",
    "countryText": "",
    "companyText": "Estrella",
    "ingrediensText": "Maltodextrin, salt, glutenfri KORNstärkelse, socker, VASSLEPULVER (från MJÖLK), tomatpulver, druvsocker, MJÖLKPULVER, lökpulver, OSTPULVER, vitlökspulver, jästextrakt, paprikapulver, persilja, arom, syra (mjölksyra), paprikaextrakt.",
    "storage": "",
    "allergens": "Innehåller Mjölk",
    "usage": "",
    "nutrition": [
      {
        "Näringsvärde": "Energi (kcal)",
        "100 Gram": "325 kcal"
      },
      {
        "Näringsvärde": "Energi (kJ)",
        "100 Gram": "1360 kJ"
      },
      {
        "Näringsvärde": "Fett",
        "100 Gram": "2.9 g"
      },
      {
        "Näringsvärde": "Varav mättat fett",
        "100 Gram": "1.3 g"
      },
      {
        "Näringsvärde": "Kolhydrat",
        "100 Gram": "65 g"
      },
      {
        "Näringsvärde": "Varav sockerarter",
        "100 Gram": "32 g"
      },
      {
        "Näringsvärde": "Protein",
        "100 Gram": "7.3 g"
      },
      {
        "Näringsvärde": "Salt",
        "100 Gram": "15.7 g"
      }
    ],
    "nutritionUnitText": "Näringsvärde per 100 gram",
    "categories": {
      "mainCategory": "Glass, Godis & Snacks",
      "subCategories": [
        {
          "name": "Chips & snacks",
          "subSubCategories": [
            "Dipp"
          ]
        }
      ]
    }
  },
  {
    "name": "Ostbågar Cheddar Extra Stora 210g Estrella",
    "weightText": "0.21 kg",
    "caPart": "",
    "weightValue": 0.21,
    "weightUnit": "kg",
    "comparePrice": "159,52 kr/kg",
    "currentPrice": 33.5,
    "attributes": [],
    "imgUrl": "https://handlaprivatkund.ica.se/images-v3/bf7a00ca-390e-4769-865f-dc369586872e/5a752b29-d542-43e9-b46a-4f4795643bdf/500x500.jpg",
    "productInformation": "",
    "countryText": "",
    "companyText": "Estrella",
    "ingrediensText": "Majsmjöl, solros- och rapsolja i varierande proportion, OSTpulver (12% varav Cheddar (30%), Danbo, Emmentaler och andra hårdOSTAR),KÄRNMJÖLKspulver, salt, färgämne (paprikaextrakt). Kan innehålla spår av JORDNÖTTER och GLUTEN.",
    "storage": "",
    "allergens": "",
    "usage": "",
    "nutrition": [
      {
        "Näringsvärde": "Energi (kcal)",
        "100 Gram": "509 kcal"
      },
      {
        "Näringsvärde": "Energi (kJ)",
        "100 Gram": "2120 kJ"
      },
      {
        "Näringsvärde": "Fett",
        "100 Gram": "32 g"
      },
      {
        "Näringsvärde": "Varav mättat fett",
        "100 Gram": "5.8 g"
      },
      {
        "Näringsvärde": "Kolhydrat",
        "100 Gram": "42 g"
      },
      {
        "Näringsvärde": "Varav sockerarter",
        "100 Gram": "2.8 g"
      },
      {
        "Näringsvärde": "Fiber",
        "100 Gram": "2.2 g"
      },
      {
        "Näringsvärde": "Protein",
        "100 Gram": "11 g"
      },
      {
        "Näringsvärde": "Salt",
        "100 Gram": "2 g"
      }
    ],
    "nutritionUnitText": "Näringsvärde per 100 gram",
    "categories": {
      "mainCategory": "Glass, Godis & Snacks",
      "subCategories": [
        {
          "name": "Chips & snacks",
          "subSubCategories": [
            "Ostbågar"
          ]
        }
      ]
    }
  },
  {
    "name": "Potatischips Parmesan 150g Gårdschips",
    "weightText": "0.15 kg",
    "caPart": "",
    "weightValue": 0.15,
    "weightUnit": "kg",
    "comparePrice": "190,00 kr/kg",
    "currentPrice": 28.5,
    "attributes": [],
    "imgUrl": "https://handlaprivatkund.ica.se/images-v3/bf7a00ca-390e-4769-865f-dc369586872e/06285f7d-7c11-4f61-a367-e1dd581fc51d/500x500.jpg",
    "productInformation": "",
    "countryText": "",
    "companyText": "Gårdschips",
    "ingrediensText": "67,5 % potatis, 26,5 % rapsolja, 6 % kryddblandning: Salt, VASSLEPULVER (FRÅN MJÖLK), druvsocker (majs), OSTPULVER (gjort från parmigiano reggiano), MJÖLKPROTEIN, potatisstärkelse, jästextrakt, socker, arom, surhetsreglerande medel mjölksyra.",
    "storage": "",
    "allergens": "Innehåller Mjölk",
    "usage": "",
    "nutrition": [
      {
        "Näringsvärde": "Energi (kcal)",
        "100 Gram": "500 kcal"
      },
      {
        "Näringsvärde": "Energi (kJ)",
        "100 Gram": "2093 kJ"
      },
      {
        "Näringsvärde": "Fett",
        "100 Gram": "29.7 g"
      },
      {
        "Näringsvärde": "Varav mättat fett",
        "100 Gram": "2 g"
      },
      {
        "Näringsvärde": "Kolhydrat",
        "100 Gram": "47.3 g"
      },
      {
        "Näringsvärde": "Varav sockerarter",
        "100 Gram": "2.9 g"
      },
      {
        "Näringsvärde": "Fiber",
        "100 Gram": "5.9 g"
      },
      {
        "Näringsvärde": "Protein",
        "100 Gram": "8.6 g"
      },
      {
        "Näringsvärde": "Salt",
        "100 Gram": "1.3 g"
      }
    ],
    "nutritionUnitText": "Näringsvärde per 100 gram",
    "categories": {
      "mainCategory": "Glass, Godis & Snacks",
      "subCategories": [
        {
          "name": "Chips & snacks",
          "subSubCategories": [
            "Chips"
          ]
        }
      ]
    }
  },
  {
    "name": "Chilinötter 500g ICA Basic",
    "weightText": "0.5 kg",
    "caPart": "",
    "weightValue": 0.5,
    "weightUnit": "kg",
    "comparePrice": "61,90 kr/kg",
    "currentPrice": 30.95,
    "attributes": [],
    "imgUrl": "https://handlaprivatkund.ica.se/images-v3/bf7a00ca-390e-4769-865f-dc369586872e/958efe02-2bc6-49b0-b6e8-a7e77ba4c69d/500x500.jpg",
    "productInformation": "Jordnötter hett kryddade med röd paprika, cayennepeppar, spiskummin och oregano. Passar till kalla drycker eller som aptitretare innan maten.",
    "countryText": "",
    "companyText": "ICA Basic",
    "ingrediensText": "Ingredienser: JORDNÖTTER* 50%, potatisstärkelse, solrosolja, florsocker, salt, kryddor (vitlökspulver, cayennepeppar, chilipeppar, kummin, gurkmeja, svartpeppar, koriander, jalapeño, bockhornsklöver, fänkålsfrön), socker, VETEMJÖL, VETESTÄRKELSE, lökpulver, färgämne (paprikaextrakt, E100), majsstärkelse, hydrolyserat SOJAPROTEIN, hydrolyserat majsprotein, basilika, maltodextrin, surhetsreglerande medel (E330), kryddextrakt (svartpeppar, chili), dextros. Kan innehålla spår av mandel, paranöt, cashewnöt, hasselnöt, makadamianöt, pekannöt, pistaschnöt, valnöt. *Odlade i: Icke EU.",
    "storage": "Förvaring: Torrt, skyddat mot starkt ljus och ej över normal rumstemperatur.",
    "allergens": "",
    "usage": "Observera: Tänk på att små barn kan sätta nötter i halsen.",
    "nutrition": [
      {
        "Näringsvärde": "Energi (kcal)",
        "100 Gram": "514 kcal"
      },
      {
        "Näringsvärde": "Energi (kJ)",
        "100 Gram": "2146 kJ"
      },
      {
        "Näringsvärde": "Fett",
        "100 Gram": "30 g"
      },
      {
        "Näringsvärde": "Varav mättat fett",
        "100 Gram": "4.1 g"
      },
      {
        "Näringsvärde": "Kolhydrat",
        "100 Gram": "44 g"
      },
      {
        "Näringsvärde": "Varav sockerarter",
        "100 Gram": "9.6 g"
      },
      {
        "Näringsvärde": "Protein",
        "100 Gram": "14 g"
      },
      {
        "Näringsvärde": "Salt",
        "100 Gram": "1.6 g"
      }
    ],
    "nutritionUnitText": "Näringsvärde per 100 gram",
    "categories": {
      "mainCategory": "Glass, Godis & Snacks",
      "subCategories": [
        {
          "name": "Chips & snacks",
          "subSubCategories": [
            "Salta nötter",
            "Chilinötter & Wasabinötter"
          ]
        }
      ]
    }
  },
  {
    "name": "Chips Nacho cheese 170g Doritos",
    "weightText": "0.17 kg",
    "caPart": "",
    "weightValue": 0.17,
    "weightUnit": "kg",
    "comparePrice": "185,29 kr/kg",
    "currentPrice": 31.5,
    "attributes": [],
    "imgUrl": "https://handlaprivatkund.ica.se/images-v3/bf7a00ca-390e-4769-865f-dc369586872e/341a9426-7ffe-4b54-9e39-04e6aacd9b06/500x500.jpg",
    "productInformation": "",
    "countryText": "",
    "companyText": "Doritos",
    "ingrediensText": "Majs (72%), rapsolie, ostesmag [vallepulver/mysepulver/vasselpulver (fra/från MÆLK/MELK/MJÖLK), aroma/arom (fra/från MÆLK/MELK/MJÖLK), salt, KÆRNEMÆLKS-/KÄRNMJÖLKS-/KJERNEMELKSPULVER, ostepulver (fra MÆLK/MELK/MJÖLK), tomatpulver. løg-/lökpulver, kaliumklorid, sukker/socker, hvidløg-/vitlökspulver, surhedsregulerande midler (citronsyre, mælkesyre/melksyre/mjölksyra), farvestoffer/ färgämnen (annatto extrakt bixin, karamel/sockerkulör), MÆLKE-/MJÖLK-/MELKEPROTEINER, krydderi/ kryddor, SKUMMETMÆLKS-/SKUMMJÖLK-/SKUMMETMELKSPULVER, smagsforstærker/smakförstärkar /dinatrium-5'-ribonukleotider)], antioksidanter (ascorbinsyre, ekstrakter af rosmarin, tocopherolrig ekstrakt, citronsyre). PRODUKTET KAN INDEHOLDE/INNEHÅLLA SOJA OG HVEDE/HVETE/VETE (GLUTEN).",
    "storage": "",
    "allergens": "",
    "usage": "",
    "nutrition": [
      {
        "Näringsvärde": "Energi (kcal)",
        "100 Gram": "478 kcal"
      },
      {
        "Näringsvärde": "Energi (kJ)",
        "100 Gram": "2003 kJ"
      },
      {
        "Näringsvärde": "Fett",
        "100 Gram": "22 g"
      },
      {
        "Näringsvärde": "Varav mättat fett",
        "100 Gram": "2.2 g"
      },
      {
        "Näringsvärde": "Kolhydrat",
        "100 Gram": "58 g"
      },
      {
        "Näringsvärde": "Varav sockerarter",
        "100 Gram": "2.7 g"
      },
      {
        "Näringsvärde": "Fiber",
        "100 Gram": "5.5 g"
      },
      {
        "Näringsvärde": "Protein",
        "100 Gram": "6.8 g"
      },
      {
        "Näringsvärde": "Salt",
        "100 Gram": "0.89 g"
      }
    ],
    "nutritionUnitText": "Näringsvärde per 100 gram",
    "categories": {
      "mainCategory": "Glass, Godis & Snacks",
      "subCategories": [
        {
          "name": "Chips & snacks",
          "subSubCategories": [
            "Chips"
          ]
        }
      ]
    }
  },
  {
    "name": "Pinjenötter 70g ICA Gott liv",
    "weightText": "0.07 kg",
    "caPart": "",
    "weightValue": 0.07,
    "weightUnit": "kg",
    "comparePrice": "570,71 kr/kg",
    "currentPrice": 39.95,
    "attributes": [],
    "imgUrl": "https://handlaprivatkund.ica.se/images-v3/bf7a00ca-390e-4769-865f-dc369586872e/1aec3492-0f79-463e-b796-75185a0a1550/500x500.jpg",
    "productInformation": "Pinjenötter passar att torrosta i stekpanna och strö över salladen. Prova också att blanda nötterna i den hemmagjorda müslin!",
    "countryText": "",
    "companyText": "ICA Gott Liv",
    "ingrediensText": "PINJENÖTTER*. Kan innehålla spår av jordnötter, mandel, paranötter, cashewnötter, hasselnötter, makadamianötter, pekannötter, pistagenötter och valnötter. *Odlade i Kina.",
    "storage": "Förvaras torrt och svalt. Förslut öppnad påse väl.",
    "allergens": "",
    "usage": "Tänk på att små barn kan sätta nötter i halsen.",
    "nutrition": [
      {
        "Näringsvärde": "Energi (kcal)",
        "100 Gram": "697 kcal"
      },
      {
        "Näringsvärde": "Energi (kJ)",
        "100 Gram": "2918 kJ"
      },
      {
        "Näringsvärde": "Fett",
        "100 Gram": "66 g"
      },
      {
        "Näringsvärde": "Varav mättat fett",
        "100 Gram": "3.9 g"
      },
      {
        "Näringsvärde": "Kolhydrat",
        "100 Gram": "8.9 g"
      },
      {
        "Näringsvärde": "Varav sockerarter",
        "100 Gram": "4.9 g"
      },
      {
        "Näringsvärde": "Fiber",
        "100 Gram": "5.5 g"
      },
      {
        "Näringsvärde": "Protein",
        "100 Gram": "14 g"
      },
      {
        "Näringsvärde": "Salt",
        "100 Gram": "0 g"
      },
      {
        "Näringsvärde": "Fosfor",
        "100 Gram": "490 mg",
        "% av DRI(*)": "70"
      },
      {
        "Näringsvärde": "Järn",
        "100 Gram": "6.7 mg",
        "% av DRI(*)": "48"
      },
      {
        "Näringsvärde": "Magnesium",
        "100 Gram": "205 mg",
        "% av DRI(*)": "54"
      },
      {
        "Näringsvärde": "Zink",
        "100 Gram": "8.5 mg",
        "% av DRI(*)": "85"
      }
    ],
    "nutritionUnitText": "Näringsvärde per 100 gram",
    "categories": {
      "mainCategory": "Glass, Godis & Snacks",
      "subCategories": [
        {
          "name": "Naturgodis, Nötter & Bars",
          "subSubCategories": [
            "Naturella nötter",
            "Pinjenötter"
          ]
        }
      ]
    }
  },
  {
    "name": "Chips Original 165g Pringles",
    "weightText": "0.165 kg",
    "caPart": "",
    "weightValue": 0.165,
    "weightUnit": "kg",
    "comparePrice": "227,27 kr/kg",
    "currentPrice": 37.5,
    "attributes": [],
    "imgUrl": "https://handlaprivatkund.ica.se/images-v3/bf7a00ca-390e-4769-865f-dc369586872e/ba783bc0-e2be-4357-94d0-6af511711446/500x500.jpg",
    "productInformation": "Information från leverantör \n En klassisk smak på klassiska chips – Pringles Original-chips kommer garanterat att stilla även de mest intensiva begär. De här ljuvliga chipsen är perfekta för alla typer av fester eller som ett snabbt snacks under eftermiddagen eller framför tv:n på kvällen. Tack vare vår klassiska återförslutningsbara förpackning är Pringles Original-chips alltid fräscha – oavsett när du väljer att äta dem. Pop, Play, Eat med Pringles Original-chips.",
    "countryText": "",
    "companyText": "Pringles",
    "ingrediensText": "Vakuumtorkad potatis / Tørrede kartofler / Tørkede poteter, vegetabiliska oljor / vegetabilske olier / vegetabilske oljer (solros / solsikke, palm / palme, mais / majs) i varierande proportion / i variabelt mængdeforhold / i varierende proporsjoner, VETEMJÖL / HVEDEMEL / HVETEMEL, majsmjöl / majsmel, rismjöl / rismel, maltodextrin, emulgeri portion / i variabelt mængdeforhold / i varierende proporsjoner, vetemjöl / hvedemel / hvetemel, majsmjöl / majsmel, rismjöl / rismel, maltodextrin, emulgeringsmedel / emulgator (E471), salt, färgämne / farve / farge (annattoextrakt / annattoekstrakter / - norbixin). Kan innehålla / Kan indeholde / Kan inneholde soja / soya.",
    "storage": "",
    "allergens": "",
    "usage": "",
    "nutrition": [
      {
        "Näringsvärde": "Energi (kcal)",
        "100 Gram": "534 kcal"
      },
      {
        "Näringsvärde": "Energi (kJ)",
        "100 Gram": "2227 kJ"
      },
      {
        "Näringsvärde": "Fett",
        "100 Gram": "31 g"
      },
      {
        "Näringsvärde": "Varav mättat fett",
        "100 Gram": "6.6 g"
      },
      {
        "Näringsvärde": "Kolhydrat",
        "100 Gram": "56 g"
      },
      {
        "Näringsvärde": "Varav sockerarter",
        "100 Gram": "1.4 g"
      },
      {
        "Näringsvärde": "Fiber",
        "100 Gram": "3.5 g"
      },
      {
        "Näringsvärde": "Protein",
        "100 Gram": "5.9 g"
      },
      {
        "Näringsvärde": "Salt",
        "100 Gram": "1.1 g"
      }
    ],
    "nutritionUnitText": "Näringsvärde per 100 gram",
    "categories": {
      "mainCategory": "Glass, Godis & Snacks",
      "subCategories": [
        {
          "name": "Chips & snacks",
          "subSubCategories": [
            "Chips"
          ]
        }
      ]
    }
  },
  {
    "name": "Glass Sandwich original 6-p GB Glace",
    "weightText": "",
    "caPart": "",
    "weightValue": 0,
    "weightUnit": "",
    "comparePrice": "6 per frp 9,16 kr/st",
    "currentPrice": 54.95,
    "attributes": [
      "Rainforest Alliance certifierad"
    ],
    "imgUrl": "https://handlaprivatkund.ica.se/images-v3/bf7a00ca-390e-4769-865f-dc369586872e/381ba642-d30f-476e-bf97-cfc17e4fb279/500x500.jpg",
    "productInformation": "GB Glace Glass Sandwich Original kan du alltid lita på. Det är en riktig klassiker och en av våra mest älskade glassar. Tiderna förändras, men inte den rena vaniljglassen mellan de underbart goda chokladkexen. GB Glace Sandwich Original är en lika god som enkel glass – det perfekta mellanmålet, nu som då. GB Glace Sandwich Flerpack innehåller 6 stycken sandwich-glassar som räcker för att bjuda kompisarna också. För en god glass är aldrig fel och passar alla tillfällen, så njut av riktig glassglädje! Förvara glassen vid -18°C eller kallare. GB Glace – Glassglädje och Gemenskap sedan 1942. Våra grundare hade visionen att sprida glädje genom härlig och välsmakande glass vars magi för oss samman och smälter bort hindren mellan människor. Vi vill göra folk glada. Varje dag. Vårt mål är att erbjuda god glass av bra kvalitet till dig samtidigt som vi vill att våra produkter ska överträffa dina förväntningar varje gång. Glassfabriken och vårt hjärta finns i Flen och där producerar vi varje år både omtyckta klassiker såväl som nyheter med omsorgsfullt utvalda ingredienser och omtanke om miljön. Vi vill se till att det finns en glass för alla och hoppas att du kan hitta mer än en favorit bland de glassar som vi erbjuder!",
    "countryText": "",
    "companyText": "GB Glace",
    "ingrediensText": "Ingredienser: SKUMMJÖLK, VETEMJÖL, socker, kokosfett, glukos-fruktossirap, SKUMMJÖLKSPULVER eller koncentrat, fettreducerat kakaopulver (1%), vasslepulver (MJÖLK), salt, stabiliseringsmedel (guarkärnmjöl, fruktkärnmjöl, karragenan, taragummi), emulgeringsmedel (mono- och diglycerider av vegetabiliska fettsyror), naturlig vaniljarom¹, bakpulver (ammoniumbikarbonat, natriumbikarbonat). Kan innehålla ägg, soja, mandlar, hasselnötter och senap. ¹Rainforest Alliance-certifierad. ra.org.",
    "storage": "Förvaring vid -18°C eller kallare. Lägsta förvaringstemperatur -25°C Högsta förvaringstemperatur -18°C",
    "allergens": "Kan innehålla Nötter (eng: tree nuts) Kan innehålla Ägg Kan innehålla Sojabönor Kan innehålla Senap Innehåller Mjölk Innehåller Spannmål som innehåller gluten",
    "usage": "",
    "nutrition": [
      {
        "Näringsvärde": "Energi (kcal)",
        "100 Milliliter": "187 kcal",
        "% av DRI(*)": "9"
      },
      {
        "Näringsvärde": "Energi (kJ)",
        "100 Milliliter": "785 kJ",
        "% av DRI(*)": "9"
      },
      {
        "Näringsvärde": "Fett",
        "100 Milliliter": "7.3 g",
        "% av DRI(*)": "10"
      },
      {
        "Näringsvärde": "Varav mättat fett",
        "100 Milliliter": "6.7 g",
        "% av DRI(*)": "34"
      },
      {
        "Näringsvärde": "Kolhydrat",
        "100 Milliliter": "27 g",
        "% av DRI(*)": "10"
      },
      {
        "Näringsvärde": "Varav sockerarter",
        "100 Milliliter": "16 g",
        "% av DRI(*)": "18"
      },
      {
        "Näringsvärde": "Protein",
        "100 Milliliter": "3.1 g",
        "% av DRI(*)": "6"
      },
      {
        "Näringsvärde": "Salt",
        "100 Milliliter": "0.29 g",
        "% av DRI(*)": "5"
      }
    ],
    "nutritionUnitText": "Näringsvärde per 100 milliliter",
    "categories": {
      "mainCategory": "Glass, Godis & Snacks",
      "subCategories": [
        {
          "name": "Glass",
          "subSubCategories": [
            "Strutglass"
          ]
        }
      ]
    }
  },
  {
    "name": "Godispåse Djungelvrål Saltlakrits 90g Malaco",
    "weightText": "0.09 kg",
    "caPart": "",
    "weightValue": 0.09,
    "weightUnit": "kg",
    "comparePrice": "150,00 kr/kg",
    "currentPrice": 13.5,
    "attributes": [],
    "imgUrl": "https://handlaprivatkund.ica.se/images-v3/bf7a00ca-390e-4769-865f-dc369586872e/21513fd0-3742-4f9b-b188-9577b96c43a9/500x500.jpg",
    "productInformation": "Malaco Djungelvrål lanserades 1982 och sedan dess har de vrålsalta lakritsdjuren varit en av Malacos favorit hos många godisälskare. Passar dig som älskar extra salt salmiak. Godispåsen innehåller 90g. Vegansk, fri från palmolja och utan artificiella färgämnen. Malaco - Lördag hela veckan",
    "countryText": "",
    "companyText": "Malaco",
    "ingrediensText": "glukossirap, socker/sukker, stärkelse/stivelse, modifierad stärkelse/stivelse, ammoniumklorid (=salmiak), lakritsextrakt, färgämne/farvestof (E153), arom.",
    "storage": "",
    "allergens": "",
    "usage": "",
    "nutrition": [
      {
        "Näringsvärde": "Energi (kcal)",
        "100 Gram": "349 kcal"
      },
      {
        "Näringsvärde": "Energi (kJ)",
        "100 Gram": "1480 kJ"
      },
      {
        "Näringsvärde": "Fett",
        "100 Gram": "0.1 g"
      },
      {
        "Näringsvärde": "Varav mättat fett",
        "100 Gram": "0 g"
      },
      {
        "Näringsvärde": "Kolhydrat",
        "100 Gram": "87 g"
      },
      {
        "Näringsvärde": "Varav sockerarter",
        "100 Gram": "48 g"
      },
      {
        "Näringsvärde": "Protein",
        "100 Gram": "0.4 g"
      },
      {
        "Näringsvärde": "Salt",
        "100 Gram": "0.18 g"
      }
    ],
    "nutritionUnitText": "Näringsvärde per 100 gram",
    "categories": {
      "mainCategory": "Glass, Godis & Snacks",
      "subCategories": [
        {
          "name": "Godis",
          "subSubCategories": [
            "Godispåsar"
          ]
        }
      ]
    }
  },
  {
    "name": "Godispåse Colaflaskor 95g Malaco",
    "weightText": "0.095 kg",
    "caPart": "",
    "weightValue": 0.095,
    "weightUnit": "kg",
    "comparePrice": "142,11 kr/kg",
    "currentPrice": 13.5,
    "attributes": [],
    "imgUrl": "https://handlaprivatkund.ica.se/images-v3/bf7a00ca-390e-4769-865f-dc369586872e/9f30da00-bf9d-484f-a03f-5edefb34dd2b/500x500.jpg",
    "productInformation": "Malaco Colaflaskor är ett populärt gelégodis med en svalkande smak av cola. Perfekt godis för dig som gillar cola. Godispåsen innehåller 95g. Gelatinfri, fri från palmolja samt utan artificiella färgämnen och aromer. Malaco - Lördag hela veckan",
    "countryText": "",
    "companyText": "Malaco",
    "ingrediensText": "glukossirap, socker/sukker, stärkelse/stivelse, syra (citronsyra), naturlig arom, vegetabiliska oljor (kokos, raps), surhetsreglerande medel (E331), färgämne/farvestof (E150c), ytbehandlings-/overfladebehandlingsmiddel (bivax/bivoks)",
    "storage": "",
    "allergens": "",
    "usage": "",
    "nutrition": [
      {
        "Näringsvärde": "Energi (kcal)",
        "100 Gram": "359 kcal"
      },
      {
        "Näringsvärde": "Energi (kJ)",
        "100 Gram": "1526 kJ"
      },
      {
        "Näringsvärde": "Fett",
        "100 Gram": "0.2 g"
      },
      {
        "Näringsvärde": "Varav mättat fett",
        "100 Gram": "0.1 g"
      },
      {
        "Näringsvärde": "Kolhydrat",
        "100 Gram": "89 g"
      },
      {
        "Näringsvärde": "Varav sockerarter",
        "100 Gram": "66 g"
      },
      {
        "Näringsvärde": "Protein",
        "100 Gram": "0.1 g"
      },
      {
        "Näringsvärde": "Salt",
        "100 Gram": "0.11 g"
      }
    ],
    "nutritionUnitText": "Näringsvärde per 100 gram",
    "categories": {
      "mainCategory": "Glass, Godis & Snacks",
      "subCategories": [
        {
          "name": "Godis",
          "subSubCategories": [
            "Godispåsar"
          ]
        }
      ]
    }
  },
  {
    "name": "Skruvar Lättsaltade 100g OLW",
    "weightText": "0.1 kg",
    "caPart": "",
    "weightValue": 0.1,
    "weightUnit": "kg",
    "comparePrice": "219,50 kr/kg",
    "currentPrice": 21.95,
    "attributes": [],
    "imgUrl": "https://handlaprivatkund.ica.se/images-v3/bf7a00ca-390e-4769-865f-dc369586872e/7d7d6d57-1fef-46ae-b925-1193c971f984/500x500.jpg",
    "productInformation": "OLWs Skruvar är krispiga skruvformade snacks som vi har saltat lite lätt för att du ska kunna njuta av den naturliga potatissmaken. OLWs skruvar är ett lite lättare snacks med 30% mindre fett än i vanliga potatischips. Resultatet ger en krispig känsla i munnen och en tydlig jösses-vad-det-här-är-gott-jag-kan-inte-sluta-smak!",
    "countryText": "",
    "companyText": "Olw",
    "ingrediensText": "Potatismjöl, potatisflingor, solrosolja, salt, socker.",
    "storage": "",
    "allergens": "",
    "usage": "",
    "nutrition": [
      {
        "Näringsvärde": "Energi (kcal)",
        "100 Gram": "490 kcal"
      },
      {
        "Näringsvärde": "Energi (kJ)",
        "100 Gram": "2040 kJ"
      },
      {
        "Näringsvärde": "Fett",
        "100 Gram": "22 g"
      },
      {
        "Näringsvärde": "Varav mättat fett",
        "100 Gram": "1.9 g"
      },
      {
        "Näringsvärde": "Kolhydrat",
        "100 Gram": "67 g"
      },
      {
        "Näringsvärde": "Varav sockerarter",
        "100 Gram": "1.3 g"
      },
      {
        "Näringsvärde": "Protein",
        "100 Gram": "3.3 g"
      },
      {
        "Näringsvärde": "Salt",
        "100 Gram": "1.8 g"
      }
    ],
    "nutritionUnitText": "Näringsvärde per 100 gram",
    "categories": {
      "mainCategory": "Glass, Godis & Snacks",
      "subCategories": [
        {
          "name": "Chips & snacks",
          "subSubCategories": [
            "Chips"
          ]
        }
      ]
    }
  },
  {
    "name": "Chokladkaka Japp 160g Marabou",
    "weightText": "0.16 kg",
    "caPart": "",
    "weightValue": 0.16,
    "weightUnit": "kg",
    "comparePrice": "193,44 kr/kg",
    "currentPrice": 30.95,
    "attributes": [],
    "imgUrl": "https://handlaprivatkund.ica.se/images-v3/bf7a00ca-390e-4769-865f-dc369586872e/7ab70678-ca5e-4466-af89-6392d5b6360d/500x500.jpg",
    "productInformation": "Marabou Japp är en Marabou Mjölkchokladkaka med krossade bitar av Japp som passar för alla tillfällen. Genom Cocoa Life, vårt program för en hållbar kakaoproduktion, bidrar Marabou till att kakao odlas på rätt sätt, för att skydda planeten och respektera mänskliga rättigheter i vår värdekedja. Läs mer om Cocoa Life här www.cocoalife.org.",
    "countryText": "",
    "companyText": "Marabou",
    "ingrediensText": "Ingredienser: Socker, kakaosmör, kakaomassa, SKUMMJÖLKSPULVER, vasslepulver (MJÖLK), SMÖRFETT, vassleprodukt (MJÖLK), emulgeringsmedel [lecitiner (innehåller SOJA)], fuktighetsbevarande medel (E422), fettreducerat kakaopulver, glukossirap, maltexktrakt av KORN, kokosolja, HAVREFIBER, salt, modifierad stärkelse, aromer. Minst 30% kakao. KAN INNEHÅLLA NÖTTER OCH VETE.",
    "storage": "",
    "allergens": "",
    "usage": "",
    "nutrition": [
      {
        "Näringsvärde": "Energi (kcal)",
        "100 Gram": "536 kcal"
      },
      {
        "Näringsvärde": "Energi (kJ)",
        "100 Gram": "2242 kJ"
      },
      {
        "Näringsvärde": "Fett",
        "100 Gram": "30 g"
      },
      {
        "Näringsvärde": "Varav mättat fett",
        "100 Gram": "18 g"
      },
      {
        "Näringsvärde": "Kolhydrat",
        "100 Gram": "61 g"
      },
      {
        "Näringsvärde": "Varav sockerarter",
        "100 Gram": "58 g"
      },
      {
        "Näringsvärde": "Fiber",
        "100 Gram": "2 g"
      },
      {
        "Näringsvärde": "Protein",
        "100 Gram": "4.5 g"
      },
      {
        "Näringsvärde": "Salt",
        "100 Gram": "0.27 g"
      }
    ],
    "nutritionUnitText": "Näringsvärde per 100 gram",
    "categories": {
      "mainCategory": "Glass, Godis & Snacks",
      "subCategories": [
        {
          "name": "Choklad",
          "subSubCategories": [
            "Chokladkakor"
          ]
        }
      ]
    }
  },
  {
    "name": "Gräddglass Pecannötkola 500ml SIA Glass",
    "weightText": "0.5 l",
    "caPart": "",
    "weightValue": 0.5,
    "weightUnit": "l",
    "comparePrice": "33,90 kr/l",
    "currentPrice": 16.95,
    "attributes": [
      "Ursprungsland Sverige"
    ],
    "imgUrl": "https://handlaprivatkund.ica.se/images-v3/bf7a00ca-390e-4769-865f-dc369586872e/0fc2d8bb-3425-426a-9ef4-1c48e9a31d92/500x500.jpg",
    "productInformation": "Svensk krämig gräddglass med pecannötsmak, pecannötter och kolarippel.SIA Glass är ett familjeföretag med hjärtat i halländska Slöinge. Det är med kärlek för hantverket och omtanke om djur och natur som vi tillverkar all vår gräddglass i Sverige. Alltid gjord på svensk färsk grädde.",
    "countryText": "Sverige",
    "companyText": "SIA Glass",
    "ingrediensText": "Ingredienser: SKUMMJÖLK, GRÄDDE (21%)*, socker, glukossirap, druvsocker, PECANNÖTTER (1,5%), kondenserad MJÖLK, aromer, emulgeringsmedel (mono- och diglycerider av veg fettsyror), rapsolja, stabiliseringsmedel (fruktkärnmjöl, guarkärnmjöl), SMÖR, sirap, salt, färgämne (sockerkulör E150c). Kan innehålla spår av mandel och trädnötter. *Grädde med 40% fetthalt.",
    "storage": "Lägsta förvaringstemperatur -25°C Högsta förvaringstemperatur -18°C",
    "allergens": "Innehåller Nötter (eng: tree nuts) Innehåller Mjölk",
    "usage": "",
    "nutrition": [
      {
        "Näringsvärde": "Energi (kcal)",
        "100 Gram": "220 kcal"
      },
      {
        "Näringsvärde": "Energi (kJ)",
        "100 Gram": "900 kJ"
      },
      {
        "Näringsvärde": "Fett",
        "100 Gram": "11 g"
      },
      {
        "Näringsvärde": "Varav mättat fett",
        "100 Gram": "6.2 g"
      },
      {
        "Näringsvärde": "Kolhydrat",
        "100 Gram": "27 g"
      },
      {
        "Näringsvärde": "Varav sockerarter",
        "100 Gram": "24 g"
      },
      {
        "Näringsvärde": "Fiber",
        "100 Gram": "0.5 g"
      },
      {
        "Näringsvärde": "Protein",
        "100 Gram": "3.7 g"
      },
      {
        "Näringsvärde": "Salt",
        "100 Gram": "0.1 g"
      },
      {
        "Näringsvärde": "Vitamin B12",
        "100 Gram": "0 µg"
      },
      {
        "Näringsvärde": "Vitamin D",
        "100 Gram": "0 µg"
      },
      {
        "Näringsvärde": "Folsyra",
        "100 Gram": "0 µg"
      },
      {
        "Näringsvärde": "Selen",
        "100 Gram": "0 µg"
      }
    ],
    "nutritionUnitText": "Näringsvärde per 100 gram",
    "categories": {
      "mainCategory": "Glass, Godis & Snacks",
      "subCategories": [
        {
          "name": "Glass",
          "subSubCategories": [
            "Små Glasspaket"
          ]
        }
      ]
    }
  },
  {
    "name": "Cheez cruncherz Hot Chili 225g OLW",
    "weightText": "0.225 kg",
    "caPart": "",
    "weightValue": 0.225,
    "weightUnit": "kg",
    "comparePrice": "148,89 kr/kg",
    "currentPrice": 33.5,
    "attributes": [],
    "imgUrl": "https://handlaprivatkund.ica.se/images-v3/bf7a00ca-390e-4769-865f-dc369586872e/20f0daec-cd65-4977-b38a-9fa2f618e7e6/500x500.jpg",
    "productInformation": "Krispiga ostbågar med hetta - mums! cheez cruncherz® Hot Chili från OLW är en het medlem i cheezfamiljen. Smakrika och extra krispiga majsbågar med smak av ost och het chili. Njut och bestäm själv om du vill bjuda!",
    "countryText": "",
    "companyText": "Olw",
    "ingrediensText": "Majsmjöl, solrosolja, 8,5% OSTPULVER (85% OST, vasslepulver (från MJÖLK), salt, färgämne (betakaroten, paprikaextrakt)), KÄRNMJÖLKSPULVER, salt, socker, potatisstärkelse, MJÖLKSOCKER, druvsocker, jästextrakt, surhetsreglerande medel (citronsyra), kryddextrakt (paprika, cayennepeppar, grönt te), cayennepeppar.",
    "storage": "",
    "allergens": "Innehåller Mjölk",
    "usage": "",
    "nutrition": [
      {
        "Näringsvärde": "Energi (kcal)",
        "100 Gram": "590 kcal"
      },
      {
        "Näringsvärde": "Energi (kJ)",
        "100 Gram": "2450 kJ"
      },
      {
        "Näringsvärde": "Fett",
        "100 Gram": "42 g"
      },
      {
        "Näringsvärde": "Varav mättat fett",
        "100 Gram": "5.5 g"
      },
      {
        "Näringsvärde": "Kolhydrat",
        "100 Gram": "45 g"
      },
      {
        "Näringsvärde": "Varav sockerarter",
        "100 Gram": "3.3 g"
      },
      {
        "Näringsvärde": "Protein",
        "100 Gram": "7.8 g"
      },
      {
        "Näringsvärde": "Salt",
        "100 Gram": "1.6 g"
      }
    ],
    "nutritionUnitText": "Näringsvärde per 100 gram",
    "categories": {
      "mainCategory": "Glass, Godis & Snacks",
      "subCategories": [
        {
          "name": "Chips & snacks",
          "subSubCategories": [
            "Ostbågar"
          ]
        }
      ]
    }
  },
  {
    "name": "Winegum 250g Treatville",
    "weightText": "0.25 kg",
    "caPart": "",
    "weightValue": 0.25,
    "weightUnit": "kg",
    "comparePrice": "70,00 kr/kg",
    "currentPrice": 17.5,
    "attributes": [],
    "imgUrl": "https://handlaprivatkund.ica.se/images-v3/bf7a00ca-390e-4769-865f-dc369586872e/2b047250-1e8d-4633-b5a0-b1a95801f8b6/500x500.jpg",
    "productInformation": "Söta och sega favoriter med fruktiga smaker. Välkommen till Treatville – din drömdestination för alla typer av godsaker. Kom och smaka!",
    "countryText": "",
    "companyText": "Treatville",
    "ingrediensText": "Glukossirap*, socker*, vatten, VETESTÄRKELSE, gelatin (från gris), modifierad potatisstärkelse, syror (E270, E296, E330), aromer, koncentrat av spirulina och safflor, färgämnen (E100, E153, E160c), svartmorotsjuicekoncentrat, kokosolja, ytbehandlingsmedel (E903). *Ursprung EU.",
    "storage": "Förvaras torrt och svalt, ej över normal rumstemperatur.",
    "allergens": "",
    "usage": "",
    "nutrition": [
      {
        "Näringsvärde": "Energi (kcal)",
        "100 Gram": "334 kcal"
      },
      {
        "Näringsvärde": "Energi (kJ)",
        "100 Gram": "1417 kJ"
      },
      {
        "Näringsvärde": "Fett",
        "100 Gram": "0.5 g"
      },
      {
        "Näringsvärde": "Varav mättat fett",
        "100 Gram": "0.3 g"
      },
      {
        "Näringsvärde": "Kolhydrat",
        "100 Gram": "78 g"
      },
      {
        "Näringsvärde": "Varav sockerarter",
        "100 Gram": "48 g"
      },
      {
        "Näringsvärde": "Protein",
        "100 Gram": "4.3 g"
      },
      {
        "Näringsvärde": "Salt",
        "100 Gram": "0.03 g"
      }
    ],
    "nutritionUnitText": "Näringsvärde per 100 gram",
    "categories": {
      "mainCategory": "Glass, Godis & Snacks",
      "subCategories": [
        {
          "name": "Godis",
          "subSubCategories": [
            "Godispåsar"
          ]
        }
      ]
    }
  },
  {
    "name": "Glass Vanilj krossad choklad 500ml GB Gräddglass",
    "weightText": "0.5 l",
    "caPart": "",
    "weightValue": 0.5,
    "weightUnit": "l",
    "comparePrice": "29,90 kr/l",
    "currentPrice": 14.95,
    "attributes": [],
    "imgUrl": "https://handlaprivatkund.ica.se/images-v3/bf7a00ca-390e-4769-865f-dc369586872e/2535e741-c098-4468-abb0-e9b1f3c93bdc/500x500.jpg",
    "productInformation": "GB Gräddglass Vanilj med krossad choklad är ljuvligt krämig vaniljgräddglass med krossad choklad gjord på färsk grädde från svenska gårdar.",
    "countryText": "",
    "companyText": "GB Gräddglass",
    "ingrediensText": "Ingredienser: SKUMMJÖLK, socker, glukos-fruktossirap, MJÖLKFETT, glukossirap, GRÄDDE (3,5%), vatten, kakaomassa, kakaosmör, fettreducerat kakaopulver, emulgeringsmedel (mono- och diglycerider av vegetabiliska fettsyror, ammoniumfosfatider, polyglycerolpolyricinoleat), arom, stabiliseringsmedel (guarkärnmjöl, fruktkärnmjöl, karragenan). Kan innehålla soja.",
    "storage": "Lägsta förvaringstemperatur -25°C Högsta förvaringstemperatur -18°C",
    "allergens": "Innehåller Mjölk Kan innehålla Sojabönor",
    "usage": "",
    "nutrition": [
      {
        "Näringsvärde": "Energi (kcal)",
        "100 Milliliter": "110 kcal",
        "% av DRI(*)": "6"
      },
      {
        "Näringsvärde": "Energi (kJ)",
        "100 Milliliter": "460 kJ",
        "% av DRI(*)": "6"
      },
      {
        "Näringsvärde": "Fett",
        "100 Milliliter": "5.3 g",
        "% av DRI(*)": "8"
      },
      {
        "Näringsvärde": "Varav mättat fett",
        "100 Milliliter": "3.4 g",
        "% av DRI(*)": "17"
      },
      {
        "Näringsvärde": "Kolhydrat",
        "100 Milliliter": "14 g",
        "% av DRI(*)": "5"
      },
      {
        "Näringsvärde": "Varav sockerarter",
        "100 Milliliter": "11 g",
        "% av DRI(*)": "12"
      },
      {
        "Näringsvärde": "Protein",
        "100 Milliliter": "1.4 g",
        "% av DRI(*)": "3"
      },
      {
        "Näringsvärde": "Salt",
        "100 Milliliter": "0.05 g",
        "% av DRI(*)": "1"
      }
    ],
    "nutritionUnitText": "Näringsvärde per 100 milliliter",
    "categories": {
      "mainCategory": "Glass, Godis & Snacks",
      "subCategories": [
        {
          "name": "Glass",
          "subSubCategories": [
            "Små Glasspaket"
          ]
        }
      ]
    }
  },
  {
    "name": "Godispåse Vattenmelon 90g Malaco",
    "weightText": "0.09 kg",
    "caPart": "",
    "weightValue": 0.09,
    "weightUnit": "kg",
    "comparePrice": "150,00 kr/kg",
    "currentPrice": 13.5,
    "attributes": [],
    "imgUrl": "https://handlaprivatkund.ica.se/images-v3/bf7a00ca-390e-4769-865f-dc369586872e/4daaae87-04be-4737-8a55-2791f9e0af37/500x500.jpg",
    "productInformation": "Malaco Vattenmeloner har en syrlig och söt smak av melon. Det rosa smågodiset är populärt som lösviktsgodis men finns även här i påse. Passar perfekt för de som gillar sött godis med en liten twist av syrligt. Godispåsen innehåller 90g godis. Fri från palmolja samt utan artificiella färgämnen och aromer. Malaco - Lördag hela veckan",
    "countryText": "",
    "companyText": "Malaco",
    "ingrediensText": "socker/sukker, glukossirap, glukos-fruktossirap, stärkelse/stivelse, syror (citronsyra, vinsyra), naturlig arom, färgämne/farvestof (karmin)",
    "storage": "",
    "allergens": "",
    "usage": "",
    "nutrition": [
      {
        "Näringsvärde": "Energi (kcal)",
        "100 Gram": "355 kcal"
      },
      {
        "Näringsvärde": "Energi (kJ)",
        "100 Gram": "1504 kJ"
      },
      {
        "Näringsvärde": "Fett",
        "100 Gram": "0.1 g"
      },
      {
        "Näringsvärde": "Varav mättat fett",
        "100 Gram": "0 g"
      },
      {
        "Näringsvärde": "Kolhydrat",
        "100 Gram": "88 g"
      },
      {
        "Näringsvärde": "Varav sockerarter",
        "100 Gram": "66 g"
      },
      {
        "Näringsvärde": "Protein",
        "100 Gram": "0.1 g"
      },
      {
        "Näringsvärde": "Salt",
        "100 Gram": "0.02 g"
      }
    ],
    "nutritionUnitText": "Näringsvärde per 100 gram",
    "categories": {
      "mainCategory": "Glass, Godis & Snacks",
      "subCategories": [
        {
          "name": "Godis",
          "subSubCategories": [
            "Godispåsar"
          ]
        }
      ]
    }
  },
  {
    "name": "Chokladkaka EXCELLENCE Mild 70% Mörk Choklad 100g Lindt",
    "weightText": "0.1 kg",
    "caPart": "",
    "weightValue": 0.1,
    "weightUnit": "kg",
    "comparePrice": "409,50 kr/kg",
    "currentPrice": 40.95,
    "attributes": [],
    "imgUrl": "https://handlaprivatkund.ica.se/images-v3/bf7a00ca-390e-4769-865f-dc369586872e/9deb067e-1ec5-4aa2-ab67-9fb7829791ad/500x500.jpg",
    "productInformation": "Lindt EXCELLENCE Mild Dark 70% Cocoa är en chokladkaka av mörk choklad, tunn och intensiv med de finaste ingredienser skapad av Lindts Chokladmästare. Den perfekta blandningen av len mörk choklad med hög kakaohalt i kombination med toner av vanilj ger en mild och aromatisk karaktär med minskad bitterhet - en sann smaksensation för alla sinnen. Hållbart odlade kakaobönor genom Lindt & Sprüngli Farming Program - i samarbete med jordbrukarna och deras lokalsamhällen.",
    "countryText": "",
    "companyText": "Lindt",
    "ingrediensText": "kakaomassa, socker, kakaosmör, emulgeringsmedel (SOJAlecitin), vanilj. Kan innehålla HASSELNÖTTER, MANDLAR, andra NÖTTER, MJÖLK. Den mörka chokladen innehåller minst 70% kakao.",
    "storage": "",
    "allergens": "",
    "usage": "",
    "nutrition": [
      {
        "Näringsvärde": "Energi (kcal)",
        "100 Gram": "610 kcal"
      },
      {
        "Näringsvärde": "Energi (kJ)",
        "100 Gram": "2528 kJ"
      },
      {
        "Näringsvärde": "Fett",
        "100 Gram": "48 g"
      },
      {
        "Näringsvärde": "Varav mättat fett",
        "100 Gram": "29 g"
      },
      {
        "Näringsvärde": "Kolhydrat",
        "100 Gram": "33 g"
      },
      {
        "Näringsvärde": "Varav sockerarter",
        "100 Gram": "29 g"
      },
      {
        "Näringsvärde": "Protein",
        "100 Gram": "6.9 g"
      },
      {
        "Näringsvärde": "Salt",
        "100 Gram": "0.01 g"
      }
    ],
    "nutritionUnitText": "Näringsvärde per 100 gram",
    "categories": {
      "mainCategory": "Glass, Godis & Snacks",
      "subCategories": [
        {
          "name": "Choklad",
          "subSubCategories": [
            "Chokladkakor",
            "Mörk choklad"
          ]
        }
      ]
    }
  },
  {
    "name": "Russin 500g Sun Maid",
    "weightText": "0.5 kg",
    "caPart": "",
    "weightValue": 0.5,
    "weightUnit": "kg",
    "comparePrice": "95,00 kr/kg",
    "currentPrice": 47.5,
    "attributes": [],
    "imgUrl": "https://handlaprivatkund.ica.se/images-v3/bf7a00ca-390e-4769-865f-dc369586872e/827bf802-45a6-47a9-9193-b78cd5288f04/500x500.jpg",
    "productInformation": "",
    "countryText": "",
    "companyText": "Sun Maid",
    "ingrediensText": "Kärnfria russin tillverkas av saftiga, kärnfria Thompson-vindruvor.",
    "storage": "",
    "allergens": "",
    "usage": "",
    "nutrition": [
      {
        "Näringsvärde": "Energi (kcal)",
        "100 Gram": "316 kcal"
      },
      {
        "Näringsvärde": "Energi (kJ)",
        "100 Gram": "1322 kJ"
      },
      {
        "Näringsvärde": "Fett",
        "100 Gram": "0.7 g"
      },
      {
        "Näringsvärde": "Varav mättat fett",
        "100 Gram": "0 g"
      },
      {
        "Näringsvärde": "Kolhydrat",
        "100 Gram": "76.9 g"
      },
      {
        "Näringsvärde": "Varav sockerarter",
        "100 Gram": "71.4 g"
      },
      {
        "Näringsvärde": "Fiber",
        "100 Gram": "5.8 g"
      },
      {
        "Näringsvärde": "Protein",
        "100 Gram": "3 g"
      },
      {
        "Näringsvärde": "Salt",
        "100 Gram": "0.02 g"
      }
    ],
    "nutritionUnitText": "Näringsvärde per 100 gram",
    "categories": {
      "mainCategory": "Glass, Godis & Snacks",
      "subCategories": [
        {
          "name": "Naturgodis, Nötter & Bars",
          "subSubCategories": [
            "Russin & Torkad frukt",
            "Russin"
          ]
        }
      ]
    }
  },
  {
    "name": "Cheez doodles Super big 200g OLW",
    "weightText": "0.2 kg",
    "caPart": "",
    "weightValue": 0.2,
    "weightUnit": "kg",
    "comparePrice": "167,50 kr/kg",
    "currentPrice": 33.5,
    "attributes": [],
    "imgUrl": "https://handlaprivatkund.ica.se/images-v3/bf7a00ca-390e-4769-865f-dc369586872e/99978199-fc1e-46c2-a1f3-1a13bd5a3e4a/500x500.jpg",
    "productInformation": "Stora och smakrika ostbågar - mums! OLW Super Cheez Doodles är extra stora, spröda och frasiga ostbågar som smaksatts med extra mycket cheez doodles-ost. Njut och bestäm själv om du vill bjuda!",
    "countryText": "",
    "companyText": "Olw",
    "ingrediensText": "Majsmjöl, vegetabilisk olja², 15% OSTPULVER (85% OST, vasslepulver (från MJÖLK), salt, färgämne (betakaroten, paprikaextrakt)), KÄRNMJÖLKSPULVER, potatisstärkelse, salt, druvsocker.²För info om vilken olja som har använts se www.olw.se/ravaror",
    "storage": "",
    "allergens": "Innehåller Mjölk",
    "usage": "",
    "nutrition": [
      {
        "Näringsvärde": "Energi (kcal)",
        "100 Gram": "540 kcal"
      },
      {
        "Näringsvärde": "Energi (kJ)",
        "100 Gram": "2250 kJ"
      },
      {
        "Näringsvärde": "Fett",
        "100 Gram": "31 g"
      },
      {
        "Näringsvärde": "Varav mättat fett",
        "100 Gram": "15 g"
      },
      {
        "Näringsvärde": "Kolhydrat",
        "100 Gram": "53 g"
      },
      {
        "Näringsvärde": "Varav sockerarter",
        "100 Gram": "2.5 g"
      },
      {
        "Näringsvärde": "Protein",
        "100 Gram": "12 g"
      },
      {
        "Näringsvärde": "Salt",
        "100 Gram": "2.2 g"
      }
    ],
    "nutritionUnitText": "Näringsvärde per 100 gram",
    "categories": {
      "mainCategory": "Glass, Godis & Snacks",
      "subCategories": [
        {
          "name": "Chips & snacks",
          "subSubCategories": [
            "Ostbågar"
          ]
        }
      ]
    }
  },
  {
    "name": "Plommon urkärnade 250g ICA",
    "weightText": "0.25 kg",
    "caPart": "",
    "weightValue": 0.25,
    "weightUnit": "kg",
    "comparePrice": "143,80 kr/kg",
    "currentPrice": 35.95,
    "attributes": [],
    "imgUrl": "https://handlaprivatkund.ica.se/images-v3/bf7a00ca-390e-4769-865f-dc369586872e/a3498d79-11c4-49d7-a2f3-307f0f431c0e/500x500.jpg",
    "productInformation": "ICA Plommon är söta, mjuka och lite syrliga. Sätter smak på mat och bak. Härligt goda och saftiga att äta precis som de är, som snacks eller mellanmål.",
    "countryText": "",
    "companyText": "ICA",
    "ingrediensText": "Torkade urkärnade plommon*, konserveringsmedel (E202). *Odlade i Chile. Obs! Plommon är inte kärnfria av naturen, därför kan enstaka kärnor förekomma.",
    "storage": "Förvaras torrt och svalt.",
    "allergens": "",
    "usage": "",
    "nutrition": [
      {
        "Näringsvärde": "Energi (kcal)",
        "100 Gram": "278 kcal"
      },
      {
        "Näringsvärde": "Energi (kJ)",
        "100 Gram": "1163 kJ"
      },
      {
        "Näringsvärde": "Fett",
        "100 Gram": "0.5 g"
      },
      {
        "Näringsvärde": "Varav mättat fett",
        "100 Gram": "0.5 g"
      },
      {
        "Näringsvärde": "Kolhydrat",
        "100 Gram": "66 g"
      },
      {
        "Näringsvärde": "Varav sockerarter",
        "100 Gram": "42 g"
      },
      {
        "Näringsvärde": "Fiber",
        "100 Gram": "8.8 g"
      },
      {
        "Näringsvärde": "Protein",
        "100 Gram": "2.9 g"
      },
      {
        "Näringsvärde": "Salt",
        "100 Gram": "0 g"
      }
    ],
    "nutritionUnitText": "Näringsvärde per 100 gram",
    "categories": {
      "mainCategory": "Glass, Godis & Snacks",
      "subCategories": [
        {
          "name": "Naturgodis, Nötter & Bars",
          "subSubCategories": [
            "Russin & Torkad frukt",
            "Plommon torkade"
          ]
        }
      ]
    }
  },
  {
    "name": "Chokladkaka Salta Mandlar 160g Marabou",
    "weightText": "0.16 kg",
    "caPart": "",
    "weightValue": 0.16,
    "weightUnit": "kg",
    "comparePrice": "193,44 kr/kg",
    "currentPrice": 30.95,
    "attributes": [],
    "imgUrl": "https://handlaprivatkund.ica.se/images-v3/bf7a00ca-390e-4769-865f-dc369586872e/0b1caff9-b62b-45c7-93bd-97a0339bea61/500x500.jpg",
    "productInformation": "Marabou Salta Mandlar är en Marabou Mjölkchokladkaka med krossade karamelliserade mandlar som passar för alla tillfällen. Genom Cocoa Life, vårt program för en hållbar kakaoproduktion, bidrar Marabou till att kakao odlas på rätt sätt, för att skydda planeten och respektera mänskliga rättigheter i vår värdekedja. Läs mer om Cocoa Life här www.cocoalife.org.",
    "countryText": "",
    "companyText": "Marabou",
    "ingrediensText": "Ingredienser: Socker, kakaosmör, kakaomassa, MANDEL (7,5%), vasslepulver (MJÖLK), SKUMMJÖLKSPULVER, SMÖRFETT, vassleprodukt (MJÖLK), emulgeringsmedel (SOJALECITINER), glukossirap, salt, arom. KAN INNEHÅLLA ANDRA NÖTTER OCH VETE.",
    "storage": "Lägsta förvaringstemperatur 10°C Högsta förvaringstemperatur 20°C",
    "allergens": "",
    "usage": "",
    "nutrition": [
      {
        "Näringsvärde": "Energi (kcal)",
        "100 Gram": "553 kcal"
      },
      {
        "Näringsvärde": "Energi (kJ)",
        "100 Gram": "2310 kJ"
      },
      {
        "Näringsvärde": "Fett",
        "100 Gram": "32 g"
      },
      {
        "Näringsvärde": "Varav mättat fett",
        "100 Gram": "17 g"
      },
      {
        "Näringsvärde": "Kolhydrat",
        "100 Gram": "58 g"
      },
      {
        "Näringsvärde": "Varav sockerarter",
        "100 Gram": "57 g"
      },
      {
        "Näringsvärde": "Fiber",
        "100 Gram": "2.8 g"
      },
      {
        "Näringsvärde": "Protein",
        "100 Gram": "5.7 g"
      },
      {
        "Näringsvärde": "Salt",
        "100 Gram": "0.5 g"
      }
    ],
    "nutritionUnitText": "Näringsvärde per 100 gram",
    "categories": {
      "mainCategory": "Glass, Godis & Snacks",
      "subCategories": [
        {
          "name": "Choklad",
          "subSubCategories": [
            "Chokladkakor",
            "Ljus choklad"
          ]
        }
      ]
    }
  },
  {
    "name": "Nappar Lakrits 80g Haribo",
    "weightText": "0.08 kg",
    "caPart": "",
    "weightValue": 0.08,
    "weightUnit": "kg",
    "comparePrice": "143,75 kr/kg",
    "currentPrice": 11.5,
    "attributes": [],
    "imgUrl": "https://handlaprivatkund.ica.se/images-v3/bf7a00ca-390e-4769-865f-dc369586872e/1ca3e596-f352-40a0-8043-2b805d08a06c/500x500.jpg",
    "productInformation": "De populära napparna med saltlakritssmak",
    "countryText": "",
    "companyText": "Haribo",
    "ingrediensText": "lngredienser. Glukossirap; socker; starkelse; mörk sirap; salt; ammoniumklorid; lakritsextrakt (3 %); arom; palmolja; ytbehandlingsmedel: bivax vitt och gult, karnaubavax.",
    "storage": "Skyddas mot värme och fukt Lägsta förvaringstemperatur 13°C Högsta förvaringstemperatur 25°C",
    "allergens": "Kan innehålla Spannmål som innehåller gluten",
    "usage": "",
    "nutrition": [
      {
        "Näringsvärde": "Energi (kcal)",
        "100 Gram": "323 kcal"
      },
      {
        "Näringsvärde": "Energi (kJ)",
        "100 Gram": "1374 kJ"
      },
      {
        "Näringsvärde": "Fett",
        "100 Gram": "0.5 g"
      },
      {
        "Näringsvärde": "Varav mättat fett",
        "100 Gram": "0.1 g"
      },
      {
        "Näringsvärde": "Kolhydrat",
        "100 Gram": "80 g"
      },
      {
        "Näringsvärde": "Varav sockerarter",
        "100 Gram": "44 g"
      },
      {
        "Näringsvärde": "Protein",
        "100 Gram": "0.5 g"
      },
      {
        "Näringsvärde": "Salt",
        "100 Gram": "4.7 g"
      }
    ],
    "nutritionUnitText": "Näringsvärde per 100 gram",
    "categories": {
      "mainCategory": "Glass, Godis & Snacks",
      "subCategories": [
        {
          "name": "Godis",
          "subSubCategories": [
            "Godispåsar"
          ]
        }
      ]
    }
  },
  {
    "name": "Chokladkaka Jordgubb 160g Marabou",
    "weightText": "0.16 kg",
    "caPart": "",
    "weightValue": 0.16,
    "weightUnit": "kg",
    "comparePrice": "193,44 kr/kg",
    "currentPrice": 30.95,
    "attributes": [],
    "imgUrl": "https://handlaprivatkund.ica.se/images-v3/bf7a00ca-390e-4769-865f-dc369586872e/1c02c5fc-6400-4a28-9872-d041d0df5c95/500x500.jpg",
    "productInformation": "Marabou Jordgubb är en Marabou Mjölkchokladkaka med krossade bitar av Jordgubb som passar för alla tillfällen. Genom Cocoa Life, vårt program för en hållbar kakaoproduktion, bidrar Marabou till att kakao odlas på rätt sätt, för att skydda planeten och respektera mänskliga rättigheter i vår värdekedja. Läs mer om Cocoa Life här www.cocoalife.org.",
    "countryText": "",
    "companyText": "Marabou",
    "ingrediensText": "Ingredienser: Socker, kakaosmör, kakaomassa, vasslepulver (MJÖLK), SKUMMJÖLKSPULVER, SMÖRFETT, vassleprodukt (MJÖLK), jordgubbar (1,2%), emulgeringsmedel (SOJALECITINER), solrosolja, aromer. Minst 30% kakao. KAN INNEHÅLLA NÖTTER OCH VETE.",
    "storage": "Lägsta förvaringstemperatur 10°C Högsta förvaringstemperatur 20°C",
    "allergens": "",
    "usage": "",
    "nutrition": [
      {
        "Näringsvärde": "Energi (kcal)",
        "100 Gram": "546 kcal"
      },
      {
        "Näringsvärde": "Energi (kJ)",
        "100 Gram": "2282 kJ"
      },
      {
        "Näringsvärde": "Fett",
        "100 Gram": "32 g"
      },
      {
        "Näringsvärde": "Varav mättat fett",
        "100 Gram": "19 g"
      },
      {
        "Näringsvärde": "Kolhydrat",
        "100 Gram": "59 g"
      },
      {
        "Näringsvärde": "Varav sockerarter",
        "100 Gram": "58 g"
      },
      {
        "Näringsvärde": "Fiber",
        "100 Gram": "2.2 g"
      },
      {
        "Näringsvärde": "Protein",
        "100 Gram": "4.6 g"
      },
      {
        "Näringsvärde": "Salt",
        "100 Gram": "0.25 g"
      }
    ],
    "nutritionUnitText": "",
    "categories": {
      "mainCategory": "Glass, Godis & Snacks",
      "subCategories": [
        {
          "name": "Choklad",
          "subSubCategories": [
            "Chokladkakor"
          ]
        }
      ]
    }
  },
  {
    "name": "Godis Gott & Blandat Salt 210g Malaco",
    "weightText": "0.21 kg",
    "caPart": "",
    "weightValue": 0.21,
    "weightUnit": "kg",
    "comparePrice": "102,38 kr/kg",
    "currentPrice": 21.5,
    "attributes": [],
    "imgUrl": "https://handlaprivatkund.ica.se/images-v3/bf7a00ca-390e-4769-865f-dc369586872e/28b71596-8298-45f1-ba29-e128758883c3/500x500.jpg",
    "productInformation": "Malaco Gott & Blandat Salt är en grym blandning av salt godis i olika former och konsistenser. Ett måste för dig som älskar saltlakrits. I godispåsen finns smaker som jalapeno, lakrits, honung och mild salmiak. En fantastisk mix av Gott & Blandat. Påsen innehåller 210 g godis som är veganskt. Malaco - Lördag hela veckan",
    "countryText": "",
    "companyText": "Malaco",
    "ingrediensText": "socker, glukossirap, glukos-fruktossirap, stärkelse, VETEMJÖL, modifierad stärkelse, ammoniumklorid (=salmiak), lakritsextrakt, fuktighetsbevarande medel (sorbitoler, glycerol), färgämnen (E153, E150c, E160c), salt, aromer, stabiliseringsmedel (E471).",
    "storage": "Förvaras torrt och i rumstemperatur. Lägsta förvaringstemperatur 5°C Högsta förvaringstemperatur 30°C",
    "allergens": "Innehåller Spannmål som innehåller gluten",
    "usage": "",
    "nutrition": [
      {
        "Näringsvärde": "Energi (kcal)",
        "100 Gram": "344 kcal"
      },
      {
        "Näringsvärde": "Energi (kJ)",
        "100 Gram": "1458 kJ"
      },
      {
        "Näringsvärde": "Fett",
        "100 Gram": "0.1 g"
      },
      {
        "Näringsvärde": "Varav mättat fett",
        "100 Gram": "0 g"
      },
      {
        "Näringsvärde": "Kolhydrat",
        "100 Gram": "85 g"
      },
      {
        "Näringsvärde": "Varav sockerarter",
        "100 Gram": "58 g"
      },
      {
        "Näringsvärde": "Protein",
        "100 Gram": "0.8 g"
      },
      {
        "Näringsvärde": "Salt",
        "100 Gram": "0.2 g"
      }
    ],
    "nutritionUnitText": "Näringsvärde per 100 gram",
    "categories": {
      "mainCategory": "Glass, Godis & Snacks",
      "subCategories": [
        {
          "name": "Godis",
          "subSubCategories": [
            "Lakrits"
          ]
        }
      ]
    }
  },
  {
    "name": "Glass Cookie Dough 465ml Ben & Jerrys",
    "weightText": "0.465 l",
    "caPart": "",
    "weightValue": 0.465,
    "weightUnit": "l",
    "comparePrice": "141,83 kr/l",
    "currentPrice": 65.95,
    "attributes": [
      "Rättvisemärkt"
    ],
    "imgUrl": "https://handlaprivatkund.ica.se/images-v3/bf7a00ca-390e-4769-865f-dc369586872e/39757dab-fb8f-47f7-90a9-261bb2815cba/500x500.jpg",
    "productInformation": "Vår berömda Cookie Dough började med ett anonymt tips, eller rättare sagt en fråga: Vad händer om ni lägger bitar av kakdeg i vaniljglass. Blir det dubbelt så gott? De orden väckte vår nyfikenhet. Våra hjärnor började arbeta på högvarv. Året var 1986 och vi plockade fram allt som behövdes för att hitta svaret. Det visade sig att förslaget var helt fantastiskt. Vi fortsatte att pröva oss fram och efter fem års hängivet testande och otaliga avsmakningar fann vi den perfekta mixen av kakdeg och vaniljgräddglass. Cookie Dough lanserades i frysar överallt. Idag är det fortfarande en av våra mest populära och älskade smaker! En perfekt efterrätt för dig som älskar kakdeg. Glöm bara inte att behålla kylan mitt i all smaskig kakdegsupplevelse. Glassen ska förvaras vid -18°C eller kallare. Brrra. Då vet du vad som behövs för att den ska trivas och vara som bäst. Historien om Ben & Jerry's började på en renoverad bensinmack i Burlington i Vermont, USA, 1978. Två grabbar och ett företag som tillverkade glass. Det var starten på ett äventyr som är lika mytomspunnet som vår glass är god. En glass som nu är berömd på avlägsna platser, och med svåruttalade namn världen över. Men nu får det vara nog med ord. Låt glassätandet börja.Ben & Jerry's glass framställs av Fairtrade-certifierat socker, kakao och vanilj. Dessutom kommer glassen i en hållbar ansvarfull förpackning.",
    "countryText": "",
    "companyText": "Ben & Jerrys",
    "ingrediensText": "Ingredienser: GRÄDDE (27%), vatten, socker, kondenserad SKUMMJÖLK, VETEMJÖL (innehåller kalcium, järn, niacin, tiamin), farinsocker, ÄGGULA från frigående höns, SMÖR, sojaolja, ÄGG från frigående höns, kakaomassa, kokosfett, melass, fettreducerat kakaopulver, vaniljextrakt, stabiliseringsmedel (guarkärnmjöl, karragenan), kakaosmör, salt, naturliga aromer (innehåller MJÖLK), naturlig vaniljarom, emulgeringsmedel (SOJALECITIN), MJÖLKFETT. > Socker, kakao, vanilj handlade utifrån principerna för massbalans. Totalt 65% exklusive vatten och mejeriF. Finfo.fairtrade.net/sourcing",
    "storage": "Förvaring vid -18°C eller kallare. Lägsta förvaringstemperatur -25°C Högsta förvaringstemperatur -18°C",
    "allergens": "Innehåller Mjölk Innehåller Sojabönor Innehåller Ägg Innehåller Spannmål som innehåller gluten",
    "usage": "",
    "nutrition": [
      {
        "Näringsvärde": "Energi (kcal)",
        "100 Gram": "273 kcal"
      },
      {
        "Näringsvärde": "Energi (kJ)",
        "100 Gram": "1145 kJ"
      },
      {
        "Näringsvärde": "Fett",
        "100 Gram": "15 g"
      },
      {
        "Näringsvärde": "Varav mättat fett",
        "100 Gram": "9.2 g"
      },
      {
        "Näringsvärde": "Kolhydrat",
        "100 Gram": "31 g"
      },
      {
        "Näringsvärde": "Varav sockerarter",
        "100 Gram": "25 g"
      },
      {
        "Näringsvärde": "Protein",
        "100 Gram": "4.1 g"
      },
      {
        "Näringsvärde": "Salt",
        "100 Gram": "0.17 g"
      }
    ],
    "nutritionUnitText": "Näringsvärde per 100 gram",
    "categories": {
      "mainCategory": "Glass, Godis & Snacks",
      "subCategories": [
        {
          "name": "Glass",
          "subSubCategories": [
            "Små Glasspaket"
          ]
        }
      ]
    }
  },
  {
    "name": "Choklad Skotte Dubbel 50g Marabou",
    "weightText": "0.05 kg",
    "caPart": "",
    "weightValue": 0.05,
    "weightUnit": "kg",
    "comparePrice": "299,00 kr/kg",
    "currentPrice": 14.95,
    "attributes": [],
    "imgUrl": "https://handlaprivatkund.ica.se/images-v3/bf7a00ca-390e-4769-865f-dc369586872e/6860b425-ac9a-4c09-bc36-e8e5fa4d4bc7/500x500.jpg",
    "productInformation": "Marabou Skotte är en unik, krämig, mörk nougat med hackade nötter och russin, överdragen med smakrik mörk choklad. Njut av chokladen på språng eller i en lugn och skön hemmamiljö. Genom Cocoa Life, vårt program för en hållbar kakaoproduktion, bidrar Marabou till att kakao odlas på rätt sätt, för att skydda planeten och respektera mänskliga rättigheter i vår värdekedja. Läs mer om Cocoa Life här www.cocoalife.org.",
    "countryText": "",
    "companyText": "Marabou",
    "ingrediensText": "Ingredienser: Socker, kakaomassa, palmolja/palmeolie, russin/rosiner (13%), HASSELNÖTTER/-NØDDER, kakaosmör, vassle-/vallepulver (MJÖLK/MÆLK), fettreducerad/fedtfattig kakao, MJÖLK-/MÆLKEPULVER, SMÖRFETT/SMØROLIE, MANDEL, glukossirap, emulgeringsmedel/emulgatorer (SOJALECITIN, solroslecitin/solsikkelecithin, E476), SKUMMJÖLKSPULVER/SKUMMETMÆLKSPULVER, honung/honning, kokos, stabiliseringsmedel/stabilisatorer (sorbitol, invertas), invertsocker, rismjöl/-mel, salt, aromer, maltextrakt från KORN/fra BYG, aprikos, hallon/hindbær. KAN INNEHÅLLA JORDNÖTTER, NÖTTER, ÄGG OCH VETE/ JORDNØDDER, NØDDER, ÆG OG HVEDE.",
    "storage": "",
    "allergens": "",
    "usage": "",
    "nutrition": [
      {
        "Näringsvärde": "Energi (kcal)",
        "100 Gram": "535 kcal"
      },
      {
        "Näringsvärde": "Energi (kJ)",
        "100 Gram": "2235 kJ"
      },
      {
        "Näringsvärde": "Fett",
        "100 Gram": "33 g"
      },
      {
        "Näringsvärde": "Varav mättat fett",
        "100 Gram": "16 g"
      },
      {
        "Näringsvärde": "Kolhydrat",
        "100 Gram": "53 g"
      },
      {
        "Näringsvärde": "Varav sockerarter",
        "100 Gram": "49.5 g"
      },
      {
        "Näringsvärde": "Fiber",
        "100 Gram": "5.2 g"
      },
      {
        "Näringsvärde": "Protein",
        "100 Gram": "4.5 g"
      },
      {
        "Näringsvärde": "Salt",
        "100 Gram": "0.1 g"
      }
    ],
    "nutritionUnitText": "Näringsvärde per 100 gram",
    "categories": {
      "mainCategory": "Glass, Godis & Snacks",
      "subCategories": [
        {
          "name": "Choklad",
          "subSubCategories": [
            "Chokladstycksaker"
          ]
        }
      ]
    }
  },
  {
    "name": "Jordnötter 500g ICA Basic",
    "weightText": "0.5 kg",
    "caPart": "",
    "weightValue": 0.5,
    "weightUnit": "kg",
    "comparePrice": "41,90 kr/kg",
    "currentPrice": 20.95,
    "attributes": [],
    "imgUrl": "https://handlaprivatkund.ica.se/images-v3/bf7a00ca-390e-4769-865f-dc369586872e/b36586b8-e938-4b3d-bb8a-ef1409f10fba/500x500.jpg",
    "productInformation": "Jordnötter är perfekt som snacks till kalla drycker, men passar också i bakverk, choklad och glass. Prova att ha jordnötter i matlagningen!",
    "countryText": "",
    "companyText": "ICA Basic",
    "ingrediensText": "Ingredienser: JORDNÖTTER* 94%, solrosolja, salt. Kan innehålla spår av cashewnötter. *Odlade i: Argentina/Brasilien/USA.",
    "storage": "Torrt, skyddat mot starkt ljus och ej över normal rumstemperatur.",
    "allergens": "",
    "usage": "Observera: Tänk på att små barn kan sätta nötter i halsen.",
    "nutrition": [
      {
        "Näringsvärde": "Energi (kcal)",
        "100 Gram": "618 kcal"
      },
      {
        "Näringsvärde": "Energi (kJ)",
        "100 Gram": "2559 kJ"
      },
      {
        "Näringsvärde": "Fett",
        "100 Gram": "50 g"
      },
      {
        "Näringsvärde": "Varav mättat fett",
        "100 Gram": "6 g"
      },
      {
        "Näringsvärde": "Kolhydrat",
        "100 Gram": "9.6 g"
      },
      {
        "Näringsvärde": "Varav sockerarter",
        "100 Gram": "5 g"
      },
      {
        "Näringsvärde": "Protein",
        "100 Gram": "26 g"
      },
      {
        "Näringsvärde": "Salt",
        "100 Gram": "1 g"
      }
    ],
    "nutritionUnitText": "Näringsvärde per 100 gram",
    "categories": {
      "mainCategory": "Glass, Godis & Snacks",
      "subCategories": [
        {
          "name": "Chips & snacks",
          "subSubCategories": [
            "Salta nötter",
            "Jordnötter saltade"
          ]
        }
      ]
    }
  },
  {
    "name": "Piggelin 10-p 550ml GB Glace",
    "weightText": "",
    "caPart": "",
    "weightValue": 0,
    "weightUnit": "",
    "comparePrice": "10 per frp 4,85 kr/st",
    "currentPrice": 48.5,
    "attributes": [],
    "imgUrl": "https://handlaprivatkund.ica.se/images-v3/bf7a00ca-390e-4769-865f-dc369586872e/fa91482e-002e-44cb-b4f7-56acb3eda530/500x500.jpg",
    "productInformation": "Här är en av våra absoluta mest älskade klassiker, direkt från glassfabriken i Flen, i hjärtat av Sörmland. Får vi presentera Piggelin. En läskande, uppfriskande och svalkande pinnglass med smak av tuttifrutti. Det är en glass som är omtyckt av både små som stora och som följt med genom åren. Under alla årstider. En god glass är aldrig fel och passar alltid lika bra. Eller varför inte 10. Det är ju sällan man nöjer sig med en glass, därför har vi tagit fram ett flerpack av Piggelin som du kan unna dig själv eller dela med nära och kära. Varje förpackning innehåller 10 stycken glassar.Förvara glassen vid -18°C eller kallare. GB Glace – Glassglädje och Gemenskap sedan 1942. Våra grundare hade visionen att sprida glädje genom härlig och välsmakande glass vars magi för oss samman och smälter bort hindren mellan människor. Vi vill göra folk glada. Varje dag. Vårt mål är att erbjuda god glass av bra kvalitet till dig samtidigt som vi vill att våra produkter ska överträffa dina förväntningar varje gång. Glassfabriken och vårt hjärta finns i Flen och där producerar vi varje år både omtyckta klassiker såväl som nyheter med omsorgsfullt utvalda ingredienser och omtanke om miljön. Vi vill se till att det finns en glass för alla och hoppas att du kan hitta mer än en favorit bland de glassar som vi erbjuder!",
    "countryText": "",
    "companyText": "GB Glace",
    "ingrediensText": "Ingredienser: Vatten, socker, glukos-fruktossirap, druvjuicekoncentrat, surhetsreglerande medel (citronsyra), stabiliseringsmedel (pektin, karragenan), tistelkoncentrat, citronjuicekoncentrat, spirulinakoncentrat, äppelkoncentrat, arom. Kan innehålla MJÖLK.",
    "storage": "Förvaring vid -18°C eller kallare. Lägsta förvaringstemperatur -25°C Högsta förvaringstemperatur -18°C",
    "allergens": "Kan innehålla Mjölk",
    "usage": "",
    "nutrition": [
      {
        "Näringsvärde": "Energi (kcal)",
        "55 Milliliter": "50 kcal",
        "% av DRI(*)": "3"
      },
      {
        "Näringsvärde": "Energi (kJ)",
        "55 Milliliter": "210 kJ",
        "% av DRI(*)": "3"
      },
      {
        "Näringsvärde": "Fett",
        "55 Milliliter": "0.5 g",
        "% av DRI(*)": "1"
      },
      {
        "Näringsvärde": "Varav mättat fett",
        "55 Milliliter": "0.1 g",
        "% av DRI(*)": "1"
      },
      {
        "Näringsvärde": "Kolhydrat",
        "55 Milliliter": "12 g",
        "% av DRI(*)": "5"
      },
      {
        "Näringsvärde": "Varav sockerarter",
        "55 Milliliter": "12 g",
        "% av DRI(*)": "13"
      },
      {
        "Näringsvärde": "Fiber",
        "55 Milliliter": "0.5 g"
      },
      {
        "Näringsvärde": "Protein",
        "55 Milliliter": "0.5 g",
        "% av DRI(*)": "1"
      },
      {
        "Näringsvärde": "Salt",
        "55 Milliliter": "0.01 g",
        "% av DRI(*)": "1"
      }
    ],
    "nutritionUnitText": "Näringsvärde per 55 milliliter",
    "categories": {
      "mainCategory": "Glass, Godis & Snacks",
      "subCategories": [
        {
          "name": "Glass",
          "subSubCategories": [
            "Pinnglass"
          ]
        }
      ]
    }
  },
  {
    "name": "Glasspinne Mini mumsbit Mandel & choklad 12-p 420g ICA",
    "weightText": "",
    "caPart": "",
    "weightValue": 0,
    "weightUnit": "",
    "comparePrice": "12 per frp 4,04 kr/st",
    "currentPrice": 48.5,
    "attributes": [
      "Rainforest Alliance certifierad"
    ],
    "imgUrl": "https://handlaprivatkund.ica.se/images-v3/bf7a00ca-390e-4769-865f-dc369586872e/20bc1c8a-8561-48aa-b114-daa3275f4f2d/500x500.jpg",
    "productInformation": "En blandning av ICAs Mumsbitar i miniformat. Vaniljglass med överdrag av mörk choklad, vit choklad, ljus choklad eller knaprig mandel.",
    "countryText": "Belgien",
    "companyText": "ICA",
    "ingrediensText": "MANDEL: Vaniljglass 58% (SKUMMJÖLK, socker, vatten, kokosfett, SKUMMJÖLKSPULVER, emulgeringsmedel (E471), arom, stabiliseringsmedel (E410, E412), naturlig vaniljarom, extraherad vaniljstång, färgämne (E160a)), mjölkchoklad 37% (socker, kakaosmör*, vasslepulver (från MJÖLK), MJÖLKFETT, kakaomassa*, kokosfett, SKUMMJÖLKSPULVER, emulgeringsmedel (E322, E476), naturlig vaniljarom), MANDLAR 5%. MÖRK CHOKLAD: Vaniljglass 63% (SKUMMJÖLK, socker, vatten, kokosfett, SKUMMJÖLKSPULVER, emulgeringsmedel (E471), arom, stabiliseringsmedel (E410, E412), naturlig vaniljarom, extraherad vaniljstång, färgämne E160a)), mörk choklad 37% (socker, kakaomassa*, kakaosmör*, MJÖLKFETT, emulgeringsmedel (E322), naturlig vaniljarom). MJÖLKCHOKLAD: Vaniljglass 64% (SKUMMJÖLK, socker, vatten, kokosfett, SKUMMJÖLKSPULVER, emulgeringsmedel (E471), arom, stabiliseringsmedel (E410, E412), naturlig vaniljarom, extraherad vaniljstång, färgämne (E160a)), mjölkchoklad 36% (socker, kakaosmör*, vasslepulver (från MJÖLK), MJÖLKFETT, kakaomassa*, kokosfett, SKUMMJÖLKSPULVER, emulgeringsmedel (E322, E476), naturlig vaniljarom. VIT CHOKLAD: Vaniljglass 63% (SKUMMJÖLK, socker, vatten, kokosfett, SKUMMJÖLKSPULVER, emulgeringsmedel (E471), arom, stabiliseringsmedel (E410, E412), naturlig vaniljarom, extraherad vaniljstång, färgämne (E160a)), vit choklad 37% (socker, kakaosmör*, vasslepulver (från MJÖLK), MJÖLKFETT, SKUMMJÖLKSPULVER, kokosfett, emulgeringsmedel (E322, E476), naturlig vaniljarom). Ursprung mjölkprodukter: EU/icke-EU. Mandlar odlade i EU/icke-EU. Kan innehålla spår av hasselnöt, valnöt, pekannöt, pistaschnöt, makadamianöt, mandel, cashewnöt och paranöt. *Rainforest Alliance-certifierad. Läs mer på www.ra.org",
    "storage": "Djupfryst. I frysutrymme (-18°C eller kallare). Bör ej frysas om efter upptining. Lägsta förvaringstemperatur -25°C Högsta förvaringstemperatur -18°C",
    "allergens": "Innehåller Nötter (eng: tree nuts) Innehåller Mjölk",
    "usage": "",
    "nutrition": [
      {
        "Näringsvärde": "Energi (kcal)",
        "100 Gram": "339 kcal"
      },
      {
        "Näringsvärde": "Energi (kJ)",
        "100 Gram": "1413 kJ"
      },
      {
        "Näringsvärde": "Fett",
        "100 Gram": "22 g"
      },
      {
        "Näringsvärde": "Varav mättat fett",
        "100 Gram": "15 g"
      },
      {
        "Näringsvärde": "Kolhydrat",
        "100 Gram": "31 g"
      },
      {
        "Näringsvärde": "Varav sockerarter",
        "100 Gram": "31 g"
      },
      {
        "Näringsvärde": "Protein",
        "100 Gram": "4 g"
      },
      {
        "Näringsvärde": "Salt",
        "100 Gram": "0.2 g"
      }
    ],
    "nutritionUnitText": "Näringsvärde per 100 gram",
    "categories": {
      "mainCategory": "Glass, Godis & Snacks",
      "subCategories": [
        {
          "name": "Glass",
          "subSubCategories": [
            "Mixade glasslådor"
          ]
        }
      ]
    }
  },
  {
    "name": "Sombreros 125g Estrella",
    "weightText": "0.125 kg",
    "caPart": "",
    "weightValue": 0.125,
    "weightUnit": "kg",
    "comparePrice": "207,60 kr/kg",
    "currentPrice": 25.95,
    "attributes": [],
    "imgUrl": "https://handlaprivatkund.ica.se/images-v3/bf7a00ca-390e-4769-865f-dc369586872e/9c0ece48-5dec-4356-9ad9-3d3adc7cdda5/500x500.jpg",
    "productInformation": "Estrella Sombreros Original är spröda, salta majssnacks som passar bra att sätta på fingertopparna men ännu bättre i munnen! En konformad snacksfavorit utan krusiduller som passar både stora och små. Bara god smak och spröd textur helt enkelt. Ett veganvänligt och bjudvänligt snacks från chipsfabriken i Göteborg.",
    "countryText": "",
    "companyText": "Estrella",
    "ingrediensText": "Majsmjöl, solros-/rapsolja, salt, socker, bakpulver (natriumkarbonat). Kan innehålla spår av MJÖLK, SOJA OCH GLUTEN.",
    "storage": "",
    "allergens": "Kan innehålla spår av Mjölk, Spannmål som innehåller gluten, Sojabönor.",
    "usage": "",
    "nutrition": [
      {
        "Näringsvärde": "Energi (kcal)",
        "100 Gram": "533 kcal"
      },
      {
        "Näringsvärde": "Energi (kJ)",
        "100 Gram": "2227 kJ"
      },
      {
        "Näringsvärde": "Fett",
        "100 Gram": "31 g"
      },
      {
        "Näringsvärde": "Varav mättat fett",
        "100 Gram": "3.2 g"
      },
      {
        "Näringsvärde": "Kolhydrat",
        "100 Gram": "59 g"
      },
      {
        "Näringsvärde": "Varav sockerarter",
        "100 Gram": "3 g"
      },
      {
        "Näringsvärde": "Fiber",
        "100 Gram": "3.4 g"
      },
      {
        "Näringsvärde": "Protein",
        "100 Gram": "3.9 g"
      },
      {
        "Näringsvärde": "Salt",
        "100 Gram": "2.3 g"
      }
    ],
    "nutritionUnitText": "Näringsvärde per 100 gram",
    "categories": {
      "mainCategory": "Glass, Godis & Snacks",
      "subCategories": [
        {
          "name": "Chips & snacks",
          "subSubCategories": [
            "Chips"
          ]
        }
      ]
    }
  },
  {
    "name": "Tuggummi Professional white Spearemint 29g Extra",
    "weightText": "0.029 kg",
    "caPart": "",
    "weightValue": 0.029,
    "weightUnit": "kg",
    "comparePrice": "653,45 kr/kg",
    "currentPrice": 18.95,
    "attributes": [],
    "imgUrl": "https://handlaprivatkund.ica.se/images-v3/bf7a00ca-390e-4769-865f-dc369586872e/65da5ac1-f1ac-42cb-9280-c37362e8f065/500x500.jpg",
    "productInformation": "Sockerfritt tuggummi",
    "countryText": "",
    "companyText": "Extra",
    "ingrediensText": "Ingredienser: Sötningsmedel/sødestoffer Xylitol (29,6%), Sorbitol, Aspartam, Acesulfam K; Gummibas/gummibase, Förtjockningsmedel/fortykningsmiddel E414, Fuktighetsbevarande Medel/middel E422, Aromer/aromaer, Fyllnadsmedel/fyllstoff E341, Emulgeringsmedel/emulgator SOJA-/SOYALECITIN, Surhetsreglerande Medel/surhedsregulerende Middel E500, Ytbehandlingsmedel/glasurmiddel E903, Antioxidant/antioksidant E320, Färgämne/farvestof/fargestof E133.",
    "storage": "Ska förvaras torrt och svalt Lägsta förvaringstemperatur 5°C Högsta förvaringstemperatur 25°C",
    "allergens": "Innehåller Sojabönor",
    "usage": "Konsumera snarast efter öppnandet. Tugga i minst 20 minuter efter intagande av mat och dryck. Varierad och balanserad kost och hälsosam livsstil är viktig. \n \n ÖVERDRIVEN KONSUMTION/OVERDREVET FORBRUG/INNTAK KAN HA LAXERANDE EFFEKT/KAN VIRKE AFFØRENDE. INNEHÅLLER/INNEHOLDER EN KÄLLA TILL FENYLALANIN/INNEHOLDER EN KILDE TIL FENYLALANIN.",
    "nutrition": [
      {
        "Näringsvärde": "Energi (kcal)",
        "100 Gram": "145 kcal"
      },
      {
        "Näringsvärde": "Energi (kJ)",
        "100 Gram": "604 kJ"
      },
      {
        "Näringsvärde": "Fett",
        "100 Gram": "0 g"
      },
      {
        "Näringsvärde": "Varav mättat fett",
        "100 Gram": "0 g"
      },
      {
        "Näringsvärde": "Kolhydrat",
        "100 Gram": "60 g"
      },
      {
        "Näringsvärde": "Varav sockerarter",
        "100 Gram": "0 g"
      },
      {
        "Näringsvärde": "Varav polyoler",
        "100 Gram": "60 g"
      },
      {
        "Näringsvärde": "Protein",
        "100 Gram": "0 g"
      },
      {
        "Näringsvärde": "Salt",
        "100 Gram": "0.06 g"
      }
    ],
    "nutritionUnitText": "Näringsvärde per 100 gram",
    "categories": {
      "mainCategory": "Glass, Godis & Snacks",
      "subCategories": [
        {
          "name": "Tuggummi",
          "subSubCategories": [
            "Tuggummi, påse"
          ]
        }
      ]
    }
  },
  {
    "name": "Fruktstång Äpple & Hallon 5-p Castus",
    "weightText": "",
    "caPart": "",
    "weightValue": 0,
    "weightUnit": "",
    "comparePrice": "5 x 5 per frp 0,90 kr/st",
    "currentPrice": 22.5,
    "attributes": [],
    "imgUrl": "https://handlaprivatkund.ica.se/images-v3/bf7a00ca-390e-4769-865f-dc369586872e/b5b12536-57f7-483b-aa21-b25c6feb53b2/500x500.jpg",
    "productInformation": "",
    "countryText": "",
    "companyText": "Castus",
    "ingrediensText": "Ingredienser: DK/N/SE Ingredienser: Frugter 94% (dadler 89% (ikke EU oprindelse/ursprung), æbler/eple/äpple 4,0%, hindbærpulver/bringebærpulver/hallonpulver 1,3% svarende til 2,5 g friske/färske hindbær/bringebær/hallon*), solsikkeolie/solrosolja, vand/vatten, citronsaftkoncentrat, naturlig aroma (hindbær/bringebær/hallon og æble/eple/äpple). Kan indeholde spor/spår af jordnødder/peanøtter/jordnötter og andre nødder/nøtter/nötter. Opbevares/håll tørt/tørr/torrt og ikke for varmt.",
    "storage": "",
    "allergens": "",
    "usage": "",
    "nutrition": [
      {
        "Näringsvärde": "Energi (kcal)",
        "100 Gram": "320 kcal"
      },
      {
        "Näringsvärde": "Energi (kJ)",
        "100 Gram": "1330 kJ"
      },
      {
        "Näringsvärde": "Fett",
        "100 Gram": "3.5 g"
      },
      {
        "Näringsvärde": "Varav mättat fett",
        "100 Gram": "0.5 g"
      },
      {
        "Näringsvärde": "Kolhydrat",
        "100 Gram": "64 g"
      },
      {
        "Näringsvärde": "Varav sockerarter",
        "100 Gram": "56 g"
      },
      {
        "Näringsvärde": "Fiber",
        "100 Gram": "10 g"
      },
      {
        "Näringsvärde": "Protein",
        "100 Gram": "2 g"
      },
      {
        "Näringsvärde": "Salt",
        "100 Gram": "0 g"
      }
    ],
    "nutritionUnitText": "Näringsvärde per 100 gram",
    "categories": {
      "mainCategory": "Glass, Godis & Snacks",
      "subCategories": [
        {
          "name": "Naturgodis, Nötter & Bars",
          "subSubCategories": [
            "Russin & Torkad frukt",
            "Övrig torkad frukt"
          ]
        }
      ]
    }
  },
  {
    "name": "Chips Lagrad ost & Havssalt 275g Estrella",
    "weightText": "0.275 kg",
    "caPart": "",
    "weightValue": 0.275,
    "weightUnit": "kg",
    "comparePrice": "114,55 kr/kg",
    "currentPrice": 31.5,
    "attributes": [],
    "imgUrl": "https://handlaprivatkund.ica.se/images-v3/bf7a00ca-390e-4769-865f-dc369586872e/6b8bcff3-68c5-4b8a-848a-5ebcddd9d9fc/500x500.jpg",
    "productInformation": "",
    "countryText": "",
    "companyText": "Estrella",
    "ingrediensText": "Potatis, solros-/rapsolja, kryddblandning (VASSLEpulver (från MJÖLK), maltodextrin, havssalt, salt, lagrad OSTpulver 5,5%, druvsocker, KÄRNMJÖLKSpulver, socker, vitlök, naturlig aromer (med MJÖLK), syra (citronsyra), färgämnen (paprikaextrakt, gurkmejaextrakt).",
    "storage": "",
    "allergens": "",
    "usage": "",
    "nutrition": [
      {
        "Näringsvärde": "Energi (kcal)",
        "100 Gram": "518 kcal"
      },
      {
        "Näringsvärde": "Energi (kJ)",
        "100 Gram": "2156 kJ"
      },
      {
        "Näringsvärde": "Fett",
        "100 Gram": "33 g"
      },
      {
        "Näringsvärde": "Varav mättat fett",
        "100 Gram": "2.8 g"
      },
      {
        "Näringsvärde": "Kolhydrat",
        "100 Gram": "47 g"
      },
      {
        "Näringsvärde": "Varav sockerarter",
        "100 Gram": "2.9 g"
      },
      {
        "Näringsvärde": "Fiber",
        "100 Gram": "5 g"
      },
      {
        "Näringsvärde": "Protein",
        "100 Gram": "5.8 g"
      },
      {
        "Näringsvärde": "Salt",
        "100 Gram": "1.5 g"
      }
    ],
    "nutritionUnitText": "Näringsvärde per 100 gram",
    "categories": {
      "mainCategory": "Glass, Godis & Snacks",
      "subCategories": [
        {
          "name": "Chips & snacks",
          "subSubCategories": [
            "Chips"
          ]
        }
      ]
    }
  },
  {
    "name": "Chokladbananer Skum 100g Aroma",
    "weightText": "0.1 kg",
    "caPart": "",
    "weightValue": 0.1,
    "weightUnit": "kg",
    "comparePrice": "179,50 kr/kg",
    "currentPrice": 17.95,
    "attributes": [
      "Glutenfritt"
    ],
    "imgUrl": "https://handlaprivatkund.ica.se/images-v3/bf7a00ca-390e-4769-865f-dc369586872e/e0af6076-7803-4308-8541-5116e9c9166d/500x500.jpg",
    "productInformation": "",
    "countryText": "",
    "companyText": "Aroma",
    "ingrediensText": "Ingredienser/Ainekset/Ingredients/Inhaltsstoffe: Socker/sokeri/Sugar/Zucker* (56%), glukos-fruktossirap/glukoosi-fruktoosisiirappi/Glucose-fructose syrup/Glucose-Fructose-Sirup, kakaosmör/kaakaovoi/Cocoa butter/Kakaobutter, helMJÖLKspulver/helMELKpulver/helMÆLKspulver/täysMAITOjauhe/Whole MILK powder/ VollMILCHpulver, gelatin/gelatiini/Gelatine, kakaomassa/kaakaomassa/Cocoa mass/Kakaomasse, vassle/myse/valle/hera/Whey/Molke (MJÖLK/MELK/MÆLK/MAITO/MILK/MILCH), emulgeringsmedel/emulgointiaine/Emulsifier/Emulgator E322 (SOJAlecitin/SOIJAlesitiini/SOYA lecithin/SOJA Lecithin), aromer/aromit/Flavourings/Aromen (vanillin/vanilliini). *Ursprung/Alkuperämaa/Origin EU",
    "storage": "",
    "allergens": "Innehåller Mjölk Innehåller Sojabönor",
    "usage": "",
    "nutrition": [
      {
        "Näringsvärde": "Energi (kcal)",
        "100 Gram": "400 kcal"
      },
      {
        "Näringsvärde": "Energi (kJ)",
        "100 Gram": "1673 kJ"
      },
      {
        "Näringsvärde": "Fett",
        "100 Gram": "7.6 g"
      },
      {
        "Näringsvärde": "Varav mättat fett",
        "100 Gram": "4.9 g"
      },
      {
        "Näringsvärde": "Kolhydrat",
        "100 Gram": "76 g"
      },
      {
        "Näringsvärde": "Varav sockerarter",
        "100 Gram": "64 g"
      },
      {
        "Näringsvärde": "Protein",
        "100 Gram": "5.2 g"
      },
      {
        "Näringsvärde": "Salt",
        "100 Gram": "0.25 g"
      }
    ],
    "nutritionUnitText": "Näringsvärde per 100 gram",
    "categories": {
      "mainCategory": "Glass, Godis & Snacks",
      "subCategories": [
        {
          "name": "Godis",
          "subSubCategories": [
            "Godispåsar",
            "Chokladpåsar"
          ]
        }
      ]
    }
  },
  {
    "name": "Dipmix Sourcream & Onion 24g Estrella",
    "weightText": "0.024 kg",
    "caPart": "",
    "weightValue": 0.024,
    "weightUnit": "kg",
    "comparePrice": "497,92 kr/kg",
    "currentPrice": 11.95,
    "attributes": [],
    "imgUrl": "https://handlaprivatkund.ica.se/images-v3/bf7a00ca-390e-4769-865f-dc369586872e/6d767468-da6e-4141-bb27-18edfb9fa3a1/500x500.jpg",
    "productInformation": "Estrella Dippmix Sourcream & Onion är en krämig dipp med smak av gräddfil och lök. Den populära smaken på chips är lika god som dipp! Bara blanda kryddmixen med gräddfil och dippa grönsakstavar, chips eller dina andra favoritsnacks. Passar även att servera som sås till grillat och sallad. En vinnardipp att krydda vardag eller helgen med helt enkelt!",
    "countryText": "",
    "companyText": "Estrella",
    "ingrediensText": "Lök (pulver, bitar), salt, modifierad potatisstärkelse, socker, maltodextrin, KÄRNMJÖLKSPULVER, GRÄDDPULVER, surhetsreglerande medel (mjölksyra, äppelsyra, kalciumlaktat), persilja, jästextrakt, aromer.",
    "storage": "",
    "allergens": "Innehåller Mjölk",
    "usage": "",
    "nutrition": [
      {
        "Näringsvärde": "Energi (kcal)",
        "100 Gram": "310 kcal"
      },
      {
        "Näringsvärde": "Energi (kJ)",
        "100 Gram": "1300 kJ"
      },
      {
        "Näringsvärde": "Fett",
        "100 Gram": "4.2 g"
      },
      {
        "Näringsvärde": "Varav mättat fett",
        "100 Gram": "2.6 g"
      },
      {
        "Näringsvärde": "Kolhydrat",
        "100 Gram": "60 g"
      },
      {
        "Näringsvärde": "Varav sockerarter",
        "100 Gram": "36 g"
      },
      {
        "Näringsvärde": "Protein",
        "100 Gram": "6.5 g"
      },
      {
        "Näringsvärde": "Salt",
        "100 Gram": "19 g"
      }
    ],
    "nutritionUnitText": "Näringsvärde per 100 gram",
    "categories": {
      "mainCategory": "Glass, Godis & Snacks",
      "subCategories": [
        {
          "name": "Chips & snacks",
          "subSubCategories": [
            "Dipp"
          ]
        }
      ]
    }
  },
  {
    "name": "Chokladpåse Non Stop 150g Marabou",
    "weightText": "0.15 kg",
    "caPart": "",
    "weightValue": 0.15,
    "weightUnit": "kg",
    "comparePrice": "250,00 kr/kg",
    "currentPrice": 37.5,
    "attributes": [],
    "imgUrl": "https://handlaprivatkund.ica.se/images-v3/bf7a00ca-390e-4769-865f-dc369586872e/68ba63e6-fa1d-405b-8354-21f7a28837a7/500x500.jpg",
    "productInformation": "\"Du kan inte stoppa när du börjar med Non Stop\" hette det när de färgglada chokladlinserna i rött, gult, orange och grönt kom till på 40-talet, varje färg med sin smak. Det var faktiskt de mest moderiktiga damerna på Marabou-kontoret som fick föreslå vilka färger de små godbitarna skulle ha! Perfekta att dela med vänner och familj, eller varför inte njuta av själv i lugn hemmamiljö. Genom Cocoa Life, vårt program för en hållbar kakaoproduktion, bidrar Marabou till att kakao odlas på rätt sätt, för att skydda planeten och respektera mänskliga rättigheter i vår värdekedja. Läs mer om Cocoa Life här www.cocoalife.org.",
    "countryText": "",
    "companyText": "Marabou",
    "ingrediensText": "Ingredienser: Socker, kakaomassa, kakaosmör, MJÖLKPULVER, ytbehandlingsmedel (gummi arabicum, bivax), emulgeringsmedel (SOJALECITINER), aromer, färgämnen (E172, E153, E120, E100, E133, E160a), glukos-fruktossirap. Mörk choklad: minst 44 % kakao. KAN INNEHÅLLA JORDNÖTTER, NÖTTER OCH VETE.",
    "storage": "Lägsta förvaringstemperatur 10°C Högsta förvaringstemperatur 20°C",
    "allergens": "",
    "usage": "",
    "nutrition": [
      {
        "Näringsvärde": "Energi (kcal)",
        "100 Gram": "483 kcal"
      },
      {
        "Näringsvärde": "Energi (kJ)",
        "100 Gram": "2027 kJ"
      },
      {
        "Näringsvärde": "Fett",
        "100 Gram": "20 g"
      },
      {
        "Näringsvärde": "Varav mättat fett",
        "100 Gram": "11 g"
      },
      {
        "Näringsvärde": "Kolhydrat",
        "100 Gram": "70 g"
      },
      {
        "Näringsvärde": "Varav sockerarter",
        "100 Gram": "69 g"
      },
      {
        "Näringsvärde": "Fiber",
        "100 Gram": "5.2 g"
      },
      {
        "Näringsvärde": "Protein",
        "100 Gram": "3.5 g"
      },
      {
        "Näringsvärde": "Salt",
        "100 Gram": "0.01 g"
      }
    ],
    "nutritionUnitText": "",
    "categories": {
      "mainCategory": "Jul",
      "subCategories": [
        {
          "name": "Julbak",
          "subSubCategories": [
            "Pepparkakshus & Dekorationer"
          ]
        }
      ]
    }
  },
  {
    "name": "Chokladkaka Havssalt 160g Marabou",
    "weightText": "0.16 kg",
    "caPart": "",
    "weightValue": 0.16,
    "weightUnit": "kg",
    "comparePrice": "193,44 kr/kg",
    "currentPrice": 30.95,
    "attributes": [],
    "imgUrl": "https://handlaprivatkund.ica.se/images-v3/bf7a00ca-390e-4769-865f-dc369586872e/f1112779-a141-466b-8b8c-5416de3fd405/500x500.jpg",
    "productInformation": "Marabou Havssalt är en Marabou Mjölkchokladkaka med en nypa salt som passar för alla tillfällen. Genom Cocoa Life, vårt program för en hållbar kakaoproduktion, bidrar Marabou till att kakao odlas på rätt sätt, för att skydda planeten och respektera mänskliga rättigheter i vår värdekedja. Läs mer om Cocoa Life här www.cocoalife.org.",
    "countryText": "",
    "companyText": "Marabou",
    "ingrediensText": "Ingredienser: Socker, kakaosmör, kakaomassa, vasslepulver (MJÖLK), SKUMMJÖLKSPULVER, SMÖRFETT, vassleprodukt (MJÖLK), emulgeringsmedel (SOJALECITINER), havssalt (0,3 %), arom. KAN INNEHÅLLA NÖTTER OCH VETE.",
    "storage": "",
    "allergens": "",
    "usage": "",
    "nutrition": [
      {
        "Näringsvärde": "Energi (kcal)",
        "100 Gram": "546 kcal"
      },
      {
        "Näringsvärde": "Energi (kJ)",
        "100 Gram": "2280 kJ"
      },
      {
        "Näringsvärde": "Fett",
        "100 Gram": "32 g"
      },
      {
        "Näringsvärde": "Varav mättat fett",
        "100 Gram": "19 g"
      },
      {
        "Näringsvärde": "Kolhydrat",
        "100 Gram": "59 g"
      },
      {
        "Näringsvärde": "Varav sockerarter",
        "100 Gram": "58 g"
      },
      {
        "Näringsvärde": "Fiber",
        "100 Gram": "2 g"
      },
      {
        "Näringsvärde": "Protein",
        "100 Gram": "4.6 g"
      },
      {
        "Näringsvärde": "Salt",
        "100 Gram": "0.6 g"
      }
    ],
    "nutritionUnitText": "Näringsvärde per 100 gram",
    "categories": {
      "mainCategory": "Glass, Godis & Snacks",
      "subCategories": [
        {
          "name": "Choklad",
          "subSubCategories": [
            "Chokladkakor",
            "Ljus choklad"
          ]
        }
      ]
    }
  },
  {
    "name": "Godispåse StjärnMix 170g Haribo",
    "weightText": "0.17 kg",
    "caPart": "",
    "weightValue": 0.17,
    "weightUnit": "kg",
    "comparePrice": "108,82 kr/kg",
    "currentPrice": 18.5,
    "attributes": [],
    "imgUrl": "https://handlaprivatkund.ica.se/images-v3/bf7a00ca-390e-4769-865f-dc369586872e/5d3dc4f8-96eb-4d19-8f58-077f5a9772d1/500x500.jpg",
    "productInformation": "",
    "countryText": "",
    "companyText": "Haribo",
    "ingrediensText": "lngredienser: Glukossirap; socker; gelatin; druvsocker; syra: citronsyra; frukt- och plantkoncentrat: spirulina, safflor, äpple, citron, rättika, sötpotatis, morot, svarta vinbär, hibiskus; arom; karamelliserat socker; solrosolja; ytbehandlingsmedel: bivax vitt och gult.",
    "storage": "",
    "allergens": "",
    "usage": "",
    "nutrition": [
      {
        "Näringsvärde": "Energi (kcal)",
        "100 Gram": "348 kcal"
      },
      {
        "Näringsvärde": "Energi (kJ)",
        "100 Gram": "1476 kJ"
      },
      {
        "Näringsvärde": "Fett",
        "100 Gram": "0.5 g"
      },
      {
        "Näringsvärde": "Varav mättat fett",
        "100 Gram": "0.1 g"
      },
      {
        "Näringsvärde": "Kolhydrat",
        "100 Gram": "79 g"
      },
      {
        "Näringsvärde": "Varav sockerarter",
        "100 Gram": "49 g"
      },
      {
        "Näringsvärde": "Protein",
        "100 Gram": "6.1 g"
      },
      {
        "Näringsvärde": "Salt",
        "100 Gram": "0.01 g"
      }
    ],
    "nutritionUnitText": "Näringsvärde per 100 gram",
    "categories": {
      "mainCategory": "Glass, Godis & Snacks",
      "subCategories": [
        {
          "name": "Godis",
          "subSubCategories": [
            "Godispåsar"
          ]
        }
      ]
    }
  },
  {
    "name": "Smarties 38g Nestle",
    "weightText": "0.038 kg",
    "caPart": "",
    "weightValue": 0.038,
    "weightUnit": "kg",
    "comparePrice": "302,63 kr/kg",
    "currentPrice": 11.5,
    "attributes": [],
    "imgUrl": "https://handlaprivatkund.ica.se/images-v3/bf7a00ca-390e-4769-865f-dc369586872e/c436ba88-8adf-44fa-a623-c80b84f8b8d6/500x500.jpg",
    "productInformation": "SMARTIES choklad är små läckra chokladlinser i regnbågens alla färger. Smarties är en av barnens absoluta favoriter och kan avnjutas som de är eller användas i desserten. Smarties innehåller inga konstgjorda färgämnen, smakämnen eller konserveringsmedel.",
    "countryText": "",
    "companyText": "Nestle",
    "ingrediensText": "INGREDIENSER: Socker-/Sukkerglaserede mjölkchokladlinser/mælkechokoladelinser (65% mjölkchoklad/mælkechokolade). Innehåller förutom/udover kakaosmör även/også annat vegetabiliskt fett. Ingredienser: socker/sukker, skumMJÖLKS-/skummetMÆLKS-/skummetMELKpulver, kakaomassa, kakaosmör, glukossirap/glukosesirup, VETEmjöl/HVEDE-/HVETEmel, VASSLE-/VALLE-/MYSEpermeatpulver (MJÖLK/MÆLK/MELK), SMÖRolja/SMØRolie (MJÖLK/MÆLK/MELK), vegetabiliskt fett (palm, shea), stärkelse/stivelse, emulgeringsmedel/emulgator (lecitiner), färgämne/farvestof/fargestoff (rödbetrött/rødbedefarve, karotener, kurkumin), spirulinakoncentrat, ytbehandlingsmedel/overfladebehandlingsmiddel (karnaubavax/-voks, bivax/bivoks (vit)), grönsaks-/grøntsagskoncentrat (safflor/farvetidsel/fargetistel, rädisa/radise/reddik), maltekstrakt (KORN/BYG/BYGG).",
    "storage": "Förvaras/Opbevares torrt/tørt och svalt/køligt. Bäst före utgången av/bedst før udgangen af/Best før utgangen av: se botten/bunden.",
    "allergens": "",
    "usage": "VIKTIGT: Små barn (yngre än 4 år) har bergänsad/begrænset tyggmöjlighet/tyggemulighed och kan få godis/slik/godteri fel/galt i halsen.",
    "nutrition": [
      {
        "Näringsvärde": "Energi (kcal)",
        "100 Gram": "470 kcal"
      },
      {
        "Näringsvärde": "Energi (kJ)",
        "100 Gram": "1975 kJ"
      },
      {
        "Näringsvärde": "Fett",
        "100 Gram": "18.7 g"
      },
      {
        "Näringsvärde": "Varav mättat fett",
        "100 Gram": "11.3 g"
      },
      {
        "Näringsvärde": "Kolhydrat",
        "100 Gram": "68.8 g"
      },
      {
        "Näringsvärde": "Varav sockerarter",
        "100 Gram": "59.8 g"
      },
      {
        "Näringsvärde": "Fiber",
        "100 Gram": "1.9 g"
      },
      {
        "Näringsvärde": "Protein",
        "100 Gram": "5.4 g"
      },
      {
        "Näringsvärde": "Salt",
        "100 Gram": "0.13 g"
      }
    ],
    "nutritionUnitText": "Näringsvärde per 100 gram",
    "categories": {
      "mainCategory": "Glass, Godis & Snacks",
      "subCategories": [
        {
          "name": "Godis",
          "subSubCategories": [
            "Godispåsar"
          ]
        }
      ]
    }
  },
  {
    "name": "Godis Favoritmix 147g Hulten",
    "weightText": "0.147 kg",
    "caPart": "",
    "weightValue": 0.147,
    "weightUnit": "kg",
    "comparePrice": "173,47 kr/kg",
    "currentPrice": 25.5,
    "attributes": [],
    "imgUrl": "https://handlaprivatkund.ica.se/images-v3/bf7a00ca-390e-4769-865f-dc369586872e/0842041e-a3e5-4a9e-83df-c17e0dd0a505/500x500.jpg",
    "productInformation": "",
    "countryText": "",
    "companyText": "Hulten",
    "ingrediensText": "Ingredienser: Glukos-fruktossirap, socker, palmfett, kokosolja, kakaosmör, kakaomassa, tuggmassa, fuktighetsbevarande medel (sorbitolsirap, glycerol), druvsocker, modifierad stärkelse, VASSLEPULVER, VASSLEPERMEAT, HELMJÖLKSPULVER, SKUMMJÖLKSPULVER, SMÖRFETT, surhetsreglerande medel (E331) syror (citronsyra, äppelsyra, mjölksyra, vinsyra), natriumvätekarbonat, vassleprodukt (MJÖLK), arom (naturlig vaniljsmak), dextros, klumpförebyggande medel (magnesium stearate, mono och diglycerider av fettsyror, majsstärkelse), sockerkulör, emulgeringsmedel (SOJALECITIN, E435, sackarosestrar av fettsyror, glycerol monostearat) stearinsyra, gelatin, hydrolyserat SOJAPROTEIN, vegetabilisk olja (palmolja, palmkärnolja), antioxidationsmedel (E321, alfatokoferol) ,färgämne (gurkmejaextrakt, svart morot, karotener, paprikaoleoresin, rödbetsrött, antocyaner, kurkumin, karminsyra, karotener, extrakt av fläderbär, sockerkulör, klorofyll-kopparkomplex, lutein), fruktpure/saft/koncentrat (jordgubbe, apelsin, citron, morot, svart morot, fläderbär, äpple, körsbär, hallon, ananas, lime, persika, banan, blåbär, björnbär, mango, vattenmelon, kiwi, svarta vinbär, aronia, passionsfrukt, vindruva, rödbetor, safflor, rädisa, sötpotatis, spirulina), förtjockningsmedel (gellangummi, cellulosagummi, gummi arabicum),ytbehandlingsmedel (bivax vitt och gult, karnaubavax, shellack), karamellsockerlag, dextrinKAN INNEHÅLLA NÖTTER ,VETE , GLUTEN",
    "storage": "Lägsta förvaringstemperatur 12°C Högsta förvaringstemperatur 23°C",
    "allergens": "Kan innehålla spår av Nötter, Jordnötter, Spannmål som innehåller gluten.",
    "usage": "",
    "nutrition": [
      {
        "Näringsvärde": "Energi (kcal)",
        "100 Gram": "301.62 kcal"
      },
      {
        "Näringsvärde": "Energi (kJ)",
        "100 Gram": "1276.69 kJ"
      },
      {
        "Näringsvärde": "Fett",
        "100 Gram": "3.99 g"
      },
      {
        "Näringsvärde": "Varav mättat fett",
        "100 Gram": "2.58 g"
      },
      {
        "Näringsvärde": "Kolhydrat",
        "100 Gram": "64.22 g"
      },
      {
        "Näringsvärde": "Varav sockerarter",
        "100 Gram": "54.59 g"
      },
      {
        "Näringsvärde": "Protein",
        "100 Gram": "1.29 g"
      },
      {
        "Näringsvärde": "Salt",
        "100 Gram": "0.18 g"
      }
    ],
    "nutritionUnitText": "Näringsvärde per 100 gram",
    "categories": {
      "mainCategory": "Glass, Godis & Snacks",
      "subCategories": [
        {
          "name": "Godis",
          "subSubCategories": [
            "Godispåsar"
          ]
        }
      ]
    }
  },
  {
    "name": "Kinder Maxi 6-p 126g Ferrero",
    "weightText": "0.126 kg",
    "caPart": "",
    "weightValue": 0.126,
    "weightUnit": "kg",
    "comparePrice": "194,44 kr/kg",
    "currentPrice": 24.5,
    "attributes": [],
    "imgUrl": "https://handlaprivatkund.ica.se/images-v3/bf7a00ca-390e-4769-865f-dc369586872e/16286d42-682f-46aa-b699-892662d6b738/500x500.jpg",
    "productInformation": "Information från leverantör \n Kinder Maxi består av ett yttre lager av mjölkchoklad och fyllning av mjölkkräm. Passar för dig som vill ha en liten bit choklad.",
    "countryText": "",
    "companyText": "Ferrero",
    "ingrediensText": "Ingredienser: MJÖLKCHOKLAD / MÆLKECHOKOLADE 40 % (socker, HELMJÖLK- / SØDMÆLKSPULVER, kakaosmör, kakaomassa, emulgeringsmedel: lecitiner (SOJA); vanillin), socker, SKUMMJÖLK- / SKUMMETMÆLKSPULVER (18 %), palmolja, vattenfritt MJÖLKFETT / vandfrit MÆLKEFEDT, emulgeringsmedel: lecitiner (SOJA); vanillin. Mjölkbeståndsdelar / Mælkeandel / Melkekomponenter totalt: 33 % - Kakaohalt / Kakaoandel / Kakaokomponenter totalt: 13 %.",
    "storage": "",
    "allergens": "",
    "usage": "",
    "nutrition": [
      {
        "Näringsvärde": "Energi (kcal)",
        "100 Gram": "566 kcal"
      },
      {
        "Näringsvärde": "Energi (kJ)",
        "100 Gram": "2360 kJ"
      },
      {
        "Näringsvärde": "Fett",
        "100 Gram": "35 g"
      },
      {
        "Näringsvärde": "Varav mättat fett",
        "100 Gram": "22.6 g"
      },
      {
        "Näringsvärde": "Kolhydrat",
        "100 Gram": "53.5 g"
      },
      {
        "Näringsvärde": "Varav sockerarter",
        "100 Gram": "53.3 g"
      },
      {
        "Näringsvärde": "Protein",
        "100 Gram": "8.7 g"
      },
      {
        "Näringsvärde": "Salt",
        "100 Gram": "0.313 g"
      }
    ],
    "nutritionUnitText": "Näringsvärde per 100 gram",
    "categories": {
      "mainCategory": "Glass, Godis & Snacks",
      "subCategories": [
        {
          "name": "Choklad",
          "subSubCategories": [
            "Chokladstycksaker"
          ]
        }
      ]
    }
  },
  {
    "name": "Snickersglass 6-p Mars",
    "weightText": "",
    "caPart": "",
    "weightValue": 0,
    "weightUnit": "",
    "comparePrice": "6 per frp 8,83 kr/st",
    "currentPrice": 52.95,
    "attributes": [],
    "imgUrl": "https://handlaprivatkund.ica.se/images-v3/bf7a00ca-390e-4769-865f-dc369586872e/2a8f038a-bb25-4549-91da-68bd98548570/500x500.jpg",
    "productInformation": "En av världens mest populära chokladbars i en glassig tappning! Krämig vaniljgräddglass med jordnötter, ett tjockt täcke av mjuk kola och ett överdrag av krispig mjölkchoklad. Här i flerpack med 6 st glassar.",
    "countryText": "",
    "companyText": "Mars",
    "ingrediensText": "Ingredienser: SKUMMJÖLK/SKUMMETMELK/SKUMMETMÆLK (15%), socker/sukker, glukossirap/glukosesirup, GRÄDDE/FLØTE/FLØDE (13%) (från/fra/af MJÖLK/MELK/MÆLK), JORDNÖTTER/PEANØTTER/JORDNØDDER, sötad/søtet/sukret kondenserad/kondensert/kondenseret SKUMMJÖLK/SKUMMETMELK/SKUMMETMÆLK, vatten/vann/vand, kokosfett/kokosfedt, kakaosmör/kakaosmør, palmfett/palmefett/palmefedt, kakaomassa/-masse, SKUMMJÖLKSPULVER/MELKEPULVER AV SKUMMETMELK/SKUMMETMÆLKSPULVER, MJÖLKFETT/MELKEFETT/MÆLKEFEDT, LAKTOS/LAKTOSE, vassle-/myse-/vallepermeat (från/fra/af MJÖLK/MELK/MÆLK), emulgeringsmedel/emulgatorer (SOJA-/SOYA-/SOJALECITIN, E471), fettreducerat/fettredusert/fedt reduceret kakao, stabiliseringsmedel/stabilisatorer (E407, E410, E412), salt, vaniljextrakt/vaniljeekstrakt/vanilleekstrakt, naturligt/naturlige aromämne/aroma/aromastof (från/fra MJÖLK/MELK/MÆLK). (Kan innehålle/inneholde/indeholde: MANDEL, HASSEL-NÖT/-NØTT/-NØD).",
    "storage": "Lägsta förvaringstemperatur -35°C Högsta förvaringstemperatur -18°C",
    "allergens": "Innehåller Jordnötter Innehåller Sojabönor Innehåller Mjölk Kan innehålla Nötter (eng: tree nuts)",
    "usage": "",
    "nutrition": [
      {
        "Näringsvärde": "Energi (kcal)",
        "100 Milliliter": "341 kcal"
      },
      {
        "Näringsvärde": "Energi (kJ)",
        "100 Milliliter": "1425 kJ"
      },
      {
        "Näringsvärde": "Fett",
        "100 Milliliter": "20 g"
      },
      {
        "Näringsvärde": "Varav mättat fett",
        "100 Milliliter": "9.4 g"
      },
      {
        "Näringsvärde": "Kolhydrat",
        "100 Milliliter": "34 g"
      },
      {
        "Näringsvärde": "Varav sockerarter",
        "100 Milliliter": "25 g"
      },
      {
        "Näringsvärde": "Protein",
        "100 Milliliter": "5.9 g"
      },
      {
        "Näringsvärde": "Salt",
        "100 Milliliter": "0.24 g"
      }
    ],
    "nutritionUnitText": "Näringsvärde per 100 milliliter",
    "categories": {
      "mainCategory": "Glass, Godis & Snacks",
      "subCategories": [
        {
          "name": "Glass",
          "subSubCategories": [
            "Pinnglass"
          ]
        }
      ]
    }
  },
  {
    "name": "Gräddglass Jordgubb 500ml SIA GLASS",
    "weightText": "0.5 l",
    "caPart": "",
    "weightValue": 0.5,
    "weightUnit": "l",
    "comparePrice": "33,90 kr/l",
    "currentPrice": 16.95,
    "attributes": [
      "Från Sverige",
      "Ursprungsland Sverige"
    ],
    "imgUrl": "https://handlaprivatkund.ica.se/images-v3/bf7a00ca-390e-4769-865f-dc369586872e/59b19a53-aa79-4fac-bcd0-4c3f3c1b69fd/500x500.jpg",
    "productInformation": "Svensk krämig gräddglass med smak av svenska jordgubbar från Stora Bergs Självplock.SIA Glass är ett familjeföretag med hjärtat i halländska Slöinge. Det är med kärlek för hantverket och omtanke om djur och natur som vi tillverkar all vår gräddglass i Sverige. Alltid gjord på svensk färsk grädde.",
    "countryText": "Sverige",
    "companyText": "SIA Glass",
    "ingrediensText": "Ingredienser: SKUMMJÖLK*, GRÄDDE*(21%), socker*, jordgubbar*, glukossirap, SKUMMJÖLKSPULVER*, druvsocker, citronjuicekoncentrat, arom, färgämne (rödbetsrött, fläderbärsjuicekoncentrat), emulgeringsmedel (mono- och diglycerider av veg fettsyror), stabiliseringsmedel (fruktkärnmjöl, guarkärnmjöl, pektin). *Ursprung: Sverige. Grädde med 40% fetthalt.",
    "storage": "Lägsta förvaringstemperatur -25°C Högsta förvaringstemperatur -18°C",
    "allergens": "Innehåller Mjölk",
    "usage": "",
    "nutrition": [
      {
        "Näringsvärde": "Energi (kcal)",
        "100 Gram": "200 kcal"
      },
      {
        "Näringsvärde": "Energi (kJ)",
        "100 Gram": "850 kJ"
      },
      {
        "Näringsvärde": "Fett",
        "100 Gram": "9.1 g"
      },
      {
        "Näringsvärde": "Varav mättat fett",
        "100 Gram": "5.9 g"
      },
      {
        "Näringsvärde": "Kolhydrat",
        "100 Gram": "25 g"
      },
      {
        "Näringsvärde": "Varav sockerarter",
        "100 Gram": "24 g"
      },
      {
        "Näringsvärde": "Varav polyoler",
        "100 Gram": "0 g"
      },
      {
        "Näringsvärde": "Fiber",
        "100 Gram": "0 g"
      },
      {
        "Näringsvärde": "Protein",
        "100 Gram": "3.5 g"
      },
      {
        "Näringsvärde": "Salt",
        "100 Gram": "0 g"
      },
      {
        "Näringsvärde": "Vitamin B12",
        "100 Gram": "0 µg"
      },
      {
        "Näringsvärde": "Vitamin D",
        "100 Gram": "0 µg"
      },
      {
        "Näringsvärde": "Folsyra",
        "100 Gram": "0 µg"
      },
      {
        "Näringsvärde": "Selen",
        "100 Gram": "0 µg"
      }
    ],
    "nutritionUnitText": "Näringsvärde per 100 gram",
    "categories": {
      "mainCategory": "Glass, Godis & Snacks",
      "subCategories": [
        {
          "name": "Glass",
          "subSubCategories": [
            "Små Glasspaket"
          ]
        }
      ]
    }
  },
  {
    "name": "Björnar Söta 32g Cloetta",
    "weightText": "0.032 kg",
    "caPart": "",
    "weightValue": 0.032,
    "weightUnit": "kg",
    "comparePrice": "217,19 kr/kg",
    "currentPrice": 6.95,
    "attributes": [],
    "imgUrl": "https://handlaprivatkund.ica.se/images-v3/bf7a00ca-390e-4769-865f-dc369586872e/cdc84743-7c1b-4f8d-9569-afd7635b7d3e/500x500.jpg",
    "productInformation": "",
    "countryText": "",
    "companyText": "Cloetta",
    "ingrediensText": "socker/sukker, glukossirap, stärkelse/stivelse, vatten/vand, gelatin, syra (citronsyra), aromer, vegetabiliska oljor (palm, kokos), ytbehandlings-/overfladebehandlingsmiddel (karnaubavax/voks), färgämnen/farvestoffer (E120, E160a, E133).",
    "storage": "Förvaras torrt och svalt",
    "allergens": "",
    "usage": "",
    "nutrition": [
      {
        "Näringsvärde": "Energi (kcal)",
        "100 Gram": "352 kcal"
      },
      {
        "Näringsvärde": "Energi (kJ)",
        "100 Gram": "1497 kJ"
      },
      {
        "Näringsvärde": "Fett",
        "100 Gram": "0.2 g"
      },
      {
        "Näringsvärde": "Varav mättat fett",
        "100 Gram": "0.2 g"
      },
      {
        "Näringsvärde": "Kolhydrat",
        "100 Gram": "81 g"
      },
      {
        "Näringsvärde": "Varav sockerarter",
        "100 Gram": "65 g"
      },
      {
        "Näringsvärde": "Protein",
        "100 Gram": "4.6 g"
      },
      {
        "Näringsvärde": "Salt",
        "100 Gram": "0.01 g"
      }
    ],
    "nutritionUnitText": "Näringsvärde per 100 gram",
    "categories": {
      "mainCategory": "Glass, Godis & Snacks",
      "subCategories": [
        {
          "name": "Godis",
          "subSubCategories": [
            "Tablettaskar, klubbor & småsaker"
          ]
        }
      ]
    }
  },
  {
    "name": "Nappar Cola 80g Haribo",
    "weightText": "0.08 kg",
    "caPart": "",
    "weightValue": 0.08,
    "weightUnit": "kg",
    "comparePrice": "143,75 kr/kg",
    "currentPrice": 11.5,
    "attributes": [],
    "imgUrl": "https://handlaprivatkund.ica.se/images-v3/bf7a00ca-390e-4769-865f-dc369586872e/345f4f87-1009-4d6c-b84e-ace46a5c08fe/500x500.jpg",
    "productInformation": "Smaskens för cola-älskaren",
    "countryText": "",
    "companyText": "Haribo",
    "ingrediensText": "Ingredienser: Glukossirap; socker; gelatin; druvsocker; syra: citronsyra; karamelliserat socker; arom; solrosolja; ytbehandlingsmedel: bivax vitt och gult.",
    "storage": "Skyddas mot värme och fukt Lägsta förvaringstemperatur 13°C Högsta förvaringstemperatur 25°C",
    "allergens": "",
    "usage": "",
    "nutrition": [
      {
        "Näringsvärde": "Energi (kcal)",
        "100 Gram": "343 kcal"
      },
      {
        "Näringsvärde": "Energi (kJ)",
        "100 Gram": "1459 kJ"
      },
      {
        "Näringsvärde": "Fett",
        "100 Gram": "0.5 g"
      },
      {
        "Näringsvärde": "Varav mättat fett",
        "100 Gram": "0.1 g"
      },
      {
        "Näringsvärde": "Kolhydrat",
        "100 Gram": "77 g"
      },
      {
        "Näringsvärde": "Varav sockerarter",
        "100 Gram": "46 g"
      },
      {
        "Näringsvärde": "Protein",
        "100 Gram": "6.9 g"
      },
      {
        "Näringsvärde": "Salt",
        "100 Gram": "0.07 g"
      }
    ],
    "nutritionUnitText": "Näringsvärde per 100 gram",
    "categories": {
      "mainCategory": "Glass, Godis & Snacks",
      "subCategories": [
        {
          "name": "Godis",
          "subSubCategories": [
            "Godispåsar"
          ]
        }
      ]
    }
  },
  {
    "name": "Chips Karamelliserad Rödlök 275g Estrella",
    "weightText": "0.275 kg",
    "caPart": "",
    "weightValue": 0.275,
    "weightUnit": "kg",
    "comparePrice": "114,55 kr/kg",
    "currentPrice": 31.5,
    "attributes": [],
    "imgUrl": "https://handlaprivatkund.ica.se/images-v3/bf7a00ca-390e-4769-865f-dc369586872e/1bda6289-f8c2-4a5a-a2fd-434da4364dce/500x500.jpg",
    "productInformation": "Estrella Karamelliserad Rödlök är grovräfflade potatischips med en söt och syrlig smak av karamelliserad rödlök. God att dippa eller att bjuda på precis som de är. Smakrika och cravings-vänliga chips från chipsfabriken i Göteborg, och dessutom veganska. Krispig helg!",
    "countryText": "",
    "companyText": "Estrella",
    "ingrediensText": "Potatis, solros-/rapsolja, kryddblandning (socker, lökpulver (gul och rödlök), salt, jästextrakt, maltodextrin, vitlök, naturlig arom, syra (citronsyra), färgämne (paprikaextrakt)). Kan innehålla spår av MJÖLK.",
    "storage": "Lägsta förvaringstemperatur 10°C Högsta förvaringstemperatur 25°C",
    "allergens": "",
    "usage": "",
    "nutrition": [
      {
        "Näringsvärde": "Energi (kcal)",
        "100 Gram": "517 kcal"
      },
      {
        "Näringsvärde": "Energi (kJ)",
        "100 Gram": "2154 kJ"
      },
      {
        "Näringsvärde": "Fett",
        "100 Gram": "33 g"
      },
      {
        "Näringsvärde": "Varav mättat fett",
        "100 Gram": "2.6 g"
      },
      {
        "Näringsvärde": "Kolhydrat",
        "100 Gram": "47 g"
      },
      {
        "Näringsvärde": "Varav sockerarter",
        "100 Gram": "2.8 g"
      },
      {
        "Näringsvärde": "Fiber",
        "100 Gram": "5.2 g"
      },
      {
        "Näringsvärde": "Protein",
        "100 Gram": "5.9 g"
      },
      {
        "Näringsvärde": "Salt",
        "100 Gram": "1.4 g"
      }
    ],
    "nutritionUnitText": "Näringsvärde per 100 gram",
    "categories": {
      "mainCategory": "Glass, Godis & Snacks",
      "subCategories": [
        {
          "name": "Chips & snacks",
          "subSubCategories": [
            "Chips"
          ]
        }
      ]
    }
  },
  {
    "name": "Chips Sweet chili pepper 170g Doritos",
    "weightText": "0.17 kg",
    "caPart": "",
    "weightValue": 0.17,
    "weightUnit": "kg",
    "comparePrice": "185,29 kr/kg",
    "currentPrice": 31.5,
    "attributes": [],
    "imgUrl": "https://handlaprivatkund.ica.se/images-v3/bf7a00ca-390e-4769-865f-dc369586872e/08202215-dc96-4fa7-a605-3cc876ebf3ec/500x500.jpg",
    "productInformation": "",
    "countryText": "",
    "companyText": "Doritos",
    "ingrediensText": "Majs (72%), rapsolie, sød chilismag [sukker, aromaer, smagsforstærkare (mononatriumglutamat, dinatriumguanylat), kaliumklorid, hydrolyseret vegetabilisk protein, paprikapulver, løg-/lökpulver, hvidløg-/vitlökspulver, salt, syre (citronsyre), cayennepebber, farvestoff/färgämnen (paprika ekstrakt/ paprikaoleoresin)], antioksidanter (ascorbinsyre, ekstrakter af rosmarin, tocopherolrig ekstrakt, citronsyre). KAN INDEHOLDE SOJA/SOYA OG HVEDE/HVETE/VETE (GLUTEN).",
    "storage": "",
    "allergens": "",
    "usage": "",
    "nutrition": [
      {
        "Näringsvärde": "Energi (kcal)",
        "100 Gram": "477 kcal"
      },
      {
        "Näringsvärde": "Energi (kJ)",
        "100 Gram": "1996 kJ"
      },
      {
        "Näringsvärde": "Fett",
        "100 Gram": "22 g"
      },
      {
        "Näringsvärde": "Varav mättat fett",
        "100 Gram": "2 g"
      },
      {
        "Näringsvärde": "Kolhydrat",
        "100 Gram": "60 g"
      },
      {
        "Näringsvärde": "Varav sockerarter",
        "100 Gram": "4.5 g"
      },
      {
        "Näringsvärde": "Fiber",
        "100 Gram": "5.5 g"
      },
      {
        "Näringsvärde": "Protein",
        "100 Gram": "6.4 g"
      },
      {
        "Näringsvärde": "Salt",
        "100 Gram": "1.1 g"
      }
    ],
    "nutritionUnitText": "Näringsvärde per 100 gram",
    "categories": {
      "mainCategory": "Glass, Godis & Snacks",
      "subCategories": [
        {
          "name": "Chips & snacks",
          "subSubCategories": [
            "Chips"
          ]
        }
      ]
    }
  },
  {
    "name": "Chokladkaka EXCELLENCE 90% Kakao Mörk Choklad 100g Lindt",
    "weightText": "0.1 kg",
    "caPart": "",
    "weightValue": 0.1,
    "weightUnit": "kg",
    "comparePrice": "409,50 kr/kg",
    "currentPrice": 40.95,
    "attributes": [],
    "imgUrl": "https://handlaprivatkund.ica.se/images-v3/bf7a00ca-390e-4769-865f-dc369586872e/306b2c7f-56b6-4ff4-9414-ffabdbb2bf72/500x500.jpg",
    "productInformation": "Lindt EXCELLENCE Dark 90% Cocoa är en chokladkaka av mörk choklad, tunn och intensiv med de finaste ingredienser skapad av Lindts Chokladmästare. Den perfekta blandningen av len mörk choklad med hög kakaohalt i kombination med toner av rostade kaffebönor ger en djup och överraskande balanserad karaktär - en sann smaksensation för alla sinnen. Hållbart odlade kakaobönor genom Lindt & Sprüngli Farming Program - i samarbete med jordbrukarna och deras lokalsamhällen.",
    "countryText": "",
    "companyText": "Lindt",
    "ingrediensText": "kakaomassa, kakaosmör, fettreducerat kakaopulver, socker. Kan innehålla HASSELNÖTTER, MANDLAR, andra NÖTTER, MJÖLK, SOJA. Den mörka chokladen innehåller minst 90% kakao.",
    "storage": "",
    "allergens": "",
    "usage": "",
    "nutrition": [
      {
        "Näringsvärde": "Energi (kcal)",
        "100 Gram": "592 kcal"
      },
      {
        "Näringsvärde": "Energi (kJ)",
        "100 Gram": "2483 kJ"
      },
      {
        "Näringsvärde": "Fett",
        "100 Gram": "55 g"
      },
      {
        "Näringsvärde": "Varav mättat fett",
        "100 Gram": "30 g"
      },
      {
        "Näringsvärde": "Kolhydrat",
        "100 Gram": "14 g"
      },
      {
        "Näringsvärde": "Varav sockerarter",
        "100 Gram": "7 g"
      },
      {
        "Näringsvärde": "Protein",
        "100 Gram": "10 g"
      },
      {
        "Näringsvärde": "Salt",
        "100 Gram": "0.03 g"
      }
    ],
    "nutritionUnitText": "Näringsvärde per 100 gram",
    "categories": {
      "mainCategory": "Glass, Godis & Snacks",
      "subCategories": [
        {
          "name": "Choklad",
          "subSubCategories": [
            "Chokladkakor",
            "Mörk choklad"
          ]
        }
      ]
    }
  },
  {
    "name": "Chips Cheddar Royal & Sourcreme 275g OLW",
    "weightText": "0.275 kg",
    "caPart": "",
    "weightValue": 0.275,
    "weightUnit": "kg",
    "comparePrice": "114,55 kr/kg",
    "currentPrice": 31.5,
    "attributes": [],
    "imgUrl": "https://handlaprivatkund.ica.se/images-v3/bf7a00ca-390e-4769-865f-dc369586872e/16bad112-c65f-4bf4-b8c9-88ca94c1ab65/500x500.jpg",
    "productInformation": "Det är i vår värmländska chipsfabrik det händer. Ända sedan 1968 är det här som alla läckra smaker, kryddor och Sveriges finaste potatis blir oemotståndligt goda OLW-chips. Dessa grovräfflade potatischipsen är smaksatta med rik cheddarost och krämig gräddfil. Kungligt gott.",
    "countryText": "",
    "companyText": "Olw",
    "ingrediensText": "Ingredienser: Potatis, solrosolja, kryddblandning (salt, VASSLEPULVER (från MJÖLK), druvsocker, MJÖLKSOCKER, lök, socker, OSTPULVER (varav 60% cheddar), jästextrakt, surhetsreglerande medel (mjölksyra), arom, persilja, vitlök, paprikaextrakt).",
    "storage": "",
    "allergens": "Innehåller Mjölk",
    "usage": "",
    "nutrition": [
      {
        "Näringsvärde": "Energi (kcal)",
        "100 Gram": "520 kcal"
      },
      {
        "Näringsvärde": "Energi (kJ)",
        "100 Gram": "2200 kJ"
      },
      {
        "Näringsvärde": "Fett",
        "100 Gram": "33 g"
      },
      {
        "Näringsvärde": "Varav mättat fett",
        "100 Gram": "3.5 g"
      },
      {
        "Näringsvärde": "Kolhydrat",
        "100 Gram": "57 g"
      },
      {
        "Näringsvärde": "Varav sockerarter",
        "100 Gram": "3.2 g"
      },
      {
        "Näringsvärde": "Protein",
        "100 Gram": "5.1 g"
      },
      {
        "Näringsvärde": "Salt",
        "100 Gram": "1.5 g"
      }
    ],
    "nutritionUnitText": "Näringsvärde per 100 gram",
    "categories": {
      "mainCategory": "Glass, Godis & Snacks",
      "subCategories": [
        {
          "name": "Chips & snacks",
          "subSubCategories": [
            "Chips"
          ]
        }
      ]
    }
  },
  {
    "name": "Chips Peppar 275g Estrella",
    "weightText": "0.275 kg",
    "caPart": "",
    "weightValue": 0.275,
    "weightUnit": "kg",
    "comparePrice": "114,55 kr/kg",
    "currentPrice": 31.5,
    "attributes": [],
    "imgUrl": "https://handlaprivatkund.ica.se/images-v3/bf7a00ca-390e-4769-865f-dc369586872e/f77ada33-7da7-4ba9-9897-3cf9f254e5a6/500x500.jpg",
    "productInformation": "Estrella Pepparchips är krispiga grovräfflade potatischips med smak av salt och svartpeppar. En klassiker i chipshyllan sedan 1975. Dessa chips bjuder på en kraftfull pepprig smak med härlig intensitet. De grova räfflorna gör dem optimala att dippa. Direkt från chipsfabriken i Göteborg gjorda på naturliga råvaror med mycket smak - och dessutom veganvänlig. Krispig helg med snacks från Estrella!",
    "countryText": "",
    "companyText": "Estrella",
    "ingrediensText": "Potatis, solros-/rapsolja, kryddblandning (maltodextrin, salt, druvsocker, lökpulver, jästextrakt, paprikapulver, socker, svartpeppar, kryddextrakt (svartpeppar), naturliga aromer, syra (citronsyra)). Kan innehålla spår av MJÖLK.",
    "storage": "",
    "allergens": "",
    "usage": "",
    "nutrition": [
      {
        "Näringsvärde": "Energi (kcal)",
        "100 Gram": "514 kcal"
      },
      {
        "Näringsvärde": "Energi (kJ)",
        "100 Gram": "2141 kJ"
      },
      {
        "Näringsvärde": "Fett",
        "100 Gram": "33 g"
      },
      {
        "Näringsvärde": "Varav mättat fett",
        "100 Gram": "2.6 g"
      },
      {
        "Näringsvärde": "Kolhydrat",
        "100 Gram": "46 g"
      },
      {
        "Näringsvärde": "Varav sockerarter",
        "100 Gram": "1.9 g"
      },
      {
        "Näringsvärde": "Fiber",
        "100 Gram": "5.2 g"
      },
      {
        "Näringsvärde": "Protein",
        "100 Gram": "5.8 g"
      },
      {
        "Näringsvärde": "Salt",
        "100 Gram": "1.7 g"
      }
    ],
    "nutritionUnitText": "Näringsvärde per 100 gram",
    "categories": {
      "mainCategory": "Glass, Godis & Snacks",
      "subCategories": [
        {
          "name": "Chips & snacks",
          "subSubCategories": [
            "Chips"
          ]
        }
      ]
    }
  },
  {
    "name": "Chokladkaka Mjölkchoklad Oreo 160g Marabou",
    "weightText": "0.16 kg",
    "caPart": "",
    "weightValue": 0.16,
    "weightUnit": "kg",
    "comparePrice": "193,44 kr/kg",
    "currentPrice": 30.95,
    "attributes": [],
    "imgUrl": "https://handlaprivatkund.ica.se/images-v3/bf7a00ca-390e-4769-865f-dc369586872e/9bf61b89-50e3-491c-aff2-1b2fc19b1350/500x500.jpg",
    "productInformation": "Marabou Oreo är en Marabou Mjölkchokladkaka med krossade bitar av Oreo som passar för alla tillfällen. Genom Cocoa Life, vårt program för en hållbar kakaoproduktion, bidrar Marabou till att kakao odlas på rätt sätt, för att skydda planeten och respektera mänskliga rättigheter i vår värdekedja. Läs mer om Cocoa Life här www.cocoalife.org.",
    "countryText": "",
    "companyText": "Marabou",
    "ingrediensText": "Ingredienser: Socker, kakaosmör, kakaomassa, vasslepulver (MJÖLK), SKUMMJÖLKSPULVER, SMÖRFETT, VETEMJÖL, vassleprodukt (MJÖLK), palmolja, rapsolja, emulgeringsmedel (SOJALECITINER), VETESTÄRKELSE, kakaopulver (0,6 %), glukos-fruktossirap, bakpulver (E501, E503, E500), salt, aromer, surhetsreglerande medel (E524). Minst 30 % kakao. KAN INNEHÅLLA NÖTTER.",
    "storage": "",
    "allergens": "",
    "usage": "",
    "nutrition": [
      {
        "Näringsvärde": "Energi (kcal)",
        "100 Gram": "517 kcal"
      },
      {
        "Näringsvärde": "Energi (kJ)",
        "100 Gram": "2248 kJ"
      },
      {
        "Näringsvärde": "Fett",
        "100 Gram": "30 g"
      },
      {
        "Näringsvärde": "Varav mättat fett",
        "100 Gram": "17 g"
      },
      {
        "Näringsvärde": "Kolhydrat",
        "100 Gram": "60 g"
      },
      {
        "Näringsvärde": "Varav sockerarter",
        "100 Gram": "55 g"
      },
      {
        "Näringsvärde": "Fiber",
        "100 Gram": "2.1 g"
      },
      {
        "Näringsvärde": "Protein",
        "100 Gram": "4.7 g"
      },
      {
        "Näringsvärde": "Salt",
        "100 Gram": "0.32 g"
      }
    ],
    "nutritionUnitText": "Näringsvärde per 100 gram",
    "categories": {
      "mainCategory": "Glass, Godis & Snacks",
      "subCategories": [
        {
          "name": "Choklad",
          "subSubCategories": [
            "Chokladkakor"
          ]
        }
      ]
    }
  },
  {
    "name": "Chokladkaka Premium 86% kakao Dark 100g Marabou",
    "weightText": "0.1 kg",
    "caPart": "",
    "weightValue": 0.1,
    "weightUnit": "kg",
    "comparePrice": "389,50 kr/kg",
    "currentPrice": 38.95,
    "attributes": [],
    "imgUrl": "https://handlaprivatkund.ica.se/images-v3/bf7a00ca-390e-4769-865f-dc369586872e/9b995a55-86b7-48ea-a145-7eebaee6dd14/500x500.jpg",
    "productInformation": "Marabou Premium 86% Kakao-En mörk choklad med extra hög kakaohalt som ger en karakteristisk smak av rostade kakaobönor.",
    "countryText": "",
    "companyText": "Marabou",
    "ingrediensText": "Ingredienser: Kakaomassa, kakaosmör, fettreducerad/fedtfattig kakao, socker, arom, emulgeringsmedel/emulgator (SOJALECITIN), MJÖLK/-MÆLKEPULVER. Minst 86% kakao/kakaotørstof. KAN INNEHÅLLA NÖTTER/NØDDER.",
    "storage": "Lägsta förvaringstemperatur 10°C Högsta förvaringstemperatur 20°C",
    "allergens": "",
    "usage": "",
    "nutrition": [
      {
        "Näringsvärde": "Energi (kcal)",
        "100 Gram": "640 kcal"
      },
      {
        "Näringsvärde": "Energi (kJ)",
        "100 Gram": "2655 kJ"
      },
      {
        "Näringsvärde": "Fett",
        "100 Gram": "56.5 g"
      },
      {
        "Näringsvärde": "Varav mättat fett",
        "100 Gram": "35 g"
      },
      {
        "Näringsvärde": "Kolhydrat",
        "100 Gram": "18 g"
      },
      {
        "Näringsvärde": "Varav sockerarter",
        "100 Gram": "13 g"
      },
      {
        "Näringsvärde": "Fiber",
        "100 Gram": "13 g"
      },
      {
        "Näringsvärde": "Protein",
        "100 Gram": "8.5 g"
      },
      {
        "Näringsvärde": "Salt",
        "100 Gram": "0.03 g"
      }
    ],
    "nutritionUnitText": "Näringsvärde per 100 gram",
    "categories": {
      "mainCategory": "Glass, Godis & Snacks",
      "subCategories": [
        {
          "name": "Choklad",
          "subSubCategories": [
            "Chokladkakor",
            "Mörk choklad"
          ]
        }
      ]
    }
  },
  {
    "name": "Popcorn Mikropopcorn smörsmak 3-p 270g ICA",
    "weightText": "0.27 kg",
    "caPart": "",
    "weightValue": 0.27,
    "weightUnit": "kg",
    "comparePrice": "75,93 kr/kg",
    "currentPrice": 20.5,
    "attributes": [],
    "imgUrl": "https://handlaprivatkund.ica.se/images-v3/bf7a00ca-390e-4769-865f-dc369586872e/bd9c3ae2-8092-4783-b205-16ca60e55865/500x500.jpg",
    "productInformation": "ICA mikropopcorn är redo att poppas i mikrovågsugnen. Snabba snacks med härlig smörsmak! Lämna aldrig mikron utan tillsyn under poppningen och se till att en vuxen är med.",
    "countryText": "",
    "companyText": "ICA",
    "ingrediensText": "Majskorn* 83,8%, palmolja**, salt, naturlig smörarom (MJÖLK). *Odlade i EU/Icke-EU. **Läs mer om hållbarhetscertiferad palmolja på ica.se",
    "storage": "Förvaras skyddat för starkt ljus och ej över normal rumstemperatur. Bäst före: se undersidan av förpackningen",
    "allergens": "",
    "usage": "",
    "nutrition": [
      {
        "Näringsvärde": "Energi (kcal)",
        "100 Gram": "448 kcal"
      },
      {
        "Näringsvärde": "Energi (kJ)",
        "100 Gram": "1879 kJ"
      },
      {
        "Näringsvärde": "Fett",
        "100 Gram": "16 g"
      },
      {
        "Näringsvärde": "Varav mättat fett",
        "100 Gram": "6.8 g"
      },
      {
        "Näringsvärde": "Kolhydrat",
        "100 Gram": "61 g"
      },
      {
        "Näringsvärde": "Varav sockerarter",
        "100 Gram": "0.8 g"
      },
      {
        "Näringsvärde": "Fiber",
        "100 Gram": "11 g"
      },
      {
        "Näringsvärde": "Protein",
        "100 Gram": "9.5 g"
      },
      {
        "Näringsvärde": "Salt",
        "100 Gram": "1.1 g"
      }
    ],
    "nutritionUnitText": "Näringsvärde per 100 gram",
    "categories": {
      "mainCategory": "Glass, Godis & Snacks",
      "subCategories": [
        {
          "name": "Chips & snacks",
          "subSubCategories": [
            "Popcorn"
          ]
        }
      ]
    }
  },
  {
    "name": "Center 78g Cloetta",
    "weightText": "0.078 kg",
    "caPart": "",
    "weightValue": 0.078,
    "weightUnit": "kg",
    "comparePrice": "237,18 kr/kg",
    "currentPrice": 18.5,
    "attributes": [
      "Rainforest Alliance certifierad"
    ],
    "imgUrl": "https://handlaprivatkund.ica.se/images-v3/bf7a00ca-390e-4769-865f-dc369586872e/b4a74289-5aeb-44f7-b174-62e26bad971a/500x500.jpg",
    "productInformation": "En ljus mjölkchokladpralin fylld med toffee. Bjud på i biomörkret, på läktaren eller bara när som helst. Rulla av ett varv och bjud!",
    "countryText": "",
    "companyText": "Cloetta",
    "ingrediensText": "socker, glukossirap, kakaosmör1, HELMJÖLKSPULVER, vegetabiliska fetter (palm, shea), kakaomassa1, SKUMMJÖLKSPULVER, VASSLEPULVER (MJÖLK), salt, emulgeringsmedel (SOJALECITIN), aromer (bl.a. vanillin). Mjölkchokladen innehåller förutom kakaosmör även annat vegetabiliskt fett. Kan innehålla HASSELNÖTTER. 1Rainforest Alliance Certified. Find out more at ra.org.",
    "storage": "Förvaras torrt och svalt.",
    "allergens": "Kan innehålla spår av Nötter.",
    "usage": "",
    "nutrition": [
      {
        "Näringsvärde": "Energi (kcal)",
        "100 Gram": "482 kcal"
      },
      {
        "Näringsvärde": "Energi (kJ)",
        "100 Gram": "2022 kJ"
      },
      {
        "Näringsvärde": "Fett",
        "100 Gram": "23 g"
      },
      {
        "Näringsvärde": "Varav mättat fett",
        "100 Gram": "14 g"
      },
      {
        "Näringsvärde": "Kolhydrat",
        "100 Gram": "63 g"
      },
      {
        "Näringsvärde": "Varav sockerarter",
        "100 Gram": "48 g"
      },
      {
        "Näringsvärde": "Protein",
        "100 Gram": "4.1 g"
      },
      {
        "Näringsvärde": "Salt",
        "100 Gram": "0.43 g"
      }
    ],
    "nutritionUnitText": "Näringsvärde per 100 gram",
    "categories": {
      "mainCategory": "Glass, Godis & Snacks",
      "subCategories": [
        {
          "name": "Choklad",
          "subSubCategories": [
            "Chokladstycksaker"
          ]
        }
      ]
    }
  },
  {
    "name": "Bilar Fruktkombi 140g Ahlgrens Bilar",
    "weightText": "0.14 kg",
    "caPart": "",
    "weightValue": 0.14,
    "weightUnit": "kg",
    "comparePrice": "135,36 kr/kg",
    "currentPrice": 18.95,
    "attributes": [],
    "imgUrl": "https://handlaprivatkund.ica.se/images-v3/bf7a00ca-390e-4769-865f-dc369586872e/068ca60e-7a85-4abd-8b9a-d191353e84d4/500x500.jpg",
    "productInformation": "Ahlgrens bilar Fruktkombi har samma bottenplatta som Ahlgrens bilar Original men med en härlig överdel av vingummi. Sveriges godaste bil bjuder på en extra smakupplevelse i kombination med vingummi på toppen. Du kan här njuta av tre olika färger och smaker; röd hallon, gul citron och orange tuttifrutti.",
    "countryText": "",
    "companyText": "Ahlgrens Bilar",
    "ingrediensText": "glukossirap, socker, stärkelse, gelatin, invertsockersirap, syra (citronsyra), vegetabiliska oljor (kokos, raps), aromer, koncentrat från (äpple, fläderbär, rädisa), ytbehandlingsmedel (karnaubavax), färgämne (kurkumin).",
    "storage": "Förvaras torrt och i rumstemperatur.",
    "allergens": "",
    "usage": "",
    "nutrition": [
      {
        "Näringsvärde": "Energi (kcal)",
        "100 Gram": "354 kcal"
      },
      {
        "Näringsvärde": "Energi (kJ)",
        "100 Gram": "1497 kJ"
      },
      {
        "Näringsvärde": "Fett",
        "100 Gram": "0.4 g"
      },
      {
        "Näringsvärde": "Varav mättat fett",
        "100 Gram": "0.4 g"
      },
      {
        "Näringsvärde": "Kolhydrat",
        "100 Gram": "83 g"
      },
      {
        "Näringsvärde": "Varav sockerarter",
        "100 Gram": "57 g"
      },
      {
        "Näringsvärde": "Protein",
        "100 Gram": "4.4 g"
      },
      {
        "Näringsvärde": "Salt",
        "100 Gram": "0.14 g"
      }
    ],
    "nutritionUnitText": "Näringsvärde per 100 gram",
    "categories": {
      "mainCategory": "Glass, Godis & Snacks",
      "subCategories": [
        {
          "name": "Godis",
          "subSubCategories": [
            "Godispåsar"
          ]
        }
      ]
    }
  },
  {
    "name": "Chokladkaka Premium 70% Cocoa Mint 100g Marabou",
    "weightText": "0.1 kg",
    "caPart": "",
    "weightValue": 0.1,
    "weightUnit": "kg",
    "comparePrice": "389,50 kr/kg",
    "currentPrice": 38.95,
    "attributes": [],
    "imgUrl": "https://handlaprivatkund.ica.se/images-v3/bf7a00ca-390e-4769-865f-dc369586872e/efd1c48f-d490-4d8d-a60d-75118e00bfdf/500x500.jpg",
    "productInformation": "Marabou Premium Mint- En mörk choklad med 70% kakao och en frisk smak av mint.",
    "countryText": "",
    "companyText": "Marabou",
    "ingrediensText": "Ingredienser: Kakaomassa, socker, kakaosmör, fettreducerad/fedtfattig kakao, palmolja/palmeolie, SMÖRFETT/SMØROLIE, MANDEL, emulgeringsmedel/emulgator (SOJALECITIN), sockrad kondenserad SKUMMJÖLK, aromer, salt, vassle-/vallepulver (MJÖLK/MÆLK), SKUMMJÖLKSPULVER, MJÖLKPULVER/MÆLKEPULVER. Minst 70% kakao/kakaotørstof. KAN INNEHÅLLA ANDRA NÖTTER, SESAMFRÖN OCH VETE/ANDRE NØDDER, SESAMFRØ OG HVEDE.",
    "storage": "Lägsta förvaringstemperatur 10°C Högsta förvaringstemperatur 20°C",
    "allergens": "",
    "usage": "",
    "nutrition": [
      {
        "Näringsvärde": "Energi (kcal)",
        "100 Gram": "590 kcal"
      },
      {
        "Näringsvärde": "Energi (kJ)",
        "100 Gram": "2455 kJ"
      },
      {
        "Näringsvärde": "Fett",
        "100 Gram": "45 g"
      },
      {
        "Näringsvärde": "Varav mättat fett",
        "100 Gram": "27.5 g"
      },
      {
        "Näringsvärde": "Kolhydrat",
        "100 Gram": "34.5 g"
      },
      {
        "Näringsvärde": "Varav sockerarter",
        "100 Gram": "30.5 g"
      },
      {
        "Näringsvärde": "Fiber",
        "100 Gram": "9.9 g"
      },
      {
        "Näringsvärde": "Protein",
        "100 Gram": "6.6 g"
      },
      {
        "Näringsvärde": "Salt",
        "100 Gram": "0.13 g"
      }
    ],
    "nutritionUnitText": "Näringsvärde per 100 gram",
    "categories": {
      "mainCategory": "Glass, Godis & Snacks",
      "subCategories": [
        {
          "name": "Choklad",
          "subSubCategories": [
            "Chokladkakor",
            "Mörk choklad"
          ]
        }
      ]
    }
  },
  {
    "name": "Müslibar BIG Brownie 50g Corny",
    "weightText": "0.05 kg",
    "caPart": "",
    "weightValue": 0.05,
    "weightUnit": "kg",
    "comparePrice": "210,00 kr/kg",
    "currentPrice": 10.5,
    "attributes": [
      "Rainforest Alliance certifierad"
    ],
    "imgUrl": "https://handlaprivatkund.ica.se/images-v3/bf7a00ca-390e-4769-865f-dc369586872e/84a925e8-615a-47d8-ae19-116b0a7a810a/500x500.jpg",
    "productInformation": "Corny BIG – Sveriges mest köpta Müslibar! Ett godare och nyttigare mellanmålsalternativ i XXL-format. Gjord på krispiga flakes och läckra ingredienser som choklad, nötter och torkad frukt. Perfekt före, under och efter träningspasset. Lätt att stoppa i fickan för extra energi under fritidsaktiviteterna. Oavsett om du gillar mörk-, ljus- eller vit choklad, jordnötter, banan eller kokos så har vi en Corny BIG för dig! Corny BIG - var som helst, när som helst!",
    "countryText": "",
    "companyText": "Corny",
    "ingrediensText": "Ingredienser: Kakaoinnehållande spannmålsflingor 26% (VETEmjöl, rismjöl, fettreducerat kakaopulver*, socker, salt), glukossirap, MJÖLKchoklad 20% (socker, kakaomassa*, kakaosmör*, skumMJÖLKspulver, MJÖLKfett, emulgeringsmedel (E476, E442)), glukos-fruktossirap, fullkornsVETEflingor 9%, kokosolja, rostade JORDNÖTTER, fettreducerat kakaopulver*, salt, naturlig arom, emulgeringsmedel (lecitin). Kan innehålla spår av NÖTTER. *Rainforest Alliance Certified. Find out more at ra.org.",
    "storage": "Förvaras torrt och svalt, skyddad från värme. Lägsta förvaringstemperatur 5°C Högsta förvaringstemperatur 25°C",
    "allergens": "Innehåller Mjölk Innehåller Jordnötter Innehåller Spannmål som innehåller gluten Kan innehålla Nötter (eng: tree nuts)",
    "usage": "",
    "nutrition": [
      {
        "Näringsvärde": "Energi (kcal)",
        "100 Gram": "422 kcal"
      },
      {
        "Näringsvärde": "Energi (kJ)",
        "100 Gram": "1775 kJ"
      },
      {
        "Näringsvärde": "Fett",
        "100 Gram": "14 g"
      },
      {
        "Näringsvärde": "Varav mättat fett",
        "100 Gram": "8.8 g"
      },
      {
        "Näringsvärde": "Kolhydrat",
        "100 Gram": "67 g"
      },
      {
        "Näringsvärde": "Varav sockerarter",
        "100 Gram": "31 g"
      },
      {
        "Näringsvärde": "Fiber",
        "100 Gram": "3.7 g"
      },
      {
        "Näringsvärde": "Protein",
        "100 Gram": "5.8 g"
      },
      {
        "Näringsvärde": "Salt",
        "100 Gram": "0.38 g"
      }
    ],
    "nutritionUnitText": "Näringsvärde per 100 gram",
    "categories": {
      "mainCategory": "Glass, Godis & Snacks",
      "subCategories": [
        {
          "name": "Naturgodis, Nötter & Bars",
          "subSubCategories": [
            "Bars"
          ]
        }
      ]
    }
  },
  {
    "name": "Gelegodis Peacemärke Jordgubb & Lakrits 80g Candypeople",
    "weightText": "0.08 kg",
    "caPart": "",
    "weightValue": 0.08,
    "weightUnit": "kg",
    "comparePrice": "149,38 kr/kg",
    "currentPrice": 11.95,
    "attributes": [],
    "imgUrl": "https://handlaprivatkund.ica.se/images-v3/bf7a00ca-390e-4769-865f-dc369586872e/a60f2758-c29c-4475-8046-6238d2ac3223/500x500.jpg",
    "productInformation": "Peacemärke är ett klassisk gelegodis där de goda smakerna jordgubb/lakrits kompletterar varandra fint tillsammans med ett salt sockeröverdrag. Formen på produkten består utav ett peacemärke, därav namnets uppkomst.",
    "countryText": "",
    "companyText": "Candypeople",
    "ingrediensText": "Ingredienser: socker, glukos,gelatin (nöt), surhetsreglerande medel( äppelsyra, natriumcitrat), lakrits, aromer, färgämne (karmin, vegetabiliskt kol).",
    "storage": "Lägsta förvaringstemperatur 12°C Högsta förvaringstemperatur 18°C",
    "allergens": "",
    "usage": "",
    "nutrition": [
      {
        "Näringsvärde": "Energi (kcal)",
        "100 Gram": "360 kcal"
      },
      {
        "Näringsvärde": "Energi (kJ)",
        "100 Gram": "1500 kJ"
      },
      {
        "Näringsvärde": "Fett",
        "100 Gram": "0 g"
      },
      {
        "Näringsvärde": "Varav mättat fett",
        "100 Gram": "0 g"
      },
      {
        "Näringsvärde": "Kolhydrat",
        "100 Gram": "81 g"
      },
      {
        "Näringsvärde": "Varav sockerarter",
        "100 Gram": "58 g"
      },
      {
        "Näringsvärde": "Protein",
        "100 Gram": "5.6 g"
      },
      {
        "Näringsvärde": "Salt",
        "100 Gram": "0.1 g"
      }
    ],
    "nutritionUnitText": "",
    "categories": {
      "mainCategory": "Glass, Godis & Snacks",
      "subCategories": [
        {
          "name": "Godis",
          "subSubCategories": [
            "Lakrits"
          ]
        }
      ]
    }
  },
  {
    "name": "Torkad Mango 100g DAVE & JON'S",
    "weightText": "0.1 kg",
    "caPart": "",
    "weightValue": 0.1,
    "weightUnit": "kg",
    "comparePrice": "275,00 kr/kg",
    "currentPrice": 27.5,
    "attributes": [],
    "imgUrl": "https://handlaprivatkund.ica.se/images-v3/bf7a00ca-390e-4769-865f-dc369586872e/de24fc32-0af2-4b3f-9e5f-eea907854c43/500x500.jpg",
    "productInformation": "",
    "countryText": "",
    "companyText": "DAVE & JON'S",
    "ingrediensText": "94,8%, socker/sukker 5%, surhetsreglerande medel/middel (citronsyra), antioxidationsmedel/antioxiderende middel (NATRIUMDISULFIT).",
    "storage": "Förvaras torrt och svalt.",
    "allergens": "",
    "usage": ".",
    "nutrition": [
      {
        "Näringsvärde": "Energi (kcal)",
        "100 Gram": "339 kcal"
      },
      {
        "Näringsvärde": "Energi (kJ)",
        "100 Gram": "1418 kJ"
      },
      {
        "Näringsvärde": "Fett",
        "100 Gram": "0.18 g"
      },
      {
        "Näringsvärde": "Varav mättat fett",
        "100 Gram": "0.17 g"
      },
      {
        "Näringsvärde": "Kolhydrat",
        "100 Gram": "82.2 g"
      },
      {
        "Näringsvärde": "Varav sockerarter",
        "100 Gram": "68 g"
      },
      {
        "Näringsvärde": "Fiber",
        "100 Gram": "3.7 g"
      },
      {
        "Näringsvärde": "Protein",
        "100 Gram": "2 g"
      },
      {
        "Näringsvärde": "Salt",
        "100 Gram": "0 g"
      }
    ],
    "nutritionUnitText": "Näringsvärde per 100 gram",
    "categories": {
      "mainCategory": "Glass, Godis & Snacks",
      "subCategories": [
        {
          "name": "Naturgodis, Nötter & Bars",
          "subSubCategories": [
            "Russin & Torkad frukt",
            "Exotisk frukt torkad"
          ]
        }
      ]
    }
  },
  {
    "name": "Torkade Aprikoser 250g ICA Basic",
    "weightText": "0.25 kg",
    "caPart": "",
    "weightValue": 0.25,
    "weightUnit": "kg",
    "comparePrice": "99,80 kr/kg",
    "currentPrice": 24.95,
    "attributes": [],
    "imgUrl": "https://handlaprivatkund.ica.se/images-v3/bf7a00ca-390e-4769-865f-dc369586872e/04d58d2f-abef-47fd-aacb-110b67db9f39/500x500.jpg",
    "productInformation": "Söta och torkade aprikoser. Ät dem som de är eller att använd i bakning och matlagning. Ett färgglatt inslag på ostbrickan!",
    "countryText": "",
    "companyText": "ICA Basic",
    "ingrediensText": "Ingredienser: Torkade aprikoser*, konserveringsmedel (SVAVELDIOXID). *Odlade i Turkiet.",
    "storage": "",
    "allergens": "",
    "usage": "",
    "nutrition": [
      {
        "Näringsvärde": "Energi (kcal)",
        "100 Gram": "190 kcal"
      },
      {
        "Näringsvärde": "Energi (kJ)",
        "100 Gram": "795 kJ"
      },
      {
        "Näringsvärde": "Fett",
        "100 Gram": "0.5 g"
      },
      {
        "Näringsvärde": "Varav mättat fett",
        "100 Gram": "0.1 g"
      },
      {
        "Näringsvärde": "Kolhydrat",
        "100 Gram": "41 g"
      },
      {
        "Näringsvärde": "Varav sockerarter",
        "100 Gram": "39 g"
      },
      {
        "Näringsvärde": "Fiber",
        "100 Gram": "5.3 g"
      },
      {
        "Näringsvärde": "Protein",
        "100 Gram": "2.2 g"
      },
      {
        "Näringsvärde": "Salt",
        "100 Gram": "0 g"
      }
    ],
    "nutritionUnitText": "Näringsvärde per 100 gram",
    "categories": {
      "mainCategory": "Glass, Godis & Snacks",
      "subCategories": [
        {
          "name": "Naturgodis, Nötter & Bars",
          "subSubCategories": [
            "Russin & Torkad frukt",
            "Aprikoser torkade"
          ]
        }
      ]
    }
  },
  {
    "name": "Choklad Bilar Polly 150g Cloetta",
    "weightText": "0.15 kg",
    "caPart": "",
    "weightValue": 0.15,
    "weightUnit": "kg",
    "comparePrice": "206,33 kr/kg",
    "currentPrice": 30.95,
    "attributes": [
      "Rainforest Alliance certifierad"
    ],
    "imgUrl": "https://handlaprivatkund.ica.se/images-v3/bf7a00ca-390e-4769-865f-dc369586872e/04d21c43-defc-44b3-bce8-65bf1777dcf4/500x500.jpg",
    "productInformation": "Polly Ahlgrens bilar från Cloetta är en perfekt skumtopp för dig som vill njuta av det bästa av två världar, Polly och Ahlgrens bilar, a match made in heaven. Smaken av Ahlgrens bilar dragerade med en ljuvlig chokladsmak är en kombination som måste testas. Godiset är så mumsig att det är omöjligt att bara ta en! Påsen innehåller 150 g.",
    "countryText": "",
    "companyText": "Cloetta",
    "ingrediensText": "socker, vegetabiliska fetter (palm, shea), invertsockersirap, glukossirap, SKUMMJÖLKSPULVER, VASSLEPULVER (MJÖLK), kakaomassa1, gelatin, emulgeringsmedel (SOJALECITIN, E476), syror (E270, E330), ytbehandlingsmedel (gummi arabicum, shellack), aromer (bl.a. vanillin), förtjockningsmedel (pektin), vegetabiliska oljor (kokos, raps), färgämnen (klorofyllinkopparkomplex, karmin). Kan innehålla HASSELNÖTTER och MANDEL. 1Rainforest Alliance Certified. Find out more at ra.org.",
    "storage": "Förvaras torrt och i rumstemperatur.",
    "allergens": "Innehåller Mjölk Innehåller Sojabönor Kan innehålla Nötter (eng: tree nuts) Kan innehålla Hasselnöt",
    "usage": "",
    "nutrition": [
      {
        "Näringsvärde": "Energi (kcal)",
        "100 Gram": "466 kcal"
      },
      {
        "Näringsvärde": "Energi (kJ)",
        "100 Gram": "1957 kJ"
      },
      {
        "Näringsvärde": "Fett",
        "100 Gram": "18 g"
      },
      {
        "Näringsvärde": "Varav mättat fett",
        "100 Gram": "10 g"
      },
      {
        "Näringsvärde": "Kolhydrat",
        "100 Gram": "71 g"
      },
      {
        "Näringsvärde": "Varav sockerarter",
        "100 Gram": "68 g"
      },
      {
        "Näringsvärde": "Protein",
        "100 Gram": "4.6 g"
      },
      {
        "Näringsvärde": "Salt",
        "100 Gram": "0.12 g"
      }
    ],
    "nutritionUnitText": "Näringsvärde per 100 gram",
    "categories": {
      "mainCategory": "Glass, Godis & Snacks",
      "subCategories": [
        {
          "name": "Godis",
          "subSubCategories": [
            "Godispåsar",
            "Chokladpåsar"
          ]
        }
      ]
    }
  },
  {
    "name": "Chips Paprika & Havssalt 275g Estrella",
    "weightText": "0.275 kg",
    "caPart": "",
    "weightValue": 0.275,
    "weightUnit": "kg",
    "comparePrice": "114,55 kr/kg",
    "currentPrice": 31.5,
    "attributes": [],
    "imgUrl": "https://handlaprivatkund.ica.se/images-v3/bf7a00ca-390e-4769-865f-dc369586872e/1eb0eb56-fa6e-4567-9643-3a23280ef446/500x500.jpg",
    "productInformation": "Estrella Paprika & Havssalt är släta potatischips med smak av milt rökig paprika och salt. Generöst kryddade med en smakrik paprikakrydda som inte lämnar någon snacksälskare oberörd. Goda precis som de är eller att dippa. En omedelbar klassiker från chipsfabriken i Göteborg. Krispig helg!",
    "countryText": "",
    "companyText": "Estrella",
    "ingrediensText": "Potatis, solros-/rapsolja, kryddblandning (VASSLEPULVER (från MJÖLK), socker, paprika, rismjöl, havssalt, salt, vitlök, druvsocker, lökpulver, jästextrakt, färgämne (paprikaextrakt), syra (citronsyra), naturlig arom).",
    "storage": "",
    "allergens": "",
    "usage": "",
    "nutrition": [
      {
        "Näringsvärde": "Energi (kcal)",
        "100 Gram": "503 kcal"
      },
      {
        "Näringsvärde": "Energi (kJ)",
        "100 Gram": "2098 kJ"
      },
      {
        "Näringsvärde": "Fett",
        "100 Gram": "31 g"
      },
      {
        "Näringsvärde": "Varav mättat fett",
        "100 Gram": "2.5 g"
      },
      {
        "Näringsvärde": "Kolhydrat",
        "100 Gram": "48 g"
      },
      {
        "Näringsvärde": "Varav sockerarter",
        "100 Gram": "3.2 g"
      },
      {
        "Näringsvärde": "Fiber",
        "100 Gram": "5.5 g"
      },
      {
        "Näringsvärde": "Protein",
        "100 Gram": "5.9 g"
      },
      {
        "Näringsvärde": "Salt",
        "100 Gram": "1.4 g"
      }
    ],
    "nutritionUnitText": "Näringsvärde per 100 gram",
    "categories": {
      "mainCategory": "Glass, Godis & Snacks",
      "subCategories": [
        {
          "name": "Chips & snacks",
          "subSubCategories": [
            "Chips"
          ]
        }
      ]
    }
  },
  {
    "name": "Kexbar Chocolate wafer glutenfri 35g Nick´s",
    "weightText": "0.035 kg",
    "caPart": "",
    "weightValue": 0.035,
    "weightUnit": "kg",
    "comparePrice": "385,71 kr/kg",
    "currentPrice": 13.5,
    "attributes": [
      "Glutenfritt"
    ],
    "imgUrl": "https://handlaprivatkund.ica.se/images-v3/bf7a00ca-390e-4769-865f-dc369586872e/7ef68723-98bc-4499-b47f-8858e9b542a4/500x500.jpg",
    "productInformation": "Krispig kexbar doppad i mjölkchoklad. Passande för lågkolhydratskost, keto, diabetes, glutenintolerans men främst för alla som vill njuta och må bra på samma gång. No added sugar, no palm oil, no gluten, just joy.",
    "countryText": "",
    "companyText": "Nick´s",
    "ingrediensText": "Ingredienser: MJÖLKpulver, vegetabilisk olja (shea, kokos, raps, illipe, solros/solsikke), mjölmix (majs, potatis, ris, SOJA), sötningsmedel (erytritol), kakaosmör, polydextros (fiber), inulin (cikoriarot), kakaopulver, kakaomassa, glutenfri HAVREfiber, SOJAfiber, naturlig arom, emulgeringsmedel (solroslecitin, SOJAlecitin), stabiliseringsmedel (xantangummi, guargummi), salt, bakpulver (bikarbonat), sötningsmedel (steviolglykosider, sukralos). Kan innehålla spår av NÖTTER och JORDNÖTTER/PEANØTTER/JORDNØDDER.",
    "storage": "Förvaras torrt & svalt: lt;30°C Lägsta förvaringstemperatur 5°C Högsta förvaringstemperatur 30°C",
    "allergens": "",
    "usage": "",
    "nutrition": [
      {
        "Näringsvärde": "Energi (kcal)",
        "100 Gram": "471 kcal"
      },
      {
        "Näringsvärde": "Energi (kJ)",
        "100 Gram": "1972 kJ"
      },
      {
        "Näringsvärde": "Fett",
        "100 Gram": "36 g"
      },
      {
        "Näringsvärde": "Varav mättat fett",
        "100 Gram": "13 g"
      },
      {
        "Näringsvärde": "Kolhydrat",
        "100 Gram": "34 g"
      },
      {
        "Näringsvärde": "Varav sockerarter",
        "100 Gram": "12 g"
      },
      {
        "Näringsvärde": "Varav polyoler",
        "100 Gram": "12 g"
      },
      {
        "Näringsvärde": "Fiber",
        "100 Gram": "14 g"
      },
      {
        "Näringsvärde": "Protein",
        "100 Gram": "9.1 g"
      },
      {
        "Näringsvärde": "Salt",
        "100 Gram": "0.08 g"
      }
    ],
    "nutritionUnitText": "",
    "categories": {
      "mainCategory": "Glass, Godis & Snacks",
      "subCategories": [
        {
          "name": "Choklad",
          "subSubCategories": [
            "Chokladstycksaker"
          ]
        }
      ]
    }
  },
  {
    "name": "Mjölkchoklad 74g Marabou",
    "weightText": "0.074 kg",
    "caPart": "",
    "weightValue": 0.074,
    "weightUnit": "kg",
    "comparePrice": "323,65 kr/kg",
    "currentPrice": 23.95,
    "attributes": [],
    "imgUrl": "https://handlaprivatkund.ica.se/images-v3/bf7a00ca-390e-4769-865f-dc369586872e/23f69e6a-2d52-499b-91b7-96d5b9330052/500x500.jpg",
    "productInformation": "Marabous älskade Marabou mjölkchoklad förpackad i en rulle. Perfekt att dela med vänner eller varför inte njuta av själv på språng eller i en lugn och skön hemmamiljö. Genom Cocoa Life, vårt program för en hållbar kakaoproduktion, bidrar Marabou till att kakao odlas på rätt sätt, för att skydda planeten och respektera mänskliga rättigheter i vår värdekedja. Läs mer om Cocoa Life här www.cocoalife.org.",
    "countryText": "",
    "companyText": "Marabou",
    "ingrediensText": "Ingredienser: Socker, kakaosmör, kakaomassa, vassle-/vallepulver (MJÖLK/MÆLK), SKUMMJÖLKSPULVER, SMÖRFETT/SMØROLIE, vassle-/valleprodukt (MJÖLK), emulgeringsmedel/emulgator (SOJALECITIN), arom. KAN INNEHÅLLA ANDRA NÖTTER OCH VETE Minst 30% kakao/kakaotørstof.",
    "storage": "Lägsta förvaringstemperatur 10°C Högsta förvaringstemperatur 20°C",
    "allergens": "",
    "usage": "",
    "nutrition": [
      {
        "Näringsvärde": "Energi (kcal)",
        "100 Gram": "550 kcal"
      },
      {
        "Näringsvärde": "Energi (kJ)",
        "100 Gram": "2290 kJ"
      },
      {
        "Näringsvärde": "Fett",
        "100 Gram": "32 g"
      },
      {
        "Näringsvärde": "Varav mättat fett",
        "100 Gram": "19.5 g"
      },
      {
        "Näringsvärde": "Kolhydrat",
        "100 Gram": "59 g"
      },
      {
        "Näringsvärde": "Varav sockerarter",
        "100 Gram": "58.5 g"
      },
      {
        "Näringsvärde": "Fiber",
        "100 Gram": "2 g"
      },
      {
        "Näringsvärde": "Protein",
        "100 Gram": "4.6 g"
      },
      {
        "Näringsvärde": "Salt",
        "100 Gram": "0.33 g"
      }
    ],
    "nutritionUnitText": "Näringsvärde per 100 gram",
    "categories": {
      "mainCategory": "Glass, Godis & Snacks",
      "subCategories": [
        {
          "name": "Choklad",
          "subSubCategories": [
            "Chokladstycksaker"
          ]
        }
      ]
    }
  },
  {
    "name": "Glass Salted caramel 460ml Häagen dazs",
    "weightText": "0.46 l",
    "caPart": "",
    "weightValue": 0.46,
    "weightUnit": "l",
    "comparePrice": "123,80 kr/l",
    "currentPrice": 56.95,
    "attributes": [
      "Glutenfritt"
    ],
    "imgUrl": "https://handlaprivatkund.ica.se/images-v3/bf7a00ca-390e-4769-865f-dc369586872e/c6d7aa48-31fd-47ab-977f-39112d54ad74/500x500.jpg",
    "productInformation": "En populär blandning av sött och salt! Vår Salted Caramel har länge varit en uppskattad favorit, och det är inte konstigt. Här kombineras len, krämig kolagräddglass med strimmor av gyllene kolasås och krispigt salta knäckbitar till en oslagbar smaksensation som kan avnjutas när som helst, året runt. Tillverkad med äkta grädde, utan konstgjorda färger, smaker eller konserveringsmedel. Lämplig för vegetarianer och kosher.",
    "countryText": "",
    "companyText": "Häagen-Dazs",
    "ingrediensText": "GRÄDDE/FLØTE (29%), vatten/vann, sötad/søtet laktos reducerad kondenserad SKUMMJÖLK/SKUMMETMELK, socker/sukker, glukossirap, sötad/søtet kondenserad HELMJÖLK/HELMELK, ÄGGULA/EGGEPLOMME/ÆGGEBLOMME, sötad/søtet kondenserad SKUMMJÖLK/SKUMMETMELK, saltat SMÖR/SMØR, kokosolja, SMÖR, salt, emulgeringsmedel (lecitiner), geleringsmedel (pektiner), naturlig vaniljarom/vaniljearoma. KAN INNEHÅLLA/INNEHOLDE SPÅR/SPOR AV NÖTTER/NØDDER.",
    "storage": "Förvara vid minst -18 °C. Lägsta förvaringstemperatur -30°C Högsta förvaringstemperatur -20°C",
    "allergens": "Innehåller Ägg Innehåller Mjölk Kan innehålla Nötter (eng: tree nuts)",
    "usage": "",
    "nutrition": [
      {
        "Näringsvärde": "Energi (kcal)",
        "100 Gram": "275 kcal"
      },
      {
        "Näringsvärde": "Energi (kJ)",
        "100 Gram": "1148 kJ"
      },
      {
        "Näringsvärde": "Fett",
        "100 Gram": "16.4 g"
      },
      {
        "Näringsvärde": "Varav mättat fett",
        "100 Gram": "11 g"
      },
      {
        "Näringsvärde": "Kolhydrat",
        "100 Gram": "27.8 g"
      },
      {
        "Näringsvärde": "Varav sockerarter",
        "100 Gram": "25 g"
      },
      {
        "Näringsvärde": "Fiber",
        "100 Gram": "0 g"
      },
      {
        "Näringsvärde": "Protein",
        "100 Gram": "4 g"
      },
      {
        "Näringsvärde": "Salt",
        "100 Gram": "0.58 g"
      }
    ],
    "nutritionUnitText": "",
    "categories": {
      "mainCategory": "Glass, Godis & Snacks",
      "subCategories": [
        {
          "name": "Glass",
          "subSubCategories": [
            "Små Glasspaket"
          ]
        }
      ]
    }
  },
  {
    "name": "Glasspinne Mini mumsbit Jordgubb choklad & mandel 12-p 420g ICA",
    "weightText": "",
    "caPart": "",
    "weightValue": 0,
    "weightUnit": "",
    "comparePrice": "12 per frp 4,04 kr/st",
    "currentPrice": 48.5,
    "attributes": [
      "Rainforest Alliance certifierad"
    ],
    "imgUrl": "https://handlaprivatkund.ica.se/images-v3/bf7a00ca-390e-4769-865f-dc369586872e/9cefe216-08ec-4022-8692-5996a5f60daa/500x500.jpg",
    "productInformation": "En blandning av ICAs Mumsbitar i miniformat. Vaniljglass med överdrag av mörk choklad, vit choklad, ljus choklad eller knaprig mandel.",
    "countryText": "Belgien",
    "companyText": "ICA",
    "ingrediensText": "MANDEL: Vaniljglass 53% (SKUMMJÖLK, socker, vatten, kokosfett, SKUMMJÖLKSPULVER, emulgeringsmedel (E471), stabiliseringsmedel (E401), arom, naturlig vaniljarom, extraherad vaniljstång, färgämne (E160a)), mjölkchoklad 37% (socker, kakaosmör*, vasslepulver (från MJÖLK), MJÖLKFETT, kakaomassa*, kokosfett, SKUMMJÖLKSPULVER, emulgeringsmedel (E322, E476), naturlig vaniljarom), kolasås 5% (glukossirap, sötad kondenserad SKUMMJÖLK (kondenserad SKUMMJÖLK, socker), vatten, socker, kokosfett, stabiliseringsmedel (E407), salt, naturliga aromer, förtjockningsmedel (E410)), MANDLAR 5%. MJÖLKCHOKLAD MED VANILJGLASS: Vaniljglass 57% (SKUMMJÖLK, socker, vatten, kokosfett, SKUMMJÖLKSPULVER, emulgeringsmedel (E471), stabiliseringsmedel (E401), arom, naturlig vaniljarom, extraherad vaniljstång, färgämne (E160a)), mjölkchoklad 37% (socker, kakaomassa*, kakaosmör*, vasslepulver (från MJÖLK), MJÖLKFETT, kokosfett, SKUMMJÖLKSPULVER, emulgeringsmedel (E322, E476), naturlig vaniljarom), kolasås 6% (glukossirap, sötad kondenserad SKUMMJÖLK (kondenserad SKUMMJÖLK, socker), vatten, socker, kokosfett, stabiliseringsmedel (E407), salt, naturliga aromer, förtjockningsmedel (E410)). LJUS MJÖLKCHOKLAD MED JORDGUBBSGLASS: Jordgubbsglass 57% (SKUMMJÖLK, jordgubbspuré 18,5%, vassleproteinkoncentrat (från MJÖLK), socker, kokosfett, glukos-fruktossirap, SKUMMJÖLKSPULVER, koncentrerad jordgubbsjuice 0,6%, emulgeringsmedel (E471), surhetsreglerande medel (E330), stabiliseringsmedel (E401), rödbetskoncentrat, naturliga aromer, mjölkchoklad 37% (socker, kakaosmör*, vasslepulver (från MJÖLK), MJÖLKFETT, kakaomassa*, kokosfett, SKUMMJÖLKSPULVER, emulgeringsmedel (E322, E476), naturlig vaniljarom), jordgubbssås 6% (vatten, glukosfruktossirap, jordgubbspuré 7%, koncentrerad jordgubbspuré 6,2%, surhetsreglerande medel (E330, E331), förjockningsmedel (E440), naturliga aromer, fläderbärskoncentrat, modifierad majsstärkelse). VIT CHOKLAD MED JORDGUBBSGLASS: Jordgubbsglass 57% (SKUMMJÖLK, jordgubbspuré 18,5%, vassleproteinkoncentrat (från MJÖLK), socker, kokosfett, glukosfruktossirap, SKUMMJÖLKSPULVER, koncentrerad jordgubbsjuice 0,6%, emulgeringsmedel (E471), surhetsreglerande medel (E330), stabiliseringsmedel (E401), rödbetskoncentrat, arom), vit choklad 37% (socker, kakaosmör*, vasslepulver (från MJÖLK), MJÖLKFETT, SKUMMJÖLKSPULVER, kokosfett, emulgeringsmedel (E322, E476), naturlig vaniljarom), jordgubbssås 6% (vatten, glukos-fruktossirap, jordgubbspuré 7%, koncentrerad jordgubbspuré 6,2%, surhetsreglerande medel (E330, E331), förtjockningsmedel (E440), naturliga aromer, fläderbärskoncentrat, modifierad majsstärkelse). Jordgubbar och mandlar odlade i EU/icke EU. Kan innehålla spår av hasselnöt, valnöt, pekannöt, pistaschnöt, makadamianöt, mandel, cashewnöt och paranöt. *Rainforest Alliance-certifierad. Läs mer på www.ra.org Ursprung mjökprodukter EU/icke EU.",
    "storage": "Djupfryst. I frysutrymme (-18°C eller kallare). Bör ej frysas om efter upptining. Lägsta förvaringstemperatur -25°C Högsta förvaringstemperatur -18°C",
    "allergens": "Innehåller Nötter (eng: tree nuts) Innehåller Mjölk",
    "usage": "",
    "nutrition": [
      {
        "Näringsvärde": "Energi (kcal)",
        "100 Gram": "342 kcal"
      },
      {
        "Näringsvärde": "Energi (kJ)",
        "100 Gram": "1427 kJ"
      },
      {
        "Näringsvärde": "Fett",
        "100 Gram": "21 g"
      },
      {
        "Näringsvärde": "Varav mättat fett",
        "100 Gram": "14 g"
      },
      {
        "Näringsvärde": "Kolhydrat",
        "100 Gram": "35 g"
      },
      {
        "Näringsvärde": "Varav sockerarter",
        "100 Gram": "34 g"
      },
      {
        "Näringsvärde": "Protein",
        "100 Gram": "3.7 g"
      },
      {
        "Näringsvärde": "Salt",
        "100 Gram": "0.27 g"
      }
    ],
    "nutritionUnitText": "Näringsvärde per 100 gram",
    "categories": {
      "mainCategory": "Glass, Godis & Snacks",
      "subCategories": [
        {
          "name": "Glass",
          "subSubCategories": [
            "Mixade glasslådor"
          ]
        }
      ]
    }
  },
  {
    "name": "Jordnötter Virginia traditional 275g OLW",
    "weightText": "0.275 kg",
    "caPart": "",
    "weightValue": 0.275,
    "weightUnit": "kg",
    "comparePrice": "107,27 kr/kg",
    "currentPrice": 29.5,
    "attributes": [],
    "imgUrl": "https://handlaprivatkund.ica.se/images-v3/bf7a00ca-390e-4769-865f-dc369586872e/5bcdde08-4070-4246-b891-26894ceec8d6/500x500.jpg",
    "productInformation": "Njut av OLWs stora Virginianötter med den riktiga sydstatssmaken. Jordnötterna saltas och rostas i traditionell amerikansk stil så att smakerna kommer fram ordentligt. Acceptera bara originalet, bjud dina vänner eller unna dig själv.",
    "countryText": "",
    "companyText": "Olw",
    "ingrediensText": "JORDNÖTTER (95%), solrosolja och salt. Kan innehålla spår av andra NÖTTER.",
    "storage": "",
    "allergens": "Kan innehålla spår av Nötter.",
    "usage": "",
    "nutrition": [
      {
        "Näringsvärde": "Energi (kcal)",
        "100 Gram": "610 kcal"
      },
      {
        "Näringsvärde": "Energi (kJ)",
        "100 Gram": "2550 kJ"
      },
      {
        "Näringsvärde": "Fett",
        "100 Gram": "51 g"
      },
      {
        "Näringsvärde": "Varav mättat fett",
        "100 Gram": "10 g"
      },
      {
        "Näringsvärde": "Kolhydrat",
        "100 Gram": "9.5 g"
      },
      {
        "Näringsvärde": "Varav sockerarter",
        "100 Gram": "2.5 g"
      },
      {
        "Näringsvärde": "Protein",
        "100 Gram": "27 g"
      },
      {
        "Näringsvärde": "Salt",
        "100 Gram": "1.3 g"
      }
    ],
    "nutritionUnitText": "Näringsvärde per 100 gram",
    "categories": {
      "mainCategory": "Glass, Godis & Snacks",
      "subCategories": [
        {
          "name": "Chips & snacks",
          "subSubCategories": [
            "Salta nötter",
            "Jordnötter saltade"
          ]
        }
      ]
    }
  }
]