[
  {
    "name": "Äpple Pink Lady ca 180g Klass 1 ICA",
    "weightText": "Ca 180 g",
    "caPart": "Ca",
    "weightValue": 180,
    "weightUnit": "g",
    "comparePrice": "30,00 kr/kg",
    "currentPrice": 5.4,
    "attributes": [],
    "imgUrl": "https://handlaprivatkund.ica.se/images-v3/bf7a00ca-390e-4769-865f-dc369586872e/26680b2a-7a2c-4638-814b-b2ed010174a3/500x500.jpg",
    "productInformation": "Ett sött och syrligt äpple med tunt skal. Passar att äta som det är, i desserter och kakor. Till rökt kött: salsa på frästa äppelbitar, gräddfil och pepparrot.",
    "countryText": "Frankrike",
    "companyText": "",
    "ingrediensText": "",
    "storage": "Lägsta förvaringstemperatur 1°C Högsta förvaringstemperatur 4°C",
    "allergens": "",
    "usage": "",
    "nutrition": [],
    "nutritionUnitText": "",
    "categories": {
      "mainCategory": "Frukt & Grönt",
      "subCategories": [
        {
          "name": "Frukt",
          "subSubCategories": [
            "Äpple"
          ]
        }
      ]
    }
  },
  {
    "name": "Päron Conference ca 220g Klass 1 ICA",
    "weightText": "Ca 220 g",
    "caPart": "Ca",
    "weightValue": 220,
    "weightUnit": "g",
    "comparePrice": "20,00 kr/kg",
    "currentPrice": 4.4,
    "attributes": [],
    "imgUrl": "https://handlaprivatkund.ica.se/images-v3/bf7a00ca-390e-4769-865f-dc369586872e/024d66eb-c994-41c6-83ef-c22e92f1aac3/500x500.jpg",
    "productInformation": "ICA Päron Conference är sött och påminner om melon i smaken. Passar att äta som det är, till efterrätter, bakning eller till ostbrickan.",
    "countryText": "Nederländerna",
    "companyText": "ICA",
    "ingrediensText": "",
    "storage": "",
    "allergens": "",
    "usage": "",
    "nutrition": [],
    "nutritionUnitText": "",
    "categories": {
      "mainCategory": "Frukt & Grönt",
      "subCategories": [
        {
          "name": "Frukt",
          "subSubCategories": [
            "Päron"
          ]
        }
      ]
    }
  },
  {
    "name": "Lime ca 90g Klass 1 ICA",
    "weightText": "0.09 kg",
    "caPart": "",
    "weightValue": 0.09,
    "weightUnit": "kg",
    "comparePrice": "66,11 kr/kg",
    "currentPrice": 5.95,
    "attributes": [],
    "imgUrl": "https://handlaprivatkund.ica.se/images-v3/bf7a00ca-390e-4769-865f-dc369586872e/3adb2c40-90bf-4c0a-8d6d-9a96f6e25526/500x500.jpg",
    "productInformation": "Lime är en släkting till citronen och passar som smaksättare i mat, särskilt till fisk och skaldjur. Prova också i marinader, desserter och drinkar.",
    "countryText": "Brasilien",
    "companyText": "",
    "ingrediensText": "",
    "storage": "Lägsta förvaringstemperatur 12°C Högsta förvaringstemperatur 16°C",
    "allergens": "",
    "usage": "",
    "nutrition": [],
    "nutritionUnitText": "",
    "categories": {
      "mainCategory": "Frukt & Grönt",
      "subCategories": [
        {
          "name": "Frukt",
          "subSubCategories": [
            "Citrusfrukt",
            "Lime"
          ]
        }
      ]
    }
  },
  {
    "name": "Champinjon 250g Klass 1 ICA",
    "weightText": "0.25 kg",
    "caPart": "",
    "weightValue": 0.25,
    "weightUnit": "kg",
    "comparePrice": "60,00 kr/kg",
    "currentPrice": 15,
    "attributes": [],
    "imgUrl": "https://handlaprivatkund.ica.se/images-v3/bf7a00ca-390e-4769-865f-dc369586872e/9b2ca81c-cae7-4990-8984-e30121f2a03a/500x500.jpg",
    "productInformation": "",
    "countryText": "Polen",
    "companyText": "ICA",
    "ingrediensText": "",
    "storage": "Lägsta förvaringstemperatur 1°C Högsta förvaringstemperatur 4°C",
    "allergens": "",
    "usage": "",
    "nutrition": [],
    "nutritionUnitText": "",
    "categories": {
      "mainCategory": "Frukt & Grönt",
      "subCategories": [
        {
          "name": "Svamp",
          "subSubCategories": [
            "Champinjoner"
          ]
        }
      ]
    }
  },
  {
    "name": "Mango ca 325g Klass 1 ICA",
    "weightText": "0.325 kg",
    "caPart": "",
    "weightValue": 0.325,
    "weightUnit": "kg",
    "comparePrice": "46,15 kr/kg",
    "currentPrice": 15,
    "attributes": [],
    "imgUrl": "https://handlaprivatkund.ica.se/images-v3/bf7a00ca-390e-4769-865f-dc369586872e/2c84dcf5-1951-42d5-92d6-460d76a205d0/500x500.jpg",
    "productInformation": "",
    "countryText": "Spanien",
    "companyText": "ICA",
    "ingrediensText": "",
    "storage": "Lägsta förvaringstemperatur 12°C Högsta förvaringstemperatur 16°C",
    "allergens": "",
    "usage": "",
    "nutrition": [],
    "nutritionUnitText": "",
    "categories": {
      "mainCategory": "Frukt & Grönt",
      "subCategories": [
        {
          "name": "Frukt",
          "subSubCategories": [
            "Exotisk frukt",
            "Mango"
          ]
        }
      ]
    }
  },
  {
    "name": "Ananas Extra Sweet ca 950g Klass 1 ICA",
    "weightText": "0.95 kg",
    "caPart": "",
    "weightValue": 0.95,
    "weightUnit": "kg",
    "comparePrice": "21,05 kr/kg",
    "currentPrice": 20,
    "attributes": [],
    "imgUrl": "https://handlaprivatkund.ica.se/images-v3/bf7a00ca-390e-4769-865f-dc369586872e/94c60956-fd30-41a9-b865-79e199abcb60/500x500.jpg",
    "productInformation": "",
    "countryText": "Costa Rica",
    "companyText": "",
    "ingrediensText": "",
    "storage": "Lägsta förvaringstemperatur 12°C Högsta förvaringstemperatur 16°C",
    "allergens": "",
    "usage": "",
    "nutrition": [],
    "nutritionUnitText": "",
    "categories": {
      "mainCategory": "Frukt & Grönt",
      "subCategories": [
        {
          "name": "Frukt",
          "subSubCategories": [
            "Exotisk frukt",
            "Ananas"
          ]
        }
      ]
    }
  },
  {
    "name": "Kålrot ca 800g Klass 1 ICA",
    "weightText": "Ca 800 g",
    "caPart": "Ca",
    "weightValue": 800,
    "weightUnit": "g",
    "comparePrice": "15,00 kr/kg",
    "currentPrice": 12,
    "attributes": [
      "Ursprungsland Sverige"
    ],
    "imgUrl": "https://handlaprivatkund.ica.se/images-v3/bf7a00ca-390e-4769-865f-dc369586872e/d0c0a769-11af-4f04-ab2d-241519139d76/500x500.jpg",
    "productInformation": "Rotfrukt med speciell och sötaktig smak. Ger karaktär till mos, grytor och ugnsrostade rotfrukts- blandningar. Prova gärna att använda i rårakorna.",
    "countryText": "Sverige",
    "companyText": "",
    "ingrediensText": "",
    "storage": "Lägsta förvaringstemperatur 1°C Högsta förvaringstemperatur 4°C",
    "allergens": "",
    "usage": "",
    "nutrition": [],
    "nutritionUnitText": "",
    "categories": {
      "mainCategory": "Frukt & Grönt",
      "subCategories": [
        {
          "name": "Kål",
          "subSubCategories": [
            "Kålrot"
          ]
        }
      ]
    }
  },
  {
    "name": "Plommontomater 500g Klass 1 ICA",
    "weightText": "0.5 kg",
    "caPart": "",
    "weightValue": 0.5,
    "weightUnit": "kg",
    "comparePrice": "45,90 kr/kg",
    "currentPrice": 22.95,
    "attributes": [],
    "imgUrl": "https://images.ctfassets.net/l3dfc9zfaimi/qZc37LgTPPuZhIUMEbPJx/d4918e773827f51582d837109cfcb604/jul-25-produktdetaljbanner-insamlingen-desktop.jpg",
    "productInformation": "Spänstiga tomater med en mild och söt smak och fast kött. Behåller smaken och spänsten bra vid tillagning och passar därför bra i varm mat.",
    "countryText": "Spanien",
    "companyText": "ICA",
    "ingrediensText": "",
    "storage": "",
    "allergens": "",
    "usage": "",
    "nutrition": [],
    "nutritionUnitText": "",
    "categories": {
      "mainCategory": "Jul",
      "subCategories": [
        {
          "name": "Julens godaste varor",
          "subSubCategories": []
        }
      ]
    }
  },
  {
    "name": "Satsumas ca 100g Klass 1 ICA",
    "weightText": "Ca 100 g",
    "caPart": "Ca",
    "weightValue": 100,
    "weightUnit": "g",
    "comparePrice": "24,95 kr/kg",
    "currentPrice": 2.5,
    "attributes": [],
    "imgUrl": "https://handlaprivatkund.ica.se/images-v3/bf7a00ca-390e-4769-865f-dc369586872e/70c21ac5-0837-4caa-b4ce-8c3672287175/500x500.jpg",
    "productInformation": "",
    "countryText": "Spanien",
    "companyText": "",
    "ingrediensText": "",
    "storage": "Lägsta förvaringstemperatur 1°C Högsta förvaringstemperatur 4°C",
    "allergens": "",
    "usage": "",
    "nutrition": [],
    "nutritionUnitText": "",
    "categories": {
      "mainCategory": "Frukt & Grönt",
      "subCategories": [
        {
          "name": "Frukt",
          "subSubCategories": [
            "Citrusfrukt",
            "Småcitrus"
          ]
        }
      ]
    }
  },
  {
    "name": "Banan Eko ca 180g Klass 1",
    "weightText": "Ca 180 g",
    "caPart": "Ca",
    "weightValue": 180,
    "weightUnit": "g",
    "comparePrice": "24,95 kr/kg",
    "currentPrice": 4.49,
    "attributes": [
      "EU Ekologiskt",
      "Ekologiskt"
    ],
    "imgUrl": "https://handlaprivatkund.ica.se/images-v3/bf7a00ca-390e-4769-865f-dc369586872e/ed498892-50c5-46db-a148-1d65f3db91a1/500x500.jpg",
    "productInformation": "OBS: Om antal väljs till 1, så är det endast 1 banan, EJ 1 klase. Bananerna kan variera i färg från helt gröna till helt gula.",
    "countryText": "Ecuador",
    "companyText": "",
    "ingrediensText": "",
    "storage": "Lägsta förvaringstemperatur 12°C Högsta förvaringstemperatur 16°C",
    "allergens": "",
    "usage": "",
    "nutrition": [],
    "nutritionUnitText": "",
    "categories": {
      "mainCategory": "Frukt & Grönt",
      "subCategories": [
        {
          "name": "Frukt",
          "subSubCategories": [
            "Banan"
          ]
        }
      ]
    }
  },
  {
    "name": "Banan ca 180g Klass 1 ICA",
    "weightText": "Ca 180 g",
    "caPart": "Ca",
    "weightValue": 180,
    "weightUnit": "g",
    "comparePrice": "19,95 kr/kg",
    "currentPrice": 3.59,
    "attributes": [],
    "imgUrl": "https://handlaprivatkund.ica.se/images-v3/bf7a00ca-390e-4769-865f-dc369586872e/46a24e8f-de29-4b09-9b0b-6a3deb10182f/500x500.jpg",
    "productInformation": "OBS: Om antal väljs till 1, så är det endast 1 banan, EJ 1 klase. Smart mellanmål som blir sötare ju mognare den är. Annars är bananen också god att tillaga, t ex stekt i smör, sirap och kardemumma med glass till. Bananerna kan variera i färg från helt gröna till helt gula",
    "countryText": "Panama",
    "companyText": "",
    "ingrediensText": "",
    "storage": "Lägsta förvaringstemperatur 12°C Högsta förvaringstemperatur 16°C",
    "allergens": "",
    "usage": "",
    "nutrition": [],
    "nutritionUnitText": "",
    "categories": {
      "mainCategory": "Frukt & Grönt",
      "subCategories": [
        {
          "name": "Frukt",
          "subSubCategories": [
            "Banan"
          ]
        }
      ]
    }
  },
  {
    "name": "Lök gul ca 180g Klass 1 ICA",
    "weightText": "Ca 180 g",
    "caPart": "Ca",
    "weightValue": 180,
    "weightUnit": "g",
    "comparePrice": "9,95 kr/kg",
    "currentPrice": 1.79,
    "attributes": [
      "Ursprungsland Sverige"
    ],
    "imgUrl": "https://handlaprivatkund.ica.se/images-v3/bf7a00ca-390e-4769-865f-dc369586872e/48a0da80-404d-4af0-924d-013b364b4eb0/500x500.jpg",
    "productInformation": "Lökklassikern med skarp smak, som blir sötare och mildare när den tillagas. Passar till det mesta, från tacotillbehör till krydda i såser och grytor.",
    "countryText": "Sverige",
    "companyText": "",
    "ingrediensText": "",
    "storage": "Lägsta förvaringstemperatur 12°C Högsta förvaringstemperatur 16°C",
    "allergens": "",
    "usage": "",
    "nutrition": [],
    "nutritionUnitText": "",
    "categories": {
      "mainCategory": "Frukt & Grönt",
      "subCategories": [
        {
          "name": "Lök",
          "subSubCategories": [
            "Gul lök"
          ]
        }
      ]
    }
  },
  {
    "name": "Tomat rund ca 90g Klass 1",
    "weightText": "Ca 90 g",
    "caPart": "Ca",
    "weightValue": 90,
    "weightUnit": "g",
    "comparePrice": "29,95 kr/kg",
    "currentPrice": 2.7,
    "attributes": [
      "Ursprungsland Sverige"
    ],
    "imgUrl": "https://handlaprivatkund.ica.se/images-v3/bf7a00ca-390e-4769-865f-dc369586872e/308724db-9579-46da-b2d0-b9b16d813f22/500x500.jpg",
    "productInformation": "",
    "countryText": "Sverige",
    "companyText": "",
    "ingrediensText": "",
    "storage": "Lägsta förvaringstemperatur 12°C Högsta förvaringstemperatur 16°C",
    "allergens": "",
    "usage": "",
    "nutrition": [],
    "nutritionUnitText": "",
    "categories": {
      "mainCategory": "Frukt & Grönt",
      "subCategories": [
        {
          "name": "Grönsaker",
          "subSubCategories": [
            "Tomat"
          ]
        }
      ]
    }
  },
  {
    "name": "Paprika Röd ca 225g Klass 1 ICA",
    "weightText": "Ca 225 g",
    "caPart": "Ca",
    "weightValue": 225,
    "weightUnit": "g",
    "comparePrice": "53,95 kr/kg",
    "currentPrice": 12.14,
    "attributes": [],
    "imgUrl": "https://handlaprivatkund.ica.se/images-v3/bf7a00ca-390e-4769-865f-dc369586872e/a3c66b83-0113-4b46-bb00-4df96e761f54/500x500.jpg",
    "productInformation": "Fyllig paprika med fin sötma. Prova att ugnsrosta, grilla eller fylla och gratinera i ugn. Färgglad i sallad och god till gazpacho samt i vegetarisk lasagne.",
    "countryText": "Nederländerna",
    "companyText": "ICA",
    "ingrediensText": "",
    "storage": "Lägsta förvaringstemperatur 12°C Högsta förvaringstemperatur 16°C",
    "allergens": "",
    "usage": "",
    "nutrition": [],
    "nutritionUnitText": "",
    "categories": {
      "mainCategory": "Frukt & Grönt",
      "subCategories": [
        {
          "name": "Grönsaker",
          "subSubCategories": [
            "Paprika"
          ]
        }
      ]
    }
  },
  {
    "name": "Äpple Aroma ca 190g Klass 1 ICA",
    "weightText": "Ca 190 g",
    "caPart": "Ca",
    "weightValue": 190,
    "weightUnit": "g",
    "comparePrice": "27,95 kr/kg",
    "currentPrice": 5.31,
    "attributes": [
      "Ursprungsland Sverige"
    ],
    "imgUrl": "https://handlaprivatkund.ica.se/images-v3/bf7a00ca-390e-4769-865f-dc369586872e/002b1622-34ee-42f8-805e-92b94bd27f36/500x500.jpg",
    "productInformation": "Sprött äpple med söt och syrlig smak och lite kryddigt sting. Passar bra i matlagning, eftersom det behåller sin konsistens bra.",
    "countryText": "Sverige",
    "companyText": "ICA",
    "ingrediensText": "",
    "storage": "",
    "allergens": "",
    "usage": "",
    "nutrition": [],
    "nutritionUnitText": "",
    "categories": {
      "mainCategory": "Frukt & Grönt",
      "subCategories": [
        {
          "name": "Frukt",
          "subSubCategories": [
            "Äpple"
          ]
        }
      ]
    }
  },
  {
    "name": "Rödlök ca 150g Klass 1 ICA",
    "weightText": "Ca 150 g",
    "caPart": "Ca",
    "weightValue": 150,
    "weightUnit": "g",
    "comparePrice": "19,95 kr/kg",
    "currentPrice": 2.99,
    "attributes": [
      "Ursprungsland Sverige"
    ],
    "imgUrl": "https://handlaprivatkund.ica.se/images-v3/bf7a00ca-390e-4769-865f-dc369586872e/c8cb03d9-e083-442f-a5d0-57995294f897/500x500.jpg",
    "productInformation": "Något mildare och sötare smak än gul lök och passar därför bra i sallader. Prova även i varm mat eller lägg in och koka marmelad på!",
    "countryText": "Sverige",
    "companyText": "",
    "ingrediensText": "",
    "storage": "Lägsta förvaringstemperatur 12°C Högsta förvaringstemperatur 16°C",
    "allergens": "",
    "usage": "",
    "nutrition": [],
    "nutritionUnitText": "",
    "categories": {
      "mainCategory": "Frukt & Grönt",
      "subCategories": [
        {
          "name": "Lök",
          "subSubCategories": [
            "Rödlök"
          ]
        }
      ]
    }
  },
  {
    "name": "Småcitrus Nadorcott ca 100g Klass 1 ICA",
    "weightText": "Ca 100 g",
    "caPart": "Ca",
    "weightValue": 100,
    "weightUnit": "g",
    "comparePrice": "36,95 kr/kg",
    "currentPrice": 3.7,
    "attributes": [],
    "imgUrl": "https://handlaprivatkund.ica.se/images-v3/bf7a00ca-390e-4769-865f-dc369586872e/f2642ddb-3937-4279-82f3-23748fb731c0/500x500.jpg",
    "productInformation": "",
    "countryText": "Sydafrika",
    "companyText": "ICA",
    "ingrediensText": "",
    "storage": "Lägsta förvaringstemperatur 1°C Högsta förvaringstemperatur 4°C",
    "allergens": "",
    "usage": "",
    "nutrition": [],
    "nutritionUnitText": "",
    "categories": {
      "mainCategory": "Frukt & Grönt",
      "subCategories": [
        {
          "name": "Frukt",
          "subSubCategories": [
            "Citrusfrukt",
            "Småcitrus"
          ]
        }
      ]
    }
  },
  {
    "name": "Babyplommontomater 500g Klass 1 ICA",
    "weightText": "0.5 kg",
    "caPart": "",
    "weightValue": 0.5,
    "weightUnit": "kg",
    "comparePrice": "69,90 kr/kg",
    "currentPrice": 34.95,
    "attributes": [],
    "imgUrl": "https://handlaprivatkund.ica.se/images-v3/bf7a00ca-390e-4769-865f-dc369586872e/7d403205-f585-4d80-9c1b-b5ad1e3d630a/500x500.jpg",
    "productInformation": "",
    "countryText": "Marocko",
    "companyText": "ICA",
    "ingrediensText": "",
    "storage": "",
    "allergens": "",
    "usage": "",
    "nutrition": [],
    "nutritionUnitText": "",
    "categories": {
      "mainCategory": "Frukt & Grönt",
      "subCategories": [
        {
          "name": "Grönsaker",
          "subSubCategories": [
            "Tomat"
          ]
        }
      ]
    }
  },
  {
    "name": "Morötter nyskördade 1kg Klass 1 ICA",
    "weightText": "1 kg",
    "caPart": "",
    "weightValue": 1,
    "weightUnit": "kg",
    "comparePrice": "13,95 kr/kg",
    "currentPrice": 13.95,
    "attributes": [
      "Ursprungsland Sverige"
    ],
    "imgUrl": "https://handlaprivatkund.ica.se/images-v3/bf7a00ca-390e-4769-865f-dc369586872e/ee3687da-7e25-44bc-a0de-763d5f6448d3/500x500.jpg",
    "productInformation": "Knapriga rötter med aningen söt smak som förstärks när de tillagas. Knapra som snacks, med dipp eller i varm mat. Prova gärna till marmelad!",
    "countryText": "Sverige",
    "companyText": "ICA",
    "ingrediensText": "",
    "storage": "",
    "allergens": "",
    "usage": "",
    "nutrition": [],
    "nutritionUnitText": "",
    "categories": {
      "mainCategory": "Frukt & Grönt",
      "subCategories": [
        {
          "name": "Rotfrukter",
          "subSubCategories": [
            "Morötter"
          ]
        }
      ]
    }
  },
  {
    "name": "Citron ca 200g Klass 1 ICA",
    "weightText": "0.2 kg",
    "caPart": "",
    "weightValue": 0.2,
    "weightUnit": "kg",
    "comparePrice": "34,75 kr/kg",
    "currentPrice": 6.95,
    "attributes": [],
    "imgUrl": "https://handlaprivatkund.ica.se/images-v3/bf7a00ca-390e-4769-865f-dc369586872e/94442776-bb3b-45f6-9317-168b16efcc57/500x500.jpg",
    "productInformation": "Citron passar som smaksättare till bland annat fisk, i såser, dressingar, desserter, glass och bakverk eller lägg några skivor i måltidsvattnet.",
    "countryText": "Spanien",
    "companyText": "ICA",
    "ingrediensText": "",
    "storage": "Lägsta förvaringstemperatur 12°C Högsta förvaringstemperatur 16°C",
    "allergens": "",
    "usage": "",
    "nutrition": [],
    "nutritionUnitText": "",
    "categories": {
      "mainCategory": "Frukt & Grönt",
      "subCategories": [
        {
          "name": "Frukt",
          "subSubCategories": [
            "Citrusfrukt",
            "Citron"
          ]
        }
      ]
    }
  },
  {
    "name": "Gurka ca 320g Klass 1 ICA",
    "weightText": "0.38 kg",
    "caPart": "",
    "weightValue": 0.38,
    "weightUnit": "kg",
    "comparePrice": "34,08 kr/kg",
    "currentPrice": 12.95,
    "attributes": [],
    "imgUrl": "https://handlaprivatkund.ica.se/images-v3/bf7a00ca-390e-4769-865f-dc369586872e/a6c1e795-0800-47b6-b743-70b9e809c614/500x500.jpg",
    "productInformation": "",
    "countryText": "Spanien",
    "companyText": "ICA",
    "ingrediensText": "",
    "storage": "",
    "allergens": "",
    "usage": "",
    "nutrition": [],
    "nutritionUnitText": "",
    "categories": {
      "mainCategory": "Frukt & Grönt",
      "subCategories": [
        {
          "name": "Grönsaker",
          "subSubCategories": [
            "Gurka"
          ]
        }
      ]
    }
  },
  {
    "name": "Äpple Granny Smith ca 190g Klass 1 ICA",
    "weightText": "Ca 190 g",
    "caPart": "Ca",
    "weightValue": 190,
    "weightUnit": "g",
    "comparePrice": "35,95 kr/kg",
    "currentPrice": 6.83,
    "attributes": [],
    "imgUrl": "https://handlaprivatkund.ica.se/images-v3/bf7a00ca-390e-4769-865f-dc369586872e/387b1d7e-b3fa-4152-ba78-2f55c7811ae2/500x500.jpg",
    "productInformation": "Klargrönt äpple med krispigt och fast fruktkött och frisk och syrlig smak. Fruktköttet håller sig fräscht länge och passar bra som t ex råkost.",
    "countryText": "Argentina",
    "companyText": "ICA",
    "ingrediensText": "",
    "storage": "Lägsta förvaringstemperatur 1°C Högsta förvaringstemperatur 4°C",
    "allergens": "",
    "usage": "",
    "nutrition": [],
    "nutritionUnitText": "",
    "categories": {
      "mainCategory": "Frukt & Grönt",
      "subCategories": [
        {
          "name": "Frukt",
          "subSubCategories": [
            "Äpple"
          ]
        }
      ]
    }
  },
  {
    "name": "Tomat kvist röd ca 120g Klass 1 ICA",
    "weightText": "Ca 120 g",
    "caPart": "Ca",
    "weightValue": 120,
    "weightUnit": "g",
    "comparePrice": "29,95 kr/kg",
    "currentPrice": 3.59,
    "attributes": [],
    "imgUrl": "https://handlaprivatkund.ica.se/images-v3/bf7a00ca-390e-4769-865f-dc369586872e/cd873e2e-679e-4b2e-aa52-50e16bacb210/500x500.jpg",
    "productInformation": "Spänstiga tomater med söt tomatsmak året om. Goda i sallader, på smörgås och i grytor och soppor. Även goda att torka!",
    "countryText": "Nederländerna",
    "companyText": "",
    "ingrediensText": "",
    "storage": "Lägsta förvaringstemperatur 12°C Högsta förvaringstemperatur 16°C",
    "allergens": "",
    "usage": "",
    "nutrition": [],
    "nutritionUnitText": "",
    "categories": {
      "mainCategory": "Frukt & Grönt",
      "subCategories": [
        {
          "name": "Grönsaker",
          "subSubCategories": [
            "Tomat"
          ]
        }
      ]
    }
  },
  {
    "name": "Morötter Tvättade ca 100g Klass 1 ICA",
    "weightText": "Ca 100 g",
    "caPart": "Ca",
    "weightValue": 100,
    "weightUnit": "g",
    "comparePrice": "14,95 kr/kg",
    "currentPrice": 1.5,
    "attributes": [
      "Ursprungsland Sverige"
    ],
    "imgUrl": "https://handlaprivatkund.ica.se/images-v3/bf7a00ca-390e-4769-865f-dc369586872e/970584a0-474c-49c6-b323-6ff24b2f6ec1/500x500.jpg",
    "productInformation": "Knapriga rötter med aningen söt smak som förstärks när de tillagas. Knapra som snacks, till dipp eller i varm mat. Fina att riva i köttfärssåsen.",
    "countryText": "Sverige",
    "companyText": "",
    "ingrediensText": "",
    "storage": "Lägsta förvaringstemperatur 1°C Högsta förvaringstemperatur 4°C",
    "allergens": "",
    "usage": "",
    "nutrition": [],
    "nutritionUnitText": "",
    "categories": {
      "mainCategory": "Frukt & Grönt",
      "subCategories": [
        {
          "name": "Rotfrukter",
          "subSubCategories": [
            "Morötter"
          ]
        }
      ]
    }
  },
  {
    "name": "Apelsin Lane late ca 310g Klass 1 ICA",
    "weightText": "Ca 310 g",
    "caPart": "Ca",
    "weightValue": 310,
    "weightUnit": "g",
    "comparePrice": "21,95 kr/kg",
    "currentPrice": 6.8,
    "attributes": [],
    "imgUrl": "https://handlaprivatkund.ica.se/images-v3/bf7a00ca-390e-4769-865f-dc369586872e/0dfdd5ec-643c-42ad-b138-c08ed3fb9028/500x500.jpg",
    "productInformation": "Saftiga och söta med en frisk syrlighet. Färgen på skalet visar inte hur mogen frukten är, en grön apelsin kan vara lika söt som en helorange.",
    "countryText": "Spanien",
    "companyText": "ICA",
    "ingrediensText": "",
    "storage": "",
    "allergens": "",
    "usage": "",
    "nutrition": [],
    "nutritionUnitText": "",
    "categories": {
      "mainCategory": "Frukt & Grönt",
      "subCategories": [
        {
          "name": "Frukt",
          "subSubCategories": [
            "Citrusfrukt",
            "Apelsin"
          ]
        }
      ]
    }
  },
  {
    "name": "Fast potatis 2kg Klass 1 ICA",
    "weightText": "2 kg",
    "caPart": "",
    "weightValue": 2,
    "weightUnit": "kg",
    "comparePrice": "15,98 kr/kg",
    "currentPrice": 31.95,
    "attributes": [
      "Ursprungsland Sverige"
    ],
    "imgUrl": "https://handlaprivatkund.ica.se/images-v3/bf7a00ca-390e-4769-865f-dc369586872e/6889d25b-5ebb-4d95-af33-d425717ea2f0/500x500.jpg",
    "productInformation": "Bra matpotatis som håller ihop fint när den tillagas. Koka, stek, stuva eller använd till ugnsrätter som Janssons frestelse, klyft- och Hasselbackspotatis. Sorter: Belana, Taisiya, Princess, Gala, Queen Anne, Inova, Melody, Solist, Folva, Colomba, Baby Lou och Ivetta.",
    "countryText": "Sverige",
    "companyText": "ICA",
    "ingrediensText": "",
    "storage": "",
    "allergens": "",
    "usage": "",
    "nutrition": [],
    "nutritionUnitText": "",
    "categories": {
      "mainCategory": "Jul",
      "subCategories": [
        {
          "name": "Julmat",
          "subSubCategories": [
            "Sill, Ansjovis & Potatis"
          ]
        }
      ]
    }
  },
  {
    "name": "Röd spetsig paprika 200g Klass 1 ICA",
    "weightText": "0.2 kg",
    "caPart": "",
    "weightValue": 0.2,
    "weightUnit": "kg",
    "comparePrice": "99,75 kr/kg",
    "currentPrice": 19.95,
    "attributes": [],
    "imgUrl": "https://images.ctfassets.net/l3dfc9zfaimi/qZc37LgTPPuZhIUMEbPJx/d4918e773827f51582d837109cfcb604/jul-25-produktdetaljbanner-insamlingen-desktop.jpg",
    "productInformation": "Riktigt krispig, mild och söt paprika som är fin och färgglad att blanda i salladen. Prova också att skära på längden, fylla halvorna och ugnsbaka.",
    "countryText": "Nederländerna",
    "companyText": "ICA",
    "ingrediensText": "",
    "storage": "",
    "allergens": "",
    "usage": "",
    "nutrition": [],
    "nutritionUnitText": "",
    "categories": {
      "mainCategory": "Jul",
      "subCategories": [
        {
          "name": "Julens godaste varor",
          "subSubCategories": []
        }
      ]
    }
  },
  {
    "name": "Druvor Thompson Seedless Gröna kärnfria 500g Klass 1 ICA",
    "weightText": "0.5 kg",
    "caPart": "",
    "weightValue": 0.5,
    "weightUnit": "kg",
    "comparePrice": "67,90 kr/kg",
    "currentPrice": 33.95,
    "attributes": [],
    "imgUrl": "https://handlaprivatkund.ica.se/images-v3/bf7a00ca-390e-4769-865f-dc369586872e/266656f6-2b83-4f0c-a6ec-54b1408305a0/500x500.jpg",
    "productInformation": "",
    "countryText": "Brasilien",
    "companyText": "ICA",
    "ingrediensText": "",
    "storage": "Lägsta förvaringstemperatur 1°C Högsta förvaringstemperatur 4°C",
    "allergens": "",
    "usage": "",
    "nutrition": [],
    "nutritionUnitText": "",
    "categories": {
      "mainCategory": "Frukt & Grönt",
      "subCategories": [
        {
          "name": "Frukt",
          "subSubCategories": [
            "Druvor"
          ]
        }
      ]
    }
  },
  {
    "name": "Röda babyplommontomater 250g Klass 1 ICA",
    "weightText": "0.25 kg",
    "caPart": "",
    "weightValue": 0.25,
    "weightUnit": "kg",
    "comparePrice": "79,80 kr/kg",
    "currentPrice": 19.95,
    "attributes": [],
    "imgUrl": "https://handlaprivatkund.ica.se/images-v3/bf7a00ca-390e-4769-865f-dc369586872e/7c72ec8e-227b-42e3-aef8-ae2326d4487c/500x500.jpg",
    "productInformation": "Babyplommontomat med sötsyrlig och mild smak. Passar till sallader, i varma rätter, att garnera med eller att servera till plockmat med lite dippsås.",
    "countryText": "Marocko",
    "companyText": "ICA",
    "ingrediensText": "",
    "storage": "",
    "allergens": "",
    "usage": "",
    "nutrition": [],
    "nutritionUnitText": "",
    "categories": {
      "mainCategory": "Frukt & Grönt",
      "subCategories": [
        {
          "name": "Grönsaker",
          "subSubCategories": [
            "Tomat"
          ]
        }
      ]
    }
  },
  {
    "name": "Sötpotatis ca 350g Klass 1 ICA",
    "weightText": "Ca 350 g",
    "caPart": "Ca",
    "weightValue": 350,
    "weightUnit": "g",
    "comparePrice": "33,95 kr/kg",
    "currentPrice": 11.88,
    "attributes": [],
    "imgUrl": "https://handlaprivatkund.ica.se/images-v3/bf7a00ca-390e-4769-865f-dc369586872e/79bf64ba-e0ef-4f88-bef8-04702c750a23/500x500.jpg",
    "productInformation": "Rotfrukt med rödaktigt kött som påminner om potatis i konsistensen. Smaken är söt och fyllig. God att ugnsbaka eller blanda i fruktiga grytor.",
    "countryText": "Egypten",
    "companyText": "",
    "ingrediensText": "",
    "storage": "Lägsta förvaringstemperatur 12°C Högsta förvaringstemperatur 16°C",
    "allergens": "",
    "usage": "",
    "nutrition": [],
    "nutritionUnitText": "",
    "categories": {
      "mainCategory": "Frukt & Grönt",
      "subCategories": [
        {
          "name": "Potatis",
          "subSubCategories": [
            "Sötpotatis"
          ]
        }
      ]
    }
  },
  {
    "name": "Vitlök Morado ca 75g Klass 1 ICA",
    "weightText": "0.07 kg",
    "caPart": "",
    "weightValue": 0.07,
    "weightUnit": "kg",
    "comparePrice": "185,00 kr/kg",
    "currentPrice": 12.95,
    "attributes": [],
    "imgUrl": "https://handlaprivatkund.ica.se/images-v3/bf7a00ca-390e-4769-865f-dc369586872e/0647ad9b-1763-47c1-b654-9e5959dd7e78/500x500.jpg",
    "productInformation": "Vitlök Morado kan vara en smaksättare i många olika maträtter. Hela klyftor passar att ugnsbaka, gärna tillsammans med rotsaker eller en stek.",
    "countryText": "Spanien",
    "companyText": "ICA",
    "ingrediensText": "",
    "storage": "",
    "allergens": "",
    "usage": "",
    "nutrition": [],
    "nutritionUnitText": "",
    "categories": {
      "mainCategory": "Frukt & Grönt",
      "subCategories": [
        {
          "name": "Lök",
          "subSubCategories": [
            "Vitlök"
          ]
        }
      ]
    }
  },
  {
    "name": "Äpple Ingrid Marie ca 190g Klass 1 ICA",
    "weightText": "Ca 190 g",
    "caPart": "Ca",
    "weightValue": 190,
    "weightUnit": "g",
    "comparePrice": "27,95 kr/kg",
    "currentPrice": 5.31,
    "attributes": [
      "Ursprungsland Sverige"
    ],
    "imgUrl": "https://handlaprivatkund.ica.se/images-v3/bf7a00ca-390e-4769-865f-dc369586872e/d02da860-ecc3-4d13-8c52-52dc1e0d97f6/500x500.jpg",
    "productInformation": "Ett smakfullt och krispigt äpple med frisk och lätt syrlig smak samt viss kryddighet. Ett bra äpple att äta som det är eller koka mos och kompott på.",
    "countryText": "Sverige",
    "companyText": "ICA",
    "ingrediensText": "",
    "storage": "Lägsta förvaringstemperatur 1°C Högsta förvaringstemperatur 4°C",
    "allergens": "",
    "usage": "",
    "nutrition": [],
    "nutritionUnitText": "",
    "categories": {
      "mainCategory": "Frukt & Grönt",
      "subCategories": [
        {
          "name": "Frukt",
          "subSubCategories": [
            "Äpple"
          ]
        }
      ]
    }
  },
  {
    "name": "Äpple Royal Gala ca 220g Klass 1 ICA",
    "weightText": "Ca 220 g",
    "caPart": "Ca",
    "weightValue": 220,
    "weightUnit": "g",
    "comparePrice": "25,95 kr/kg",
    "currentPrice": 5.71,
    "attributes": [],
    "imgUrl": "https://handlaprivatkund.ica.se/images-v3/bf7a00ca-390e-4769-865f-dc369586872e/367e6501-fd91-4372-bd22-fdb24668b4e9/500x500.jpg",
    "productInformation": "Ett av de populäraste äpplena, med söt och frisk smak som påminner lätt om melon. Krispigt och fast. Gott i allt från sallad till kakor och varm mat.",
    "countryText": "Italien",
    "companyText": "ICA",
    "ingrediensText": "",
    "storage": "Lägsta förvaringstemperatur 1°C Högsta förvaringstemperatur 4°C",
    "allergens": "",
    "usage": "",
    "nutrition": [],
    "nutritionUnitText": "",
    "categories": {
      "mainCategory": "Frukt & Grönt",
      "subCategories": [
        {
          "name": "Frukt",
          "subSubCategories": [
            "Äpple"
          ]
        }
      ]
    }
  },
  {
    "name": "Gul lök 1kg Klass 1 ICA",
    "weightText": "1 kg",
    "caPart": "",
    "weightValue": 1,
    "weightUnit": "kg",
    "comparePrice": "9,95 kr/kg",
    "currentPrice": 9.95,
    "attributes": [
      "Ursprungsland Sverige"
    ],
    "imgUrl": "https://handlaprivatkund.ica.se/images-v3/bf7a00ca-390e-4769-865f-dc369586872e/a646041e-588b-4e87-bb4c-56cf7a77cbe8/500x500.jpg",
    "productInformation": "Gul lök passar i både varm och kall matlagning. Lägg den skurna löken i kallt vatten innan användning, så blir den snällare.",
    "countryText": "Sverige",
    "companyText": "ICA",
    "ingrediensText": "",
    "storage": "",
    "allergens": "",
    "usage": "",
    "nutrition": [],
    "nutritionUnitText": "",
    "categories": {
      "mainCategory": "Frukt & Grönt",
      "subCategories": [
        {
          "name": "Lök",
          "subSubCategories": [
            "Gul lök"
          ]
        }
      ]
    }
  },
  {
    "name": "Delikatesspotatis Sköljd 900g Klass 1 ICA",
    "weightText": "0.9 kg",
    "caPart": "",
    "weightValue": 0.9,
    "weightUnit": "kg",
    "comparePrice": "25,50 kr/kg",
    "currentPrice": 22.95,
    "attributes": [
      "Ursprungsland Sverige"
    ],
    "imgUrl": "https://handlaprivatkund.ica.se/images-v3/bf7a00ca-390e-4769-865f-dc369586872e/8632df5d-70a6-4426-a617-027a84d9a2f3/500x500.jpg",
    "productInformation": "Små, tvättade potatisar. Sorterna kan variera under året. Passar att koka, ugnsrosta, steka eller ha i sallader. Tillaga gärna med skalet på.",
    "countryText": "Sverige",
    "companyText": "ICA",
    "ingrediensText": "",
    "storage": "Lägsta förvaringstemperatur 1°C Högsta förvaringstemperatur 4°C",
    "allergens": "",
    "usage": "",
    "nutrition": [],
    "nutritionUnitText": "",
    "categories": {
      "mainCategory": "Frukt & Grönt",
      "subCategories": [
        {
          "name": "Potatis",
          "subSubCategories": [
            "Delikatesspotatis"
          ]
        }
      ]
    }
  },
  {
    "name": "Purjolök ca 330g Klass 1 ICA",
    "weightText": "Ca 330 g",
    "caPart": "Ca",
    "weightValue": 330,
    "weightUnit": "g",
    "comparePrice": "27,95 kr/kg",
    "currentPrice": 9.22,
    "attributes": [
      "Ursprungsland Sverige"
    ],
    "imgUrl": "https://handlaprivatkund.ica.se/images-v3/bf7a00ca-390e-4769-865f-dc369586872e/22560594-6cec-44fa-9120-b435f3bd7144/500x500.jpg",
    "productInformation": "Mild och god smak som blir kraftigare på den gröna delen av löken. Hela purjolöken kan användas. God i sallad, soppor och grytor.",
    "countryText": "Sverige",
    "companyText": "ICA",
    "ingrediensText": "",
    "storage": "",
    "allergens": "",
    "usage": "",
    "nutrition": [],
    "nutritionUnitText": "",
    "categories": {
      "mainCategory": "Frukt & Grönt",
      "subCategories": [
        {
          "name": "Lök",
          "subSubCategories": [
            "Purjolök"
          ]
        }
      ]
    }
  },
  {
    "name": "Druvor Crimson Röda kärnfria 500g Klass 1 ICA",
    "weightText": "0.5 kg",
    "caPart": "",
    "weightValue": 0.5,
    "weightUnit": "kg",
    "comparePrice": "71,90 kr/kg",
    "currentPrice": 35.95,
    "attributes": [],
    "imgUrl": "https://handlaprivatkund.ica.se/images-v3/bf7a00ca-390e-4769-865f-dc369586872e/b5c52ac2-9a67-44f1-8e8a-3bb1735ab8f7/500x500.jpg",
    "productInformation": "ICA Kärnfria Röda Druvor har en söt och lite kryddig smak. Ät dem naturella, i fruktsallad, desserter, till bakverk och på ostbrickan.",
    "countryText": "Spanien",
    "companyText": "ICA",
    "ingrediensText": "",
    "storage": "Lägsta förvaringstemperatur 1°C Högsta förvaringstemperatur 4°C",
    "allergens": "",
    "usage": "",
    "nutrition": [],
    "nutritionUnitText": "",
    "categories": {
      "mainCategory": "Frukt & Grönt",
      "subCategories": [
        {
          "name": "Frukt",
          "subSubCategories": [
            "Druvor"
          ]
        }
      ]
    }
  },
  {
    "name": "Paprika Gul ca 180g Klass 1 ICA",
    "weightText": "Ca 180 g",
    "caPart": "Ca",
    "weightValue": 180,
    "weightUnit": "g",
    "comparePrice": "46,95 kr/kg",
    "currentPrice": 8.45,
    "attributes": [],
    "imgUrl": "https://handlaprivatkund.ica.se/images-v3/bf7a00ca-390e-4769-865f-dc369586872e/1439859e-a140-4472-a46d-e1b3c5743930/500x500.jpg",
    "productInformation": "Krispig, gul paprika med fin sötma. Prova att rosta i ugnen, grilla eller fylla med t ex köttfärs och gratinera. En färgklick i salladsskålen!",
    "countryText": "Nederländerna",
    "companyText": "ICA",
    "ingrediensText": "",
    "storage": "",
    "allergens": "",
    "usage": "",
    "nutrition": [],
    "nutritionUnitText": "",
    "categories": {
      "mainCategory": "Frukt & Grönt",
      "subCategories": [
        {
          "name": "Grönsaker",
          "subSubCategories": [
            "Paprika"
          ]
        }
      ]
    }
  },
  {
    "name": "Äpple Royal Gala ekologiskt ca 160g Klass 1 ICA I love eco",
    "weightText": "Ca 160 g",
    "caPart": "Ca",
    "weightValue": 160,
    "weightUnit": "g",
    "comparePrice": "39,95 kr/kg",
    "currentPrice": 6.39,
    "attributes": [
      "EU Ekologiskt",
      "Ekologiskt"
    ],
    "imgUrl": "https://handlaprivatkund.ica.se/images-v3/bf7a00ca-390e-4769-865f-dc369586872e/bf98c746-2d60-4449-b0f9-32eeb8f1926c/500x500.jpg",
    "productInformation": "",
    "countryText": "Italien",
    "companyText": "ICA I love eco",
    "ingrediensText": "",
    "storage": "Lägsta förvaringstemperatur 1°C Högsta förvaringstemperatur 4°C",
    "allergens": "",
    "usage": "",
    "nutrition": [],
    "nutritionUnitText": "",
    "categories": {
      "mainCategory": "Frukt & Grönt",
      "subCategories": [
        {
          "name": "Frukt",
          "subSubCategories": [
            "Äpple"
          ]
        }
      ]
    }
  },
  {
    "name": "Finbladig babyspenat Sköljd 65g ICA",
    "weightText": "0.065 kg",
    "caPart": "",
    "weightValue": 0.065,
    "weightUnit": "kg",
    "comparePrice": "291,54 kr/kg",
    "currentPrice": 18.95,
    "attributes": [],
    "imgUrl": "https://handlaprivatkund.ica.se/images-v3/bf7a00ca-390e-4769-865f-dc369586872e/b2bd697d-0419-493f-b878-6ec21ff53a3b/500x500.jpg",
    "productInformation": "",
    "countryText": "Italien",
    "companyText": "ICA",
    "ingrediensText": "",
    "storage": "Lägsta förvaringstemperatur 1°C Högsta förvaringstemperatur 4°C",
    "allergens": "",
    "usage": "",
    "nutrition": [],
    "nutritionUnitText": "Näringsvärde per styck",
    "categories": {
      "mainCategory": "Frukt & Grönt",
      "subCategories": [
        {
          "name": "Grönsaker",
          "subSubCategories": [
            "Sallad",
            "Spenat"
          ]
        }
      ]
    }
  },
  {
    "name": "Citron eko ca 100g Klass 1 ICA",
    "weightText": "0.1 kg",
    "caPart": "",
    "weightValue": 0.1,
    "weightUnit": "kg",
    "comparePrice": "89,50 kr/kg",
    "currentPrice": 8.95,
    "attributes": [
      "EU Ekologiskt",
      "Ekologiskt"
    ],
    "imgUrl": "https://handlaprivatkund.ica.se/images-v3/bf7a00ca-390e-4769-865f-dc369586872e/109c68d3-9385-4bd3-be40-3f4dc970b860/500x500.jpg",
    "productInformation": "Sort Primofiori",
    "countryText": "Italien",
    "companyText": "ICA I love eco",
    "ingrediensText": "",
    "storage": "",
    "allergens": "",
    "usage": "",
    "nutrition": [],
    "nutritionUnitText": "",
    "categories": {
      "mainCategory": "Frukt & Grönt",
      "subCategories": [
        {
          "name": "Frukt",
          "subSubCategories": [
            "Citrusfrukt",
            "Citron"
          ]
        }
      ]
    }
  },
  {
    "name": "Färgmixade småtomater 350g Klass 1 ICA",
    "weightText": "0.35 kg",
    "caPart": "",
    "weightValue": 0.35,
    "weightUnit": "kg",
    "comparePrice": "111,29 kr/kg",
    "currentPrice": 38.95,
    "attributes": [],
    "imgUrl": "https://handlaprivatkund.ica.se/images-v3/bf7a00ca-390e-4769-865f-dc369586872e/1222abfc-64c1-412d-aa5c-766418a4b317/500x500.jpg",
    "productInformation": "",
    "countryText": "Marocko",
    "companyText": "ICA",
    "ingrediensText": "",
    "storage": "",
    "allergens": "",
    "usage": "",
    "nutrition": [],
    "nutritionUnitText": "",
    "categories": {
      "mainCategory": "Frukt & Grönt",
      "subCategories": [
        {
          "name": "Grönsaker",
          "subSubCategories": [
            "Tomat"
          ]
        }
      ]
    }
  },
  {
    "name": "Romanticatomater 300g Klass 1 ICA",
    "weightText": "0.3 kg",
    "caPart": "",
    "weightValue": 0.3,
    "weightUnit": "kg",
    "comparePrice": "119,83 kr/kg",
    "currentPrice": 35.95,
    "attributes": [],
    "imgUrl": "https://handlaprivatkund.ica.se/images-v3/bf7a00ca-390e-4769-865f-dc369586872e/903782a2-d76b-4301-88c7-0d862796657d/500x500.jpg",
    "productInformation": "",
    "countryText": "Nederländerna",
    "companyText": "ICA",
    "ingrediensText": "",
    "storage": "Lägsta förvaringstemperatur 12°C Högsta förvaringstemperatur 16°C",
    "allergens": "",
    "usage": "",
    "nutrition": [],
    "nutritionUnitText": "",
    "categories": {
      "mainCategory": "Frukt & Grönt",
      "subCategories": [
        {
          "name": "Grönsaker",
          "subSubCategories": [
            "Tomat"
          ]
        }
      ]
    }
  },
  {
    "name": "Gul lök 500g Klass 1 ICA",
    "weightText": "0.5 kg",
    "caPart": "",
    "weightValue": 0.5,
    "weightUnit": "kg",
    "comparePrice": "29,90 kr/kg",
    "currentPrice": 14.95,
    "attributes": [
      "Ursprungsland Sverige"
    ],
    "imgUrl": "https://handlaprivatkund.ica.se/images-v3/bf7a00ca-390e-4769-865f-dc369586872e/7a152ab0-edad-4371-810f-e5f4169c9098/500x500.jpg",
    "productInformation": "Lökklassikern med skarp smak, som blir sötare och mildare när den tillagas. Passar till det mesta, från tacotillbehör till krydda i såser och grytor.",
    "countryText": "Sverige",
    "companyText": "ICA",
    "ingrediensText": "",
    "storage": "",
    "allergens": "",
    "usage": "",
    "nutrition": [],
    "nutritionUnitText": "",
    "categories": {
      "mainCategory": "Frukt & Grönt",
      "subCategories": [
        {
          "name": "Lök",
          "subSubCategories": [
            "Gul lök"
          ]
        }
      ]
    }
  },
  {
    "name": "Svenska Päron ca 140g Klass 1 ICA",
    "weightText": "Ca 140 g",
    "caPart": "Ca",
    "weightValue": 140,
    "weightUnit": "g",
    "comparePrice": "29,95 kr/kg",
    "currentPrice": 4.19,
    "attributes": [
      "Ursprungsland Sverige"
    ],
    "imgUrl": "https://handlaprivatkund.ica.se/images-v3/bf7a00ca-390e-4769-865f-dc369586872e/f9a49807-9450-4c04-b57b-f0c4427395e5/500x500.jpg",
    "productInformation": "",
    "countryText": "Sverige",
    "companyText": "ICA",
    "ingrediensText": "",
    "storage": "Lägsta förvaringstemperatur 1°C Högsta förvaringstemperatur 4°C",
    "allergens": "",
    "usage": "",
    "nutrition": [],
    "nutritionUnitText": "",
    "categories": {
      "mainCategory": "Frukt & Grönt",
      "subCategories": [
        {
          "name": "Frukt",
          "subSubCategories": [
            "Päron"
          ]
        }
      ]
    }
  },
  {
    "name": "Tvättade morötter 1kg Klass 1 ICA",
    "weightText": "1 kg",
    "caPart": "",
    "weightValue": 1,
    "weightUnit": "kg",
    "comparePrice": "12,95 kr/kg",
    "currentPrice": 12.95,
    "attributes": [
      "Ursprungsland Sverige"
    ],
    "imgUrl": "https://handlaprivatkund.ica.se/images-v3/bf7a00ca-390e-4769-865f-dc369586872e/930c424d-c15b-478d-a12d-b87139eb3c78/500x500.jpg",
    "productInformation": "Knapriga, söta rötter vars sötma förstärks vid tillagning. Goda att dippa eller knapra på som de är. Prova gärna i mat, marmelader och bakverk.",
    "countryText": "Sverige",
    "companyText": "ICA",
    "ingrediensText": "",
    "storage": "",
    "allergens": "",
    "usage": "",
    "nutrition": [],
    "nutritionUnitText": "",
    "categories": {
      "mainCategory": "Frukt & Grönt",
      "subCategories": [
        {
          "name": "Rotfrukter",
          "subSubCategories": [
            "Morötter"
          ]
        }
      ]
    }
  },
  {
    "name": "Ätmogen Avokado 3-pack Klass 1 ICA",
    "weightText": "0.33 kg",
    "caPart": "",
    "weightValue": 0.33,
    "weightUnit": "kg",
    "comparePrice": "105,91 kr/kg",
    "currentPrice": 34.95,
    "attributes": [],
    "imgUrl": "https://handlaprivatkund.ica.se/images-v3/bf7a00ca-390e-4769-865f-dc369586872e/ab838e66-373a-489f-acb3-f1fb06810f04/500x500.jpg",
    "productInformation": "ICAs egna ätmogna avokado i 3-pack har med hjälp av ny teknik en bättre och jämnare mognad. Även om skalet är lite grönare och hårdare än vanligt. Lägg gärna avokadon i kylen när du kommer hem, då får du en ännu bättre hållbarhet.",
    "countryText": "Chile",
    "companyText": "ICA",
    "ingrediensText": "",
    "storage": "Lägsta förvaringstemperatur 1°C Högsta förvaringstemperatur 4°C",
    "allergens": "",
    "usage": "",
    "nutrition": [],
    "nutritionUnitText": "",
    "categories": {
      "mainCategory": "Frukt & Grönt",
      "subCategories": [
        {
          "name": "Frukt",
          "subSubCategories": [
            "Avokado"
          ]
        }
      ]
    }
  },
  {
    "name": "Avokado ca 180g Klass 1 ICA",
    "weightText": "0.18 kg",
    "caPart": "",
    "weightValue": 0.18,
    "weightUnit": "kg",
    "comparePrice": "60,83 kr/kg",
    "currentPrice": 10.95,
    "attributes": [],
    "imgUrl": "https://handlaprivatkund.ica.se/images-v3/bf7a00ca-390e-4769-865f-dc369586872e/14c9b2ab-d4fb-4a7e-978b-5cd2f844f441/500x500.jpg",
    "productInformation": "En mogen avokado har mjukt, krämigt fruktkött med mild och lite nötaktig smak. Passar på mackan, till räkor och i guacamole till tacos.",
    "countryText": "Colombia",
    "companyText": "",
    "ingrediensText": "",
    "storage": "Lägsta förvaringstemperatur 1°C Högsta förvaringstemperatur 4°C",
    "allergens": "",
    "usage": "",
    "nutrition": [],
    "nutritionUnitText": "",
    "categories": {
      "mainCategory": "Frukt & Grönt",
      "subCategories": [
        {
          "name": "Frukt",
          "subSubCategories": [
            "Avokado"
          ]
        }
      ]
    }
  },
  {
    "name": "Kastanjechampinjon ca 15g Klass 1 ICA",
    "weightText": "Ca 15 g",
    "caPart": "Ca",
    "weightValue": 15,
    "weightUnit": "g",
    "comparePrice": "119,00 kr/kg",
    "currentPrice": 1.79,
    "attributes": [
      "Ursprungsland Sverige"
    ],
    "imgUrl": "https://handlaprivatkund.ica.se/images-v3/bf7a00ca-390e-4769-865f-dc369586872e/73dddbba-9531-4c73-bebd-853e27ecb248/500x500.jpg",
    "productInformation": "Fast svamp med mild och fyllig smak. Även känd som skogschampinjon. Prova i svamprisotto med parmesan och rosmarin eller som tillbehör till biff.",
    "countryText": "Sverige",
    "companyText": "",
    "ingrediensText": "",
    "storage": "Lägsta förvaringstemperatur 1°C Högsta förvaringstemperatur 4°C",
    "allergens": "",
    "usage": "",
    "nutrition": [],
    "nutritionUnitText": "",
    "categories": {
      "mainCategory": "Frukt & Grönt",
      "subCategories": [
        {
          "name": "Svamp",
          "subSubCategories": [
            "Champinjoner"
          ]
        }
      ]
    }
  },
  {
    "name": "Spenat i storpack Sköljd 200g ICA",
    "weightText": "0.2 kg",
    "caPart": "",
    "weightValue": 0.2,
    "weightUnit": "kg",
    "comparePrice": "99,75 kr/kg",
    "currentPrice": 19.95,
    "attributes": [],
    "imgUrl": "https://handlaprivatkund.ica.se/images-v3/bf7a00ca-390e-4769-865f-dc369586872e/85ffe9ce-a214-40e5-8923-4b71eb5a8ed4/500x500.jpg",
    "productInformation": "Spenat storpack med spröda blad och mild, nötig smak. Passar som de är i en sallad, frästa med smör och vitlök till pasta, till wok eller en omelett.",
    "countryText": "EU",
    "companyText": "ICA",
    "ingrediensText": "",
    "storage": "",
    "allergens": "",
    "usage": "",
    "nutrition": [],
    "nutritionUnitText": "Näringsvärde per styck",
    "categories": {
      "mainCategory": "Frukt & Grönt",
      "subCategories": [
        {
          "name": "Grönsaker",
          "subSubCategories": [
            "Sallad",
            "Spenat"
          ]
        }
      ]
    }
  },
  {
    "name": "Avokado i nät 700g Klass 1 ICA",
    "weightText": "0.7 kg",
    "caPart": "",
    "weightValue": 0.7,
    "weightUnit": "kg",
    "comparePrice": "52,79 kr/kg",
    "currentPrice": 36.95,
    "attributes": [],
    "imgUrl": "https://handlaprivatkund.ica.se/images-v3/bf7a00ca-390e-4769-865f-dc369586872e/3e9c60eb-4899-4ee1-97de-7a80c3da146a/500x500.jpg",
    "productInformation": "",
    "countryText": "Colombia",
    "companyText": "ICA",
    "ingrediensText": "",
    "storage": "Lägsta förvaringstemperatur 12°C Högsta förvaringstemperatur 16°C",
    "allergens": "",
    "usage": "",
    "nutrition": [],
    "nutritionUnitText": "",
    "categories": {
      "mainCategory": "Frukt & Grönt",
      "subCategories": [
        {
          "name": "Frukt",
          "subSubCategories": [
            "Avokado"
          ]
        }
      ]
    }
  },
  {
    "name": "Passionsfrukt ca 50g Klass 1 ICA",
    "weightText": "0.05 kg",
    "caPart": "",
    "weightValue": 0.05,
    "weightUnit": "kg",
    "comparePrice": "199,00 kr/kg",
    "currentPrice": 9.95,
    "attributes": [],
    "imgUrl": "https://handlaprivatkund.ica.se/images-v3/bf7a00ca-390e-4769-865f-dc369586872e/75771335-a2ee-4d17-b134-d54487969c14/500x500.jpg",
    "productInformation": "",
    "countryText": "Colombia",
    "companyText": "",
    "ingrediensText": "",
    "storage": "Lägsta förvaringstemperatur 12°C Högsta förvaringstemperatur 16°C",
    "allergens": "",
    "usage": "",
    "nutrition": [],
    "nutritionUnitText": "",
    "categories": {
      "mainCategory": "Frukt & Grönt",
      "subCategories": [
        {
          "name": "Frukt",
          "subSubCategories": [
            "Exotisk frukt",
            "Passionsfrukt"
          ]
        }
      ]
    }
  },
  {
    "name": "Fast potatis 1,2kg Klass 1 ICA",
    "weightText": "1.2 kg",
    "caPart": "",
    "weightValue": 1.2,
    "weightUnit": "kg",
    "comparePrice": "18,29 kr/kg",
    "currentPrice": 21.95,
    "attributes": [],
    "imgUrl": "https://handlaprivatkund.ica.se/images-v3/bf7a00ca-390e-4769-865f-dc369586872e/2e40ac73-2765-4956-b113-b872c0824f7c/500x500.jpg",
    "productInformation": "Sorter: Belana, Taisiya, Princess, Gala, Queen Anne, Inova, Melody, Solist, Folva, Colomba, Baby Lou och Ivetta.",
    "countryText": "Tyskland",
    "companyText": "ICA",
    "ingrediensText": "",
    "storage": "",
    "allergens": "",
    "usage": "",
    "nutrition": [],
    "nutritionUnitText": "",
    "categories": {
      "mainCategory": "Frukt & Grönt",
      "subCategories": [
        {
          "name": "Potatis",
          "subSubCategories": [
            "Fast potatis"
          ]
        }
      ]
    }
  },
  {
    "name": "Päron Conference Merpack 1kg ICA Klass 2",
    "weightText": "1 kg",
    "caPart": "",
    "weightValue": 1,
    "weightUnit": "kg",
    "comparePrice": "17,95 kr/kg",
    "currentPrice": 17.95,
    "attributes": [],
    "imgUrl": "https://handlaprivatkund.ica.se/images-v3/bf7a00ca-390e-4769-865f-dc369586872e/6ed2df30-1fc7-4ffe-b6b0-311b3337a41b/500x500.jpg",
    "productInformation": "",
    "countryText": "Belgien",
    "companyText": "ICA",
    "ingrediensText": "",
    "storage": "Lägsta förvaringstemperatur 1°C Högsta förvaringstemperatur 4°C",
    "allergens": "",
    "usage": "",
    "nutrition": [],
    "nutritionUnitText": "",
    "categories": {
      "mainCategory": "Frukt & Grönt",
      "subCategories": [
        {
          "name": "Frukt",
          "subSubCategories": [
            "Päron"
          ]
        }
      ]
    }
  },
  {
    "name": "Zucchini styck ca 350g Klass 1",
    "weightText": "0.35 kg",
    "caPart": "",
    "weightValue": 0.35,
    "weightUnit": "kg",
    "comparePrice": "31,29 kr/kg",
    "currentPrice": 10.95,
    "attributes": [],
    "imgUrl": "https://handlaprivatkund.ica.se/images-v3/bf7a00ca-390e-4769-865f-dc369586872e/194084d1-cd6f-4e74-885a-da1727f4fb06/500x500.jpg",
    "productInformation": "",
    "countryText": "Spanien",
    "companyText": "",
    "ingrediensText": "",
    "storage": "Lägsta förvaringstemperatur 12°C Högsta förvaringstemperatur 16°C",
    "allergens": "",
    "usage": "",
    "nutrition": [],
    "nutritionUnitText": "",
    "categories": {
      "mainCategory": "Frukt & Grönt",
      "subCategories": [
        {
          "name": "Grönsaker",
          "subSubCategories": [
            "Zucchini"
          ]
        }
      ]
    }
  },
  {
    "name": "Palsternacka ca 140g Klass 1 ICA",
    "weightText": "Ca 140 g",
    "caPart": "Ca",
    "weightValue": 140,
    "weightUnit": "g",
    "comparePrice": "25,95 kr/kg",
    "currentPrice": 3.63,
    "attributes": [
      "Ursprungsland Sverige"
    ],
    "imgUrl": "https://handlaprivatkund.ica.se/images-v3/bf7a00ca-390e-4769-865f-dc369586872e/bbe57122-d62f-4fd5-aa53-b9c5da869118/500x500.jpg",
    "productInformation": "Kryddig och lite söt rot som är fin som krydda i soppor och grytor, eller att ugnsrosta med andra rotfrukter. Förvara helst i kylen utan plastpåse.",
    "countryText": "Sverige",
    "companyText": "",
    "ingrediensText": "",
    "storage": "Lägsta förvaringstemperatur 1°C Högsta förvaringstemperatur 4°C",
    "allergens": "",
    "usage": "",
    "nutrition": [],
    "nutritionUnitText": "",
    "categories": {
      "mainCategory": "Frukt & Grönt",
      "subCategories": [
        {
          "name": "Rotfrukter",
          "subSubCategories": [
            "Palsternacka"
          ]
        }
      ]
    }
  },
  {
    "name": "Finbladig rucola Sköljd 65g ICA",
    "weightText": "0.065 kg",
    "caPart": "",
    "weightValue": 0.065,
    "weightUnit": "kg",
    "comparePrice": "291,54 kr/kg",
    "currentPrice": 18.95,
    "attributes": [],
    "imgUrl": "https://handlaprivatkund.ica.se/images-v3/bf7a00ca-390e-4769-865f-dc369586872e/f043050a-746e-467e-9d7d-fb16b71c4715/500x500.jpg",
    "productInformation": "Finbladig sallat med pepprig ton. Perfekt som smaksättare i salladsblandningar och till alla slags tomater. Speciellt passande till medelhavsmat.",
    "countryText": "Italien",
    "companyText": "ICA",
    "ingrediensText": "",
    "storage": "",
    "allergens": "",
    "usage": "",
    "nutrition": [],
    "nutritionUnitText": "Näringsvärde per styck",
    "categories": {
      "mainCategory": "Frukt & Grönt",
      "subCategories": [
        {
          "name": "Grönsaker",
          "subSubCategories": [
            "Sallad",
            "Rucola"
          ]
        }
      ]
    }
  },
  {
    "name": "Äpple Jazz ca 230g Klass 1 ICA Selection",
    "weightText": "Ca 230 g",
    "caPart": "Ca",
    "weightValue": 230,
    "weightUnit": "g",
    "comparePrice": "46,95 kr/kg",
    "currentPrice": 10.8,
    "attributes": [],
    "imgUrl": "https://handlaprivatkund.ica.se/images-v3/bf7a00ca-390e-4769-865f-dc369586872e/92796d23-9251-4d24-b73a-da25bb052872/500x500.jpg",
    "productInformation": "",
    "countryText": "Italien",
    "companyText": "ICA Selection",
    "ingrediensText": "",
    "storage": "Lägsta förvaringstemperatur 1°C Högsta förvaringstemperatur 4°C",
    "allergens": "",
    "usage": "",
    "nutrition": [],
    "nutritionUnitText": "",
    "categories": {
      "mainCategory": "Frukt & Grönt",
      "subCategories": [
        {
          "name": "Frukt",
          "subSubCategories": [
            "Äpple"
          ]
        }
      ]
    }
  },
  {
    "name": "Paprikamix 400g Klass 1 ICA",
    "weightText": "0.4 kg",
    "caPart": "",
    "weightValue": 0.4,
    "weightUnit": "kg",
    "comparePrice": "74,88 kr/kg",
    "currentPrice": 29.95,
    "attributes": [],
    "imgUrl": "https://handlaprivatkund.ica.se/images-v3/bf7a00ca-390e-4769-865f-dc369586872e/03878fdf-5443-4138-adb6-77466aaccc85/500x500.jpg",
    "productInformation": "ICAs merpack paprikamix är en blandning av röda, gula, orange och gröna paprikor, färg kan variera lite över säsongen",
    "countryText": "Spanien",
    "companyText": "ICA",
    "ingrediensText": "",
    "storage": "",
    "allergens": "",
    "usage": "",
    "nutrition": [],
    "nutritionUnitText": "",
    "categories": {
      "mainCategory": "Frukt & Grönt",
      "subCategories": [
        {
          "name": "Grönsaker",
          "subSubCategories": [
            "Paprika"
          ]
        }
      ]
    }
  },
  {
    "name": "Kvisttomater Piccolini 200g Klass 1 ICA",
    "weightText": "0.2 kg",
    "caPart": "",
    "weightValue": 0.2,
    "weightUnit": "kg",
    "comparePrice": "174,75 kr/kg",
    "currentPrice": 34.95,
    "attributes": [],
    "imgUrl": "https://handlaprivatkund.ica.se/images-v3/bf7a00ca-390e-4769-865f-dc369586872e/250b7e32-5efd-454b-9de9-7740f311dc97/500x500.jpg",
    "productInformation": "Liten, rund och röd tomat som ser ut som en körsbärstomat, men har sötare och mer intensiv smak. Ät som godis, i sallad eller baka i ugn.",
    "countryText": "Nederländerna",
    "companyText": "ICA Selection",
    "ingrediensText": "",
    "storage": "",
    "allergens": "",
    "usage": "",
    "nutrition": [],
    "nutritionUnitText": "",
    "categories": {
      "mainCategory": "Frukt & Grönt",
      "subCategories": [
        {
          "name": "Grönsaker",
          "subSubCategories": [
            "Tomat"
          ]
        }
      ]
    }
  },
  {
    "name": "Hallon 125g Klass 1 ICA",
    "weightText": "0.125 kg",
    "caPart": "",
    "weightValue": 0.125,
    "weightUnit": "kg",
    "comparePrice": "279,60 kr/kg",
    "currentPrice": 34.95,
    "attributes": [],
    "imgUrl": "https://handlaprivatkund.ica.se/images-v3/bf7a00ca-390e-4769-865f-dc369586872e/5bb63a1e-77fa-45a2-bc8c-37f81420289b/500x500.jpg",
    "productInformation": "",
    "countryText": "Spanien",
    "companyText": "ICA",
    "ingrediensText": "",
    "storage": "Lägsta förvaringstemperatur 1°C Högsta förvaringstemperatur 4°C",
    "allergens": "",
    "usage": "",
    "nutrition": [],
    "nutritionUnitText": "",
    "categories": {
      "mainCategory": "Frukt & Grönt",
      "subCategories": [
        {
          "name": "Färska bär",
          "subSubCategories": [
            "Hallon"
          ]
        }
      ]
    }
  },
  {
    "name": "Blåbär 125g klass 1 Rosa bandet ICA",
    "weightText": "0.125 kg",
    "caPart": "",
    "weightValue": 0.125,
    "weightUnit": "kg",
    "comparePrice": "239,60 kr/kg",
    "currentPrice": 29.95,
    "attributes": [],
    "imgUrl": "https://handlaprivatkund.ica.se/images-v3/bf7a00ca-390e-4769-865f-dc369586872e/55486ff1-c7f7-4e14-b056-36a8c3a2a10f/500x500.jpg",
    "productInformation": "Blåbär smakar gott och gör gott. Både färgen och storleken kan variera beroende på sort men den goda smaken har dom gemensamt. Söta och krispiga och fyllda av fibrer, vitaminer och mineraler. Denna produkt ingår i Rosa bandet och därav går 1,50 kr per förpackning till cancerfonden. ”",
    "countryText": "Spanien",
    "companyText": "ICA",
    "ingrediensText": "",
    "storage": "",
    "allergens": "",
    "usage": "",
    "nutrition": [],
    "nutritionUnitText": "",
    "categories": {
      "mainCategory": "Frukt & Grönt",
      "subCategories": [
        {
          "name": "Färska bär",
          "subSubCategories": [
            "Blåbär"
          ]
        }
      ]
    }
  },
  {
    "name": "Mjölig tvättad potatis 2kg Klass 1 ICA",
    "weightText": "2 kg",
    "caPart": "",
    "weightValue": 2,
    "weightUnit": "kg",
    "comparePrice": "15,98 kr/kg",
    "currentPrice": 31.95,
    "attributes": [
      "Ursprungsland Sverige"
    ],
    "imgUrl": "https://handlaprivatkund.ica.se/images-v3/bf7a00ca-390e-4769-865f-dc369586872e/f6ba7278-9c38-43cf-b703-86a83372d914/500x500.jpg",
    "productInformation": "Perfekt mospotatis som lätt kokar sönder. Tillaga varsamt och använd även i gratänger, att pressa och i soppa. Skala potatisen för bästa resultat.Sorter: King Edward, Gala, Queen Anne, Inova, Folva, Challenger, Rock, Helmi, Perline, Melody och Belana.",
    "countryText": "Sverige",
    "companyText": "ICA",
    "ingrediensText": "",
    "storage": "",
    "allergens": "",
    "usage": "",
    "nutrition": [],
    "nutritionUnitText": "Näringsvärde per styck",
    "categories": {
      "mainCategory": "Frukt & Grönt",
      "subCategories": [
        {
          "name": "Potatis",
          "subSubCategories": [
            "Mjölig potatis"
          ]
        }
      ]
    }
  },
  {
    "name": "Ingefära ca 100g Klass 1 ICA",
    "weightText": "Ca 100 g",
    "caPart": "Ca",
    "weightValue": 100,
    "weightUnit": "g",
    "comparePrice": "89,95 kr/kg",
    "currentPrice": 9,
    "attributes": [],
    "imgUrl": "https://handlaprivatkund.ica.se/images-v3/bf7a00ca-390e-4769-865f-dc369586872e/9400b3d2-8883-4425-b890-f6cf4fe9d773/500x500.jpg",
    "productInformation": "Frisk, syrlig och lite pepprig smak och något parfymerad doft. God att riva och använda som krydda eller att lägga in och servera till sushi.",
    "countryText": "Peru",
    "companyText": "",
    "ingrediensText": "",
    "storage": "Lägsta förvaringstemperatur 12°C Högsta förvaringstemperatur 16°C",
    "allergens": "",
    "usage": "",
    "nutrition": [],
    "nutritionUnitText": "",
    "categories": {
      "mainCategory": "Frukt & Grönt",
      "subCategories": [
        {
          "name": "Färska kryddor",
          "subSubCategories": [
            "Ingefära"
          ]
        }
      ]
    }
  },
  {
    "name": "Champinjon ca 50g Klass 1 ICA",
    "weightText": "Ca 50 g",
    "caPart": "Ca",
    "weightValue": 50,
    "weightUnit": "g",
    "comparePrice": "67,95 kr/kg",
    "currentPrice": 3.4,
    "attributes": [],
    "imgUrl": "https://handlaprivatkund.ica.se/images-v3/bf7a00ca-390e-4769-865f-dc369586872e/5d19fb66-a9ec-4456-9a2e-5c0a53c530dd/500x500.jpg",
    "productInformation": "Mild och populär matsvamp som är mycket användbar. God rå i sallad eller att dippa men prova gärna i sås, soppa eller att stuva.",
    "countryText": "Polen",
    "companyText": "",
    "ingrediensText": "",
    "storage": "Lägsta förvaringstemperatur 1°C Högsta förvaringstemperatur 4°C",
    "allergens": "",
    "usage": "",
    "nutrition": [],
    "nutritionUnitText": "",
    "categories": {
      "mainCategory": "Frukt & Grönt",
      "subCategories": [
        {
          "name": "Svamp",
          "subSubCategories": [
            "Champinjoner"
          ]
        }
      ]
    }
  },
  {
    "name": "Morötter Ekologiska 1kg KRAV Klass 1 I love eco",
    "weightText": "1 kg",
    "caPart": "",
    "weightValue": 1,
    "weightUnit": "kg",
    "comparePrice": "25,95 kr/kg",
    "currentPrice": 25.95,
    "attributes": [
      "EU Ekologiskt",
      "Ursprungsland Sverige",
      "Ekologiskt",
      "KRAV"
    ],
    "imgUrl": "https://handlaprivatkund.ica.se/images-v3/bf7a00ca-390e-4769-865f-dc369586872e/9153976c-cb59-4a8e-b5a1-bfdf60aa7eac/500x500.jpg",
    "productInformation": "Odlingarna av ICAs nyskördade morötter täcks med halm på hösten för att inte morötterna ska frysa på vintern. Morötterna skördas och packas strax innan de levereras till din butik. Nyskördade året runt!",
    "countryText": "Sverige",
    "companyText": "ICA I love eco",
    "ingrediensText": "",
    "storage": "Lägsta förvaringstemperatur 1°C Högsta förvaringstemperatur 4°C",
    "allergens": "",
    "usage": "",
    "nutrition": [],
    "nutritionUnitText": "",
    "categories": {
      "mainCategory": "Frukt & Grönt",
      "subCategories": [
        {
          "name": "Rotfrukter",
          "subSubCategories": [
            "Morötter"
          ]
        }
      ]
    }
  },
  {
    "name": "Plommontomater 500g Klass 1 ICA",
    "weightText": "0.5 kg",
    "caPart": "",
    "weightValue": 0.5,
    "weightUnit": "kg",
    "comparePrice": "65,90 kr/kg",
    "currentPrice": 32.95,
    "attributes": [
      "Ursprungsland Sverige"
    ],
    "imgUrl": "https://images.ctfassets.net/l3dfc9zfaimi/qZc37LgTPPuZhIUMEbPJx/d4918e773827f51582d837109cfcb604/jul-25-produktdetaljbanner-insamlingen-desktop.jpg",
    "productInformation": "",
    "countryText": "Sverige",
    "companyText": "ICA",
    "ingrediensText": "",
    "storage": "",
    "allergens": "",
    "usage": "",
    "nutrition": [],
    "nutritionUnitText": "",
    "categories": {
      "mainCategory": "Jul",
      "subCategories": [
        {
          "name": "Julens godaste varor",
          "subSubCategories": []
        }
      ]
    }
  },
  {
    "name": "Isbergssallat ca 440g Klass 1 ICA",
    "weightText": "Ca 440 g",
    "caPart": "Ca",
    "weightValue": 440,
    "weightUnit": "g",
    "comparePrice": "23,95 kr/kg",
    "currentPrice": 10.54,
    "attributes": [],
    "imgUrl": "https://handlaprivatkund.ica.se/images-v3/bf7a00ca-390e-4769-865f-dc369586872e/b418251b-ef5e-4980-97c2-1a7dd5cfd105/500x500.jpg",
    "productInformation": "",
    "countryText": "Spanien",
    "companyText": "ICA",
    "ingrediensText": "",
    "storage": "",
    "allergens": "",
    "usage": "",
    "nutrition": [],
    "nutritionUnitText": "",
    "categories": {
      "mainCategory": "Frukt & Grönt",
      "subCategories": [
        {
          "name": "Grönsaker",
          "subSubCategories": [
            "Sallad",
            "Isbergssallad"
          ]
        }
      ]
    }
  },
  {
    "name": "Schalottenlök ca 35g Klass 1 ICA",
    "weightText": "Ca 35 g",
    "caPart": "Ca",
    "weightValue": 35,
    "weightUnit": "g",
    "comparePrice": "52,95 kr/kg",
    "currentPrice": 1.85,
    "attributes": [
      "Ursprungsland Sverige"
    ],
    "imgUrl": "https://handlaprivatkund.ica.se/images-v3/bf7a00ca-390e-4769-865f-dc369586872e/b253342a-7894-4aaf-bff8-3c97c456a3e8/500x500.jpg",
    "productInformation": "Fin liten lök som ofta är uppdelad i klyftor under skalet. Den milda smaken tar inte över i maträtter. Goda att grilla och ugnsrosta, eller att använda rå.",
    "countryText": "Sverige",
    "companyText": "",
    "ingrediensText": "",
    "storage": "Lägsta förvaringstemperatur 12°C Högsta förvaringstemperatur 16°C",
    "allergens": "",
    "usage": "",
    "nutrition": [],
    "nutritionUnitText": "",
    "categories": {
      "mainCategory": "Frukt & Grönt",
      "subCategories": [
        {
          "name": "Lök",
          "subSubCategories": [
            "Schalottenlök"
          ]
        }
      ]
    }
  },
  {
    "name": "Småcitrus Clemenules i nät 1kg Klass 1 ICA",
    "weightText": "1 kg",
    "caPart": "",
    "weightValue": 1,
    "weightUnit": "kg",
    "comparePrice": "26,95 kr/kg",
    "currentPrice": 26.95,
    "attributes": [],
    "imgUrl": "https://handlaprivatkund.ica.se/images-v3/bf7a00ca-390e-4769-865f-dc369586872e/8d399c6f-8d2b-42de-94c9-fc194e4f943d/500x500.jpg",
    "productInformation": "",
    "countryText": "Spanien",
    "companyText": "ICA",
    "ingrediensText": "",
    "storage": "",
    "allergens": "",
    "usage": "",
    "nutrition": [],
    "nutritionUnitText": "",
    "categories": {
      "mainCategory": "Jul",
      "subCategories": [
        {
          "name": "Glöggmingel",
          "subSubCategories": [
            "Övrigt julsnacks"
          ]
        }
      ]
    }
  },
  {
    "name": "Aubergine ca 225g Klass 1 ICA",
    "weightText": "0.225 kg",
    "caPart": "",
    "weightValue": 0.225,
    "weightUnit": "kg",
    "comparePrice": "70,89 kr/kg",
    "currentPrice": 15.95,
    "attributes": [],
    "imgUrl": "https://handlaprivatkund.ica.se/images-v3/bf7a00ca-390e-4769-865f-dc369586872e/8388f37a-0c77-468e-8453-c1e4627c3d43/500x500.jpg",
    "productInformation": "",
    "countryText": "Nederländerna",
    "companyText": "ICA",
    "ingrediensText": "",
    "storage": "",
    "allergens": "",
    "usage": "",
    "nutrition": [],
    "nutritionUnitText": "",
    "categories": {
      "mainCategory": "Frukt & Grönt",
      "subCategories": [
        {
          "name": "Grönsaker",
          "subSubCategories": [
            "Aubergine"
          ]
        }
      ]
    }
  },
  {
    "name": "Bakpotatis ca 300g Klass 1 ICA",
    "weightText": "0.3 kg",
    "caPart": "",
    "weightValue": 0.3,
    "weightUnit": "kg",
    "comparePrice": "33,17 kr/kg",
    "currentPrice": 9.95,
    "attributes": [],
    "imgUrl": "https://handlaprivatkund.ica.se/images-v3/bf7a00ca-390e-4769-865f-dc369586872e/5cf6cab5-4659-4e22-a84a-7e6f446e181d/500x500.jpg",
    "productInformation": "Stora potatisar som passar med fyllningar av olika slag eller som klyftpotatis och pommes frites. När potatisen ugnsbakas hel ska den inte skalas.",
    "countryText": "Nederl�nderna",
    "companyText": "ICA",
    "ingrediensText": "",
    "storage": "Lägsta förvaringstemperatur 1°C Högsta förvaringstemperatur 4°C",
    "allergens": "",
    "usage": "",
    "nutrition": [],
    "nutritionUnitText": "",
    "categories": {
      "mainCategory": "Frukt & Grönt",
      "subCategories": [
        {
          "name": "Potatis",
          "subSubCategories": [
            "Bakpotatis"
          ]
        }
      ]
    }
  },
  {
    "name": "Salladsärta 150g Klass 1 ICA",
    "weightText": "0.15 kg",
    "caPart": "",
    "weightValue": 0.15,
    "weightUnit": "kg",
    "comparePrice": "193,00 kr/kg",
    "currentPrice": 28.95,
    "attributes": [],
    "imgUrl": "https://handlaprivatkund.ica.se/images-v3/bf7a00ca-390e-4769-865f-dc369586872e/6eea1c7d-f7e1-44e2-9e46-375fc5a7430d/500x500.jpg",
    "productInformation": "",
    "countryText": "Kenya",
    "companyText": "ICA",
    "ingrediensText": "",
    "storage": "",
    "allergens": "",
    "usage": "",
    "nutrition": [],
    "nutritionUnitText": "",
    "categories": {
      "mainCategory": "Frukt & Grönt",
      "subCategories": [
        {
          "name": "Grönsaker",
          "subSubCategories": [
            "Ärtor & Bönor",
            "Sockerärtor & Sugar snaps"
          ]
        }
      ]
    }
  },
  {
    "name": "Sallatsmix Krispig Sköljd 65g ICA",
    "weightText": "0.065 kg",
    "caPart": "",
    "weightValue": 0.065,
    "weightUnit": "kg",
    "comparePrice": "291,54 kr/kg",
    "currentPrice": 18.95,
    "attributes": [],
    "imgUrl": "https://handlaprivatkund.ica.se/images-v3/bf7a00ca-390e-4769-865f-dc369586872e/f0ca0dca-b0f3-4aad-87e1-61e66bf2ed1f/500x500.jpg",
    "productInformation": "En blandning av sallater med strimlad rödbeta. Passar som den är eller blanda med andra grönsaker och tillbehör som exempelvis fetaost.",
    "countryText": "EU",
    "companyText": "ICA",
    "ingrediensText": "",
    "storage": "",
    "allergens": "",
    "usage": "",
    "nutrition": [],
    "nutritionUnitText": "Näringsvärde per styck",
    "categories": {
      "mainCategory": "Frukt & Grönt",
      "subCategories": [
        {
          "name": "Grönsaker",
          "subSubCategories": [
            "Sallad",
            "Salladsmix"
          ]
        }
      ]
    }
  },
  {
    "name": "Äpple Saga ca 190g Klass 1 ICA",
    "weightText": "Ca 200 g",
    "caPart": "Ca",
    "weightValue": 200,
    "weightUnit": "g",
    "comparePrice": "27,95 kr/kg",
    "currentPrice": 5.59,
    "attributes": [
      "Ursprungsland Sverige"
    ],
    "imgUrl": "https://handlaprivatkund.ica.se/images-v3/bf7a00ca-390e-4769-865f-dc369586872e/c0b13905-df53-40d9-b84b-6f4bfcc328cc/500x500.jpg",
    "productInformation": "",
    "countryText": "Sverige",
    "companyText": "ICA",
    "ingrediensText": "",
    "storage": "",
    "allergens": "",
    "usage": "",
    "nutrition": [],
    "nutritionUnitText": "",
    "categories": {
      "mainCategory": "Frukt & Grönt",
      "subCategories": [
        {
          "name": "Frukt",
          "subSubCategories": [
            "Äpple"
          ]
        }
      ]
    }
  },
  {
    "name": "Mjölig potatis 1,2kg Klass 1 ICA",
    "weightText": "1.2 kg",
    "caPart": "",
    "weightValue": 1.2,
    "weightUnit": "kg",
    "comparePrice": "18,29 kr/kg",
    "currentPrice": 21.95,
    "attributes": [
      "Ursprungsland Sverige"
    ],
    "imgUrl": "https://handlaprivatkund.ica.se/images-v3/bf7a00ca-390e-4769-865f-dc369586872e/f4d4262e-144f-4f92-ba85-5334b0e63287/500x500.jpg",
    "productInformation": "Sorter: King Edward, Gala, Queen Anne, Inova, Folva, Challenger, Rock, Helmi, Perline, Melody och Belana",
    "countryText": "Sverige",
    "companyText": "ICA",
    "ingrediensText": "",
    "storage": "",
    "allergens": "",
    "usage": "",
    "nutrition": [],
    "nutritionUnitText": "",
    "categories": {
      "mainCategory": "Jul",
      "subCategories": [
        {
          "name": "Julmat",
          "subSubCategories": [
            "Sill, Ansjovis & Potatis"
          ]
        }
      ]
    }
  },
  {
    "name": "Körsbärstomater 250g Klass 1 ICA",
    "weightText": "0.25 kg",
    "caPart": "",
    "weightValue": 0.25,
    "weightUnit": "kg",
    "comparePrice": "75,80 kr/kg",
    "currentPrice": 18.95,
    "attributes": [],
    "imgUrl": "https://handlaprivatkund.ica.se/images-v3/bf7a00ca-390e-4769-865f-dc369586872e/b7fec1e8-fb1f-406e-b912-d38e9296e12c/500x500.jpg",
    "productInformation": "Bra i både sallader och mer matiga blandningar.",
    "countryText": "Nederländerna",
    "companyText": "ICA",
    "ingrediensText": "",
    "storage": "",
    "allergens": "",
    "usage": "",
    "nutrition": [],
    "nutritionUnitText": "",
    "categories": {
      "mainCategory": "Frukt & Grönt",
      "subCategories": [
        {
          "name": "Grönsaker",
          "subSubCategories": [
            "Tomat"
          ]
        }
      ]
    }
  },
  {
    "name": "Basilika Ekologisk 1-p KRAV Klass 1 ICA I",
    "weightText": "",
    "caPart": "",
    "weightValue": 0,
    "weightUnit": "",
    "comparePrice": "",
    "currentPrice": 21.95,
    "attributes": [
      "Från Sverige",
      "EU Ekologiskt",
      "Ursprungsland Sverige",
      "Ekologiskt",
      "KRAV"
    ],
    "imgUrl": "https://handlaprivatkund.ica.se/images-v3/bf7a00ca-390e-4769-865f-dc369586872e/f42ec473-2150-4655-b5e9-5d68793fd0d2/500x500.jpg",
    "productInformation": "ICA Ekologisk Basilika i kruka passar tillsammans med tomater, ljust kött, i pastarätter, sallader, soppor och grönsaksrätter. Är känslig för kyla.",
    "countryText": "Sverige",
    "companyText": "ICA I love eco",
    "ingrediensText": "",
    "storage": "Lägsta förvaringstemperatur 12°C Högsta förvaringstemperatur 16°C",
    "allergens": "",
    "usage": "",
    "nutrition": [],
    "nutritionUnitText": "",
    "categories": {
      "mainCategory": "Frukt & Grönt",
      "subCategories": [
        {
          "name": "Färska kryddor",
          "subSubCategories": [
            "Basilika"
          ]
        }
      ]
    }
  },
  {
    "name": "Fast potatis Ekologisk 2kg KRAV Klass 1 ICA",
    "weightText": "2 kg",
    "caPart": "",
    "weightValue": 2,
    "weightUnit": "kg",
    "comparePrice": "22,48 kr/kg",
    "currentPrice": 44.95,
    "attributes": [
      "EU Ekologiskt",
      "Ursprungsland Sverige",
      "Ekologiskt",
      "KRAV"
    ],
    "imgUrl": "https://handlaprivatkund.ica.se/images-v3/bf7a00ca-390e-4769-865f-dc369586872e/f48f9837-095e-4527-860f-d869b87c6970/500x500.jpg",
    "productInformation": "Passar att koka, råsteka och ugnsbaka. Tips: Krossa kokt potatis och blanda med stekt bacon, gräslök, crème fraiche och svartpeppar. Ekologisk.",
    "countryText": "Sverige",
    "companyText": "ICA I love eco",
    "ingrediensText": "",
    "storage": "",
    "allergens": "",
    "usage": "",
    "nutrition": [],
    "nutritionUnitText": "",
    "categories": {
      "mainCategory": "Frukt & Grönt",
      "subCategories": [
        {
          "name": "Potatis",
          "subSubCategories": [
            "Fast potatis"
          ]
        }
      ]
    }
  },
  {
    "name": "Päron Svenska ca 140g Klass 1",
    "weightText": "Ca 140 g",
    "caPart": "Ca",
    "weightValue": 140,
    "weightUnit": "g",
    "comparePrice": "29,95 kr/kg",
    "currentPrice": 4.19,
    "attributes": [
      "Ursprungsland Sverige"
    ],
    "imgUrl": "https://handlaprivatkund.ica.se/images-v3/bf7a00ca-390e-4769-865f-dc369586872e/f09a717b-18c5-4463-8420-00d024a04624/500x500.jpg",
    "productInformation": "Observera att päronsort på denna artikel kan variera. Conference, Carola och Alexander Lucas",
    "countryText": "Sverige",
    "companyText": "",
    "ingrediensText": "",
    "storage": "Lägsta förvaringstemperatur 1°C Högsta förvaringstemperatur 4°C",
    "allergens": "",
    "usage": "",
    "nutrition": [],
    "nutritionUnitText": "",
    "categories": {
      "mainCategory": "Frukt & Grönt",
      "subCategories": [
        {
          "name": "Frukt",
          "subSubCategories": [
            "Päron"
          ]
        }
      ]
    }
  },
  {
    "name": "Vitlök 250g Klass 1 ICA",
    "weightText": "0.25 kg",
    "caPart": "",
    "weightValue": 0.25,
    "weightUnit": "kg",
    "comparePrice": "115,80 kr/kg",
    "currentPrice": 28.95,
    "attributes": [],
    "imgUrl": "https://handlaprivatkund.ica.se/images-v3/bf7a00ca-390e-4769-865f-dc369586872e/b615c3df-3fe4-43ef-9557-7f3fb845a158/500x500.jpg",
    "productInformation": "En bra smaksättare till de flesta rätter. Ju mer finfördelad vitlöken är desto kraftigare blir smaken. Prova att ugnsbaka hela klyftor.",
    "countryText": "Spanien",
    "companyText": "ICA",
    "ingrediensText": "",
    "storage": "",
    "allergens": "",
    "usage": "",
    "nutrition": [],
    "nutritionUnitText": "",
    "categories": {
      "mainCategory": "Frukt & Grönt",
      "subCategories": [
        {
          "name": "Lök",
          "subSubCategories": [
            "Vitlök"
          ]
        }
      ]
    }
  },
  {
    "name": "Små fina morötter 500g Klass 1 ICA",
    "weightText": "0.5 kg",
    "caPart": "",
    "weightValue": 0.5,
    "weightUnit": "kg",
    "comparePrice": "19,90 kr/kg",
    "currentPrice": 9.95,
    "attributes": [
      "Ursprungsland Sverige"
    ],
    "imgUrl": "https://handlaprivatkund.ica.se/images-v3/bf7a00ca-390e-4769-865f-dc369586872e/8aff1fe9-1ed1-412e-9e31-bc585529a4ca/500x500.jpg",
    "productInformation": "Små knapriga morötter med aningen söt smak. Ät som snacks eller dippa. Även fina i matlagning, bakverk och att koka marmelad av.",
    "countryText": "Sverige",
    "companyText": "ICA",
    "ingrediensText": "",
    "storage": "",
    "allergens": "",
    "usage": "",
    "nutrition": [],
    "nutritionUnitText": "",
    "categories": {
      "mainCategory": "Frukt & Grönt",
      "subCategories": [
        {
          "name": "Rotfrukter",
          "subSubCategories": [
            "Morötter"
          ]
        }
      ]
    }
  },
  {
    "name": "Äpple Golden Delicious ca 220g Klass 1 ICA",
    "weightText": "Ca 220 g",
    "caPart": "Ca",
    "weightValue": 220,
    "weightUnit": "g",
    "comparePrice": "29,95 kr/kg",
    "currentPrice": 6.59,
    "attributes": [],
    "imgUrl": "https://handlaprivatkund.ica.se/images-v3/bf7a00ca-390e-4769-865f-dc369586872e/7e1e0b6c-6ac0-4fba-8f0d-c299bc80e3f0/500x500.jpg",
    "productInformation": "Golden Delicious har en söt smak med vitt och saftigt fruktkött. Passar att äta som det är eller som ingrediens i kalla rätter och desserter.",
    "countryText": "Italien",
    "companyText": "ICA",
    "ingrediensText": "",
    "storage": "Lägsta förvaringstemperatur 1°C Högsta förvaringstemperatur 4°C",
    "allergens": "",
    "usage": "",
    "nutrition": [],
    "nutritionUnitText": "",
    "categories": {
      "mainCategory": "Frukt & Grönt",
      "subCategories": [
        {
          "name": "Frukt",
          "subSubCategories": [
            "Äpple"
          ]
        }
      ]
    }
  },
  {
    "name": "Paprika Grön ca 180g Klass 1 ICA",
    "weightText": "Ca 180 g",
    "caPart": "Ca",
    "weightValue": 180,
    "weightUnit": "g",
    "comparePrice": "56,95 kr/kg",
    "currentPrice": 10.25,
    "attributes": [],
    "imgUrl": "https://handlaprivatkund.ica.se/images-v3/bf7a00ca-390e-4769-865f-dc369586872e/501e4f40-fb03-4bcb-aa74-c8ec3ea9ddf7/500x500.jpg",
    "productInformation": "",
    "countryText": "Nederländerna",
    "companyText": "ICA",
    "ingrediensText": "",
    "storage": "Lägsta förvaringstemperatur 12°C Högsta förvaringstemperatur 16°C",
    "allergens": "",
    "usage": "",
    "nutrition": [],
    "nutritionUnitText": "",
    "categories": {
      "mainCategory": "Frukt & Grönt",
      "subCategories": [
        {
          "name": "Grönsaker",
          "subSubCategories": [
            "Paprika"
          ]
        }
      ]
    }
  },
  {
    "name": "Rödbeta ca 130g Klass 1 ICA",
    "weightText": "Ca 130 g",
    "caPart": "Ca",
    "weightValue": 130,
    "weightUnit": "g",
    "comparePrice": "15,95 kr/kg",
    "currentPrice": 2.07,
    "attributes": [
      "Ursprungsland Sverige"
    ],
    "imgUrl": "https://handlaprivatkund.ica.se/images-v3/bf7a00ca-390e-4769-865f-dc369586872e/5235ca12-a448-4974-8c60-bd5e314576c8/500x500.jpg",
    "productInformation": "Klassisk inläggningsgrönsak som också är god att ugnsbaka eller koka och servera med smör och citron. Späda rödbetor är fina som primörer.",
    "countryText": "Sverige",
    "companyText": "",
    "ingrediensText": "",
    "storage": "Lägsta förvaringstemperatur 1°C Högsta förvaringstemperatur 4°C",
    "allergens": "",
    "usage": "",
    "nutrition": [],
    "nutritionUnitText": "",
    "categories": {
      "mainCategory": "Frukt & Grönt",
      "subCategories": [
        {
          "name": "Rotfrukter",
          "subSubCategories": [
            "Betor",
            "Rödbetor"
          ]
        }
      ]
    }
  },
  {
    "name": "Koriander i kruka Ekologisk 1-p KRAV Klass 1",
    "weightText": "",
    "caPart": "",
    "weightValue": 0,
    "weightUnit": "",
    "comparePrice": "",
    "currentPrice": 21.95,
    "attributes": [
      "Från Sverige",
      "EU Ekologiskt",
      "Ursprungsland Sverige",
      "Ekologiskt",
      "KRAV"
    ],
    "imgUrl": "https://handlaprivatkund.ica.se/images-v3/bf7a00ca-390e-4769-865f-dc369586872e/09a4fa03-2d58-491b-8f78-71e2c3ab1e5a/500x500.jpg",
    "productInformation": "Vanlig smaksättare i det thailändska och indiska köket. Smaken är söt och aningen bitter. Passar i soppor, sallader och wokrätter. Ekologisk.",
    "countryText": "Sverige",
    "companyText": "ICA I love eco",
    "ingrediensText": "",
    "storage": "Lägsta förvaringstemperatur 1°C Högsta förvaringstemperatur 4°C",
    "allergens": "",
    "usage": "",
    "nutrition": [],
    "nutritionUnitText": "",
    "categories": {
      "mainCategory": "Frukt & Grönt",
      "subCategories": [
        {
          "name": "Färska kryddor",
          "subSubCategories": [
            "Koriander"
          ]
        }
      ]
    }
  },
  {
    "name": "Crunchita 200g Klass 1 ICA",
    "weightText": "0.2 kg",
    "caPart": "",
    "weightValue": 0.2,
    "weightUnit": "kg",
    "comparePrice": "124,75 kr/kg",
    "currentPrice": 24.95,
    "attributes": [
      "Ursprungsland Sverige"
    ],
    "imgUrl": "https://handlaprivatkund.ica.se/images-v3/bf7a00ca-390e-4769-865f-dc369586872e/033c88ee-6f4b-4111-8824-8b40ba42d5b4/500x500.jpg",
    "productInformation": "",
    "countryText": "Sverige",
    "companyText": "ICA",
    "ingrediensText": "",
    "storage": "Lägsta förvaringstemperatur 1°C Högsta förvaringstemperatur 4°C",
    "allergens": "",
    "usage": "",
    "nutrition": [],
    "nutritionUnitText": "",
    "categories": {
      "mainCategory": "Frukt & Grönt",
      "subCategories": [
        {
          "name": "Grönsaker",
          "subSubCategories": [
            "Sallad",
            "Crunchita"
          ]
        }
      ]
    }
  },
  {
    "name": "Sockerärta 150g Klass 1 ICA",
    "weightText": "0.15 kg",
    "caPart": "",
    "weightValue": 0.15,
    "weightUnit": "kg",
    "comparePrice": "193,00 kr/kg",
    "currentPrice": 28.95,
    "attributes": [],
    "imgUrl": "https://handlaprivatkund.ica.se/images-v3/bf7a00ca-390e-4769-865f-dc369586872e/33d5f24e-e03d-4e08-9dff-1e0d4502afd3/500x500.jpg",
    "productInformation": "",
    "countryText": "Kenya",
    "companyText": "ICA",
    "ingrediensText": "",
    "storage": "",
    "allergens": "",
    "usage": "",
    "nutrition": [],
    "nutritionUnitText": "",
    "categories": {
      "mainCategory": "Frukt & Grönt",
      "subCategories": [
        {
          "name": "Grönsaker",
          "subSubCategories": [
            "Ärtor & Bönor",
            "Sockerärtor & Sugar snaps"
          ]
        }
      ]
    }
  },
  {
    "name": "Vitkål ca 3 kg Klass 1 ICA",
    "weightText": "Ca 3000 g",
    "caPart": "Ca",
    "weightValue": 3000,
    "weightUnit": "g",
    "comparePrice": "14,95 kr/kg",
    "currentPrice": 44.85,
    "attributes": [
      "Ursprungsland Sverige"
    ],
    "imgUrl": "https://handlaprivatkund.ica.se/images-v3/bf7a00ca-390e-4769-865f-dc369586872e/2a773ecb-dc10-423d-b4b1-ac11dffaa850/500x500.jpg",
    "productInformation": "Tydlig kålsmak och krispiga blad. Vitkål använder du i pizzasalladen, kålpuddingen, soppan och runt kåldolmarna, men passar också i vanliga sallader.",
    "countryText": "Sverige",
    "companyText": "",
    "ingrediensText": "",
    "storage": "Lägsta förvaringstemperatur 1°C Högsta förvaringstemperatur 4°C",
    "allergens": "",
    "usage": "",
    "nutrition": [],
    "nutritionUnitText": "",
    "categories": {
      "mainCategory": "Frukt & Grönt",
      "subCategories": [
        {
          "name": "Kål",
          "subSubCategories": [
            "Vitkål"
          ]
        }
      ]
    }
  },
  {
    "name": "Champinjoner 400g Klass 1 ICA",
    "weightText": "0.4 kg",
    "caPart": "",
    "weightValue": 0.4,
    "weightUnit": "kg",
    "comparePrice": "74,88 kr/kg",
    "currentPrice": 29.95,
    "attributes": [],
    "imgUrl": "https://handlaprivatkund.ica.se/images-v3/bf7a00ca-390e-4769-865f-dc369586872e/7d3d6fc5-4794-474f-878f-dd437f30211d/500x500.jpg",
    "productInformation": "",
    "countryText": "Litauen",
    "companyText": "ICA",
    "ingrediensText": "",
    "storage": "",
    "allergens": "",
    "usage": "",
    "nutrition": [],
    "nutritionUnitText": "",
    "categories": {
      "mainCategory": "Frukt & Grönt",
      "subCategories": [
        {
          "name": "Svamp",
          "subSubCategories": [
            "Champinjoner"
          ]
        }
      ]
    }
  },
  {
    "name": "Schalottenlök 250g Klass 1 ICA",
    "weightText": "0.25 kg",
    "caPart": "",
    "weightValue": 0.25,
    "weightUnit": "kg",
    "comparePrice": "79,80 kr/kg",
    "currentPrice": 19.95,
    "attributes": [
      "Ursprungsland Sverige"
    ],
    "imgUrl": "https://handlaprivatkund.ica.se/images-v3/bf7a00ca-390e-4769-865f-dc369586872e/397d0100-fd9f-40f8-8cd9-bb84519f12f0/500x500.jpg",
    "productInformation": "Fin liten lök som ofta är uppdelad i klyftor under skalet. Den milda smaken tar inte över i maträtter. Goda att grilla och ugnsrosta, eller att använda rå.",
    "countryText": "Sverige",
    "companyText": "ICA",
    "ingrediensText": "",
    "storage": "",
    "allergens": "",
    "usage": "",
    "nutrition": [],
    "nutritionUnitText": "",
    "categories": {
      "mainCategory": "Frukt & Grönt",
      "subCategories": [
        {
          "name": "Lök",
          "subSubCategories": [
            "Schalottenlök"
          ]
        }
      ]
    }
  },
  {
    "name": "Småcitrus i korg 1kg Klass 1 ICA",
    "weightText": "1 kg",
    "caPart": "",
    "weightValue": 1,
    "weightUnit": "kg",
    "comparePrice": "46,95 kr/kg",
    "currentPrice": 46.95,
    "attributes": [],
    "imgUrl": "https://images.ctfassets.net/l3dfc9zfaimi/qZc37LgTPPuZhIUMEbPJx/d4918e773827f51582d837109cfcb604/jul-25-produktdetaljbanner-insamlingen-desktop.jpg",
    "productInformation": "",
    "countryText": "Spanien",
    "companyText": "ICA",
    "ingrediensText": "",
    "storage": "",
    "allergens": "",
    "usage": "",
    "nutrition": [],
    "nutritionUnitText": "",
    "categories": {
      "mainCategory": "Jul",
      "subCategories": [
        {
          "name": "Glöggmingel",
          "subSubCategories": [
            "Övrigt julsnacks"
          ]
        }
      ]
    }
  },
  {
    "name": "Peppar Röd ca 20g Klass 1 ICA",
    "weightText": "Ca 20 g",
    "caPart": "Ca",
    "weightValue": 20,
    "weightUnit": "g",
    "comparePrice": "149,00 kr/kg",
    "currentPrice": 2.98,
    "attributes": [],
    "imgUrl": "https://handlaprivatkund.ica.se/images-v3/bf7a00ca-390e-4769-865f-dc369586872e/c5bdb99a-d642-4d61-8a8a-256c4f8e41eb/500x500.jpg",
    "productInformation": "Medelstark peppar med fyllig och sötaktig smak. Använd som krydda i grytor och såser. Ta bort kärnorna om du vill ha det mindre starkt.",
    "countryText": "Turkiet",
    "companyText": "",
    "ingrediensText": "",
    "storage": "Lägsta förvaringstemperatur 12°C Högsta förvaringstemperatur 16°C",
    "allergens": "",
    "usage": "",
    "nutrition": [],
    "nutritionUnitText": "",
    "categories": {
      "mainCategory": "Frukt & Grönt",
      "subCategories": [
        {
          "name": "Färska kryddor",
          "subSubCategories": [
            "Färsk chilipeppar"
          ]
        }
      ]
    }
  },
  {
    "name": "Palsternacka 500g Klass 1 ICA",
    "weightText": "0.4 kg",
    "caPart": "",
    "weightValue": 0.4,
    "weightUnit": "kg",
    "comparePrice": "39,88 kr/kg",
    "currentPrice": 15.95,
    "attributes": [
      "Ursprungsland Sverige"
    ],
    "imgUrl": "https://handlaprivatkund.ica.se/images-v3/bf7a00ca-390e-4769-865f-dc369586872e/8d9fc7d1-7903-4d5e-bac2-981686de7a04/500x500.jpg",
    "productInformation": "",
    "countryText": "Sverige",
    "companyText": "ICA",
    "ingrediensText": "",
    "storage": "",
    "allergens": "",
    "usage": "",
    "nutrition": [],
    "nutritionUnitText": "",
    "categories": {
      "mainCategory": "Frukt & Grönt",
      "subCategories": [
        {
          "name": "Rotfrukter",
          "subSubCategories": [
            "Palsternacka"
          ]
        }
      ]
    }
  },
  {
    "name": "Sallatsmix i storpack Sköljd 150g ICA",
    "weightText": "0.15 kg",
    "caPart": "",
    "weightValue": 0.15,
    "weightUnit": "kg",
    "comparePrice": "146,33 kr/kg",
    "currentPrice": 21.95,
    "attributes": [],
    "imgUrl": "https://handlaprivatkund.ica.se/images-v3/bf7a00ca-390e-4769-865f-dc369586872e/1ca12272-3b00-44c3-890f-d1feb76d3618/500x500.jpg",
    "productInformation": "En blandning av olika finbladiga sallatssorter i lite större påse. Passar att servera som tillbehör, kanske med lite pressad citron eller en vinägrett. \n \n \n Italien",
    "countryText": "EU",
    "companyText": "ICA",
    "ingrediensText": "",
    "storage": "",
    "allergens": "",
    "usage": "",
    "nutrition": [],
    "nutritionUnitText": "Näringsvärde per styck",
    "categories": {
      "mainCategory": "Frukt & Grönt",
      "subCategories": [
        {
          "name": "Grönsaker",
          "subSubCategories": [
            "Sallad",
            "Salladsmix"
          ]
        }
      ]
    }
  },
  {
    "name": "Apelsin Navel Ekologisk ca 200g Klass 1 ICA I love eco",
    "weightText": "Ca 290 g",
    "caPart": "Ca",
    "weightValue": 290,
    "weightUnit": "g",
    "comparePrice": "49,95 kr/kg",
    "currentPrice": 14.49,
    "attributes": [
      "EU Ekologiskt",
      "Ekologiskt"
    ],
    "imgUrl": "https://handlaprivatkund.ica.se/images-v3/bf7a00ca-390e-4769-865f-dc369586872e/18529bf8-8cd1-4fda-95fb-81fadffdfcee/500x500.jpg",
    "productInformation": "",
    "countryText": "Spanien",
    "companyText": "ICA I love eco",
    "ingrediensText": "",
    "storage": "",
    "allergens": "",
    "usage": "",
    "nutrition": [],
    "nutritionUnitText": "",
    "categories": {
      "mainCategory": "Frukt & Grönt",
      "subCategories": [
        {
          "name": "Frukt",
          "subSubCategories": [
            "Citrusfrukt",
            "Apelsin"
          ]
        }
      ]
    }
  },
  {
    "name": "Rödlök 1kg Klass 1 ICA",
    "weightText": "1 kg",
    "caPart": "",
    "weightValue": 1,
    "weightUnit": "kg",
    "comparePrice": "18,95 kr/kg",
    "currentPrice": 18.95,
    "attributes": [
      "Ursprungsland Sverige"
    ],
    "imgUrl": "https://handlaprivatkund.ica.se/images-v3/bf7a00ca-390e-4769-865f-dc369586872e/c0b90a66-eb9a-4e7f-89a7-52a69e3aeeb9/500x500.jpg",
    "productInformation": "",
    "countryText": "Sverige",
    "companyText": "ICA",
    "ingrediensText": "",
    "storage": "",
    "allergens": "",
    "usage": "",
    "nutrition": [],
    "nutritionUnitText": "",
    "categories": {
      "mainCategory": "Frukt & Grönt",
      "subCategories": [
        {
          "name": "Lök",
          "subSubCategories": [
            "Rödlök"
          ]
        }
      ]
    }
  },
  {
    "name": "Röd råkostmix Sköljd 200g ICA",
    "weightText": "0.2 kg",
    "caPart": "",
    "weightValue": 0.2,
    "weightUnit": "kg",
    "comparePrice": "134,75 kr/kg",
    "currentPrice": 26.95,
    "attributes": [
      "Ursprungsland Sverige"
    ],
    "imgUrl": "https://handlaprivatkund.ica.se/images-v3/bf7a00ca-390e-4769-865f-dc369586872e/eae85776-f4f0-4073-ade0-6e61a404392a/500x500.jpg",
    "productInformation": "En variant av råkostsalladen som passar på buffébordet, till grillfesten och till vardagsmaten. Som bas till dina grönsakssallader.",
    "countryText": "Sverige",
    "companyText": "ICA",
    "ingrediensText": "",
    "storage": "",
    "allergens": "",
    "usage": "",
    "nutrition": [],
    "nutritionUnitText": "Näringsvärde per styck",
    "categories": {
      "mainCategory": "Frukt & Grönt",
      "subCategories": [
        {
          "name": "Grönsaker",
          "subSubCategories": [
            "Sallad",
            "Salladsmix"
          ]
        }
      ]
    }
  },
  {
    "name": "Grönkålsblad Påse 400g Klass 1 ICA",
    "weightText": "0.4 kg",
    "caPart": "",
    "weightValue": 0.4,
    "weightUnit": "kg",
    "comparePrice": "92,38 kr/kg",
    "currentPrice": 36.95,
    "attributes": [
      "Från Sverige",
      "Ursprungsland Sverige"
    ],
    "imgUrl": "https://handlaprivatkund.ica.se/images-v3/bf7a00ca-390e-4769-865f-dc369586872e/bc263cfe-fb56-47f8-a5b0-5b9cec770da8/500x500.jpg",
    "productInformation": "",
    "countryText": "Sverige",
    "companyText": "ICA",
    "ingrediensText": "",
    "storage": "Lägsta förvaringstemperatur 1°C Högsta förvaringstemperatur 4°C",
    "allergens": "",
    "usage": "",
    "nutrition": [],
    "nutritionUnitText": "",
    "categories": {
      "mainCategory": "Frukt & Grönt",
      "subCategories": [
        {
          "name": "Kål",
          "subSubCategories": [
            "Grönkål"
          ]
        }
      ]
    }
  },
  {
    "name": "Strimlad Vitkål 400g Klass 1 ICA",
    "weightText": "0.4 kg",
    "caPart": "",
    "weightValue": 0.4,
    "weightUnit": "kg",
    "comparePrice": "39,88 kr/kg",
    "currentPrice": 15.95,
    "attributes": [],
    "imgUrl": "https://handlaprivatkund.ica.se/images-v3/bf7a00ca-390e-4769-865f-dc369586872e/1c3087a0-bc7c-415d-8486-5be48a576256/500x500.jpg",
    "productInformation": "Passar perfekt som coleslaw, pizzasallad eller i en wok",
    "countryText": "EU",
    "companyText": "ICA",
    "ingrediensText": "Strimlad vitkål",
    "storage": "",
    "allergens": "",
    "usage": "",
    "nutrition": [
      {
        "Näringsvärde": "Energi (kcal)",
        "100 Gram": "30 kcal"
      },
      {
        "Näringsvärde": "Energi (kJ)",
        "100 Gram": "123 kJ"
      },
      {
        "Näringsvärde": "Fett",
        "100 Gram": "0 g"
      },
      {
        "Näringsvärde": "Varav mättat fett",
        "100 Gram": "0 g"
      },
      {
        "Näringsvärde": "Kolhydrat",
        "100 Gram": "4.7 g"
      },
      {
        "Näringsvärde": "Varav sockerarter",
        "100 Gram": "5.7 g"
      },
      {
        "Näringsvärde": "Protein",
        "100 Gram": "1.1 g"
      },
      {
        "Näringsvärde": "Salt",
        "100 Gram": "0.02 g"
      }
    ],
    "nutritionUnitText": "Näringsvärde per 100 gram",
    "categories": {
      "mainCategory": "Frukt & Grönt",
      "subCategories": [
        {
          "name": "Grönsaker",
          "subSubCategories": [
            "Sallad",
            "Salladsmix"
          ]
        }
      ]
    }
  },
  {
    "name": "Vitlök Solo 100g Klass 1 ICA",
    "weightText": "0.1 kg",
    "caPart": "",
    "weightValue": 0.1,
    "weightUnit": "kg",
    "comparePrice": "219,50 kr/kg",
    "currentPrice": 21.95,
    "attributes": [],
    "imgUrl": "https://handlaprivatkund.ica.se/images-v3/bf7a00ca-390e-4769-865f-dc369586872e/20bd96db-7fa5-40c6-ae0b-0330bc93fbb5/500x500.jpg",
    "productInformation": "Smakar som vanlig vitlök, men är inte uppdelad i klyftor, alltså mindre att skala när du behöver mycket. Använd som vanlig vitlök.",
    "countryText": "Kina",
    "companyText": "ICA",
    "ingrediensText": "",
    "storage": "",
    "allergens": "",
    "usage": "",
    "nutrition": [],
    "nutritionUnitText": "",
    "categories": {
      "mainCategory": "Frukt & Grönt",
      "subCategories": [
        {
          "name": "Lök",
          "subSubCategories": [
            "Vitlök"
          ]
        }
      ]
    }
  },
  {
    "name": "Kaki ca 150g Klass 1 ICA",
    "weightText": "0.155 kg",
    "caPart": "",
    "weightValue": 0.155,
    "weightUnit": "kg",
    "comparePrice": "64,19 kr/kg",
    "currentPrice": 9.95,
    "attributes": [],
    "imgUrl": "https://handlaprivatkund.ica.se/images-v3/bf7a00ca-390e-4769-865f-dc369586872e/4919dca9-69b4-4a87-9464-be8e681680b4/500x500.jpg",
    "productInformation": "",
    "countryText": "Spanien",
    "companyText": "ICA",
    "ingrediensText": "",
    "storage": "",
    "allergens": "",
    "usage": "",
    "nutrition": [],
    "nutritionUnitText": "",
    "categories": {
      "mainCategory": "Frukt & Grönt",
      "subCategories": [
        {
          "name": "Frukt",
          "subSubCategories": [
            "Exotisk frukt",
            "Övrig exotisk frukt"
          ]
        }
      ]
    }
  },
  {
    "name": "Potatis Fast 4kg Klass 2 ICA",
    "weightText": "4 kg",
    "caPart": "",
    "weightValue": 4,
    "weightUnit": "kg",
    "comparePrice": "12,49 kr/kg",
    "currentPrice": 49.95,
    "attributes": [
      "Ursprungsland Sverige"
    ],
    "imgUrl": "https://handlaprivatkund.ica.se/images-v3/bf7a00ca-390e-4769-865f-dc369586872e/f04ac9ef-bf26-40fa-b81b-5ab395dfafb2/500x500.jpg",
    "productInformation": "",
    "countryText": "Sverige",
    "companyText": "ICA",
    "ingrediensText": "",
    "storage": "",
    "allergens": "",
    "usage": "",
    "nutrition": [],
    "nutritionUnitText": "",
    "categories": {
      "mainCategory": "Frukt & Grönt",
      "subCategories": [
        {
          "name": "Potatis",
          "subSubCategories": [
            "Fast potatis"
          ]
        }
      ]
    }
  },
  {
    "name": "Mâche 65g Rosa Bandet ICA",
    "weightText": "0.065 kg",
    "caPart": "",
    "weightValue": 0.065,
    "weightUnit": "kg",
    "comparePrice": "291,54 kr/kg",
    "currentPrice": 18.95,
    "attributes": [],
    "imgUrl": "https://handlaprivatkund.ica.se/images-v3/bf7a00ca-390e-4769-865f-dc369586872e/af5887e6-f3aa-4a7b-a01d-ed55ff85c4f2/500x500.jpg",
    "productInformation": "",
    "countryText": "",
    "companyText": "ICA",
    "ingrediensText": "Finbladig mâche.",
    "storage": "Lägsta förvaringstemperatur 2°C Högsta förvaringstemperatur 4°C",
    "allergens": "",
    "usage": "",
    "nutrition": [
      {
        "Näringsvärde": "Energi (kcal)",
        "100 Gram": "17 kcal"
      },
      {
        "Näringsvärde": "Energi (kJ)",
        "100 Gram": "70 kJ"
      },
      {
        "Näringsvärde": "Fett",
        "100 Gram": "0 g"
      },
      {
        "Näringsvärde": "Varav mättat fett",
        "100 Gram": "0 g"
      },
      {
        "Näringsvärde": "Kolhydrat",
        "100 Gram": "0.8 g"
      },
      {
        "Näringsvärde": "Varav sockerarter",
        "100 Gram": "0 g"
      },
      {
        "Näringsvärde": "Fiber",
        "100 Gram": "1.8 g"
      },
      {
        "Näringsvärde": "Protein",
        "100 Gram": "2.6 g"
      },
      {
        "Näringsvärde": "Salt",
        "100 Gram": "0 g"
      }
    ],
    "nutritionUnitText": "Näringsvärde per 100 gram",
    "categories": {
      "mainCategory": "Frukt & Grönt",
      "subCategories": [
        {
          "name": "Grönsaker",
          "subSubCategories": [
            "Sallad",
            "Mache"
          ]
        }
      ]
    }
  },
  {
    "name": "Snackmorot Rosa bandet 200g Klass 1 ICA I love eco",
    "weightText": "0.2 kg",
    "caPart": "",
    "weightValue": 0.2,
    "weightUnit": "kg",
    "comparePrice": "79,75 kr/kg",
    "currentPrice": 15.95,
    "attributes": [
      "EU Ekologiskt",
      "Nyckelhålet",
      "Ekologiskt"
    ],
    "imgUrl": "https://handlaprivatkund.ica.se/images-v3/bf7a00ca-390e-4769-865f-dc369586872e/6434b8c6-0244-4ea9-b13b-aeb24b572068/500x500.jpg",
    "productInformation": "",
    "countryText": "Danmark",
    "companyText": "ICA I love eco",
    "ingrediensText": "Morot, dansk rå",
    "storage": "Förvaring vid 2-6 grader Lägsta förvaringstemperatur 1°C Högsta förvaringstemperatur 4°C",
    "allergens": "",
    "usage": "",
    "nutrition": [
      {
        "Näringsvärde": "Energi (kcal)",
        "100 Gram": "38 kcal"
      },
      {
        "Näringsvärde": "Energi (kJ)",
        "100 Gram": "158 kJ"
      },
      {
        "Näringsvärde": "Fett",
        "100 Gram": "0.4 g"
      },
      {
        "Näringsvärde": "Varav mättat fett",
        "100 Gram": "0.1 g"
      },
      {
        "Näringsvärde": "Kolhydrat",
        "100 Gram": "6.3 g"
      },
      {
        "Näringsvärde": "Varav sockerarter",
        "100 Gram": "6.1 g"
      },
      {
        "Näringsvärde": "Protein",
        "100 Gram": "0.8 g"
      },
      {
        "Näringsvärde": "Salt",
        "100 Gram": "0.2 g"
      }
    ],
    "nutritionUnitText": "Näringsvärde per 100 gram",
    "categories": {
      "mainCategory": "Frukt & Grönt",
      "subCategories": [
        {
          "name": "Rotfrukter",
          "subSubCategories": [
            "Morötter"
          ]
        }
      ]
    }
  },
  {
    "name": "Avokado Mogen Softripe 2st Klass 1 ICA",
    "weightText": "0.32 kg",
    "caPart": "",
    "weightValue": 0.32,
    "weightUnit": "kg",
    "comparePrice": "112,34 kr/kg",
    "currentPrice": 35.95,
    "attributes": [],
    "imgUrl": "https://handlaprivatkund.ica.se/images-v3/bf7a00ca-390e-4769-865f-dc369586872e/3112f0af-4632-4c87-bc3f-a458fc8a0b4b/500x500.jpg",
    "productInformation": "",
    "countryText": "Brasilien",
    "companyText": "ICA",
    "ingrediensText": "",
    "storage": "",
    "allergens": "",
    "usage": "",
    "nutrition": [],
    "nutritionUnitText": "",
    "categories": {
      "mainCategory": "Frukt & Grönt",
      "subCategories": [
        {
          "name": "Frukt",
          "subSubCategories": [
            "Avokado"
          ]
        }
      ]
    }
  },
  {
    "name": "Gurka ca 300g KRAV Klass 1 ICA",
    "weightText": "0.3 kg",
    "caPart": "",
    "weightValue": 0.3,
    "weightUnit": "kg",
    "comparePrice": "73,17 kr/kg",
    "currentPrice": 21.95,
    "attributes": [
      "EU Ekologiskt",
      "Ekologiskt"
    ],
    "imgUrl": "https://handlaprivatkund.ica.se/images-v3/bf7a00ca-390e-4769-865f-dc369586872e/18311bba-96c7-48e3-abf6-41269a33c305/500x500.jpg",
    "productInformation": "",
    "countryText": "Spanien",
    "companyText": "ICA I love eco",
    "ingrediensText": "",
    "storage": "",
    "allergens": "",
    "usage": "",
    "nutrition": [],
    "nutritionUnitText": "",
    "categories": {
      "mainCategory": "Frukt & Grönt",
      "subCategories": [
        {
          "name": "Grönsaker",
          "subSubCategories": [
            "Gurka"
          ]
        }
      ]
    }
  },
  {
    "name": "Potatis i påse/låda Fast Klass 1 ca 1kg",
    "weightText": "Ca 1 kg",
    "caPart": "Ca",
    "weightValue": 1,
    "weightUnit": "kg",
    "comparePrice": "12,95 kr/kg",
    "currentPrice": 12.95,
    "attributes": [
      "Ursprungsland Sverige"
    ],
    "imgUrl": "https://handlaprivatkund.ica.se/images-v3/bf7a00ca-390e-4769-865f-dc369586872e/9a6b2de6-8de8-41d1-8ca1-61e698c7ee93/500x500.jpg",
    "productInformation": "Notera att du beställer 1 kg potatis.",
    "countryText": "Sverige",
    "companyText": "",
    "ingrediensText": "",
    "storage": "",
    "allergens": "",
    "usage": "",
    "nutrition": [],
    "nutritionUnitText": "",
    "categories": {
      "mainCategory": "Frukt & Grönt",
      "subCategories": [
        {
          "name": "Potatis",
          "subSubCategories": [
            "Fast potatis"
          ]
        }
      ]
    }
  },
  {
    "name": "Romansallad 200g Klass 1 ICA",
    "weightText": "0.2 kg",
    "caPart": "",
    "weightValue": 0.2,
    "weightUnit": "kg",
    "comparePrice": "84,75 kr/kg",
    "currentPrice": 16.95,
    "attributes": [],
    "imgUrl": "https://handlaprivatkund.ica.se/images-v3/bf7a00ca-390e-4769-865f-dc369586872e/748b3725-1dc5-42b3-8d74-9e7bc196a74b/500x500.jpg",
    "productInformation": "",
    "countryText": "Spanien",
    "companyText": "ICA",
    "ingrediensText": "",
    "storage": "",
    "allergens": "",
    "usage": "",
    "nutrition": [],
    "nutritionUnitText": "",
    "categories": {
      "mainCategory": "Frukt & Grönt",
      "subCategories": [
        {
          "name": "Grönsaker",
          "subSubCategories": [
            "Sallad",
            "Romansallad"
          ]
        }
      ]
    }
  },
  {
    "name": "Delikatesspotatis Amandine Sköljd 900g Klass 1 ICA",
    "weightText": "0.9 kg",
    "caPart": "",
    "weightValue": 0.9,
    "weightUnit": "kg",
    "comparePrice": "29,94 kr/kg",
    "currentPrice": 26.95,
    "attributes": [
      "Ursprungsland Sverige"
    ],
    "imgUrl": "https://handlaprivatkund.ica.se/images-v3/bf7a00ca-390e-4769-865f-dc369586872e/90ea7f41-0b73-498d-8137-c1294ce81535/500x500.jpg",
    "productInformation": "",
    "countryText": "Sverige",
    "companyText": "ICA",
    "ingrediensText": "",
    "storage": "",
    "allergens": "",
    "usage": "",
    "nutrition": [],
    "nutritionUnitText": "",
    "categories": {
      "mainCategory": "Frukt & Grönt",
      "subCategories": [
        {
          "name": "Potatis",
          "subSubCategories": [
            "Delikatesspotatis"
          ]
        }
      ]
    }
  },
  {
    "name": "Kiwi ca 125g Klass 1 ICA",
    "weightText": "0.125 kg",
    "caPart": "",
    "weightValue": 0.125,
    "weightUnit": "kg",
    "comparePrice": "79,60 kr/kg",
    "currentPrice": 9.95,
    "attributes": [],
    "imgUrl": "https://handlaprivatkund.ica.se/images-v3/bf7a00ca-390e-4769-865f-dc369586872e/ef57aaee-e9ff-411b-9092-3b4a851df57f/500x500.jpg",
    "productInformation": "Söt smak med ett syrligt inslag. Dela och ät med sked, tärna i en fruktsallad eller på en tårta. Gnid in kött med kiwi innan tillagning för att möra det. Vikt kan variera mellan 75-150g.",
    "countryText": "Nya Zeeland",
    "companyText": "",
    "ingrediensText": "",
    "storage": "Lägsta förvaringstemperatur 1°C Högsta förvaringstemperatur 4°C",
    "allergens": "",
    "usage": "",
    "nutrition": [],
    "nutritionUnitText": "",
    "categories": {
      "mainCategory": "Frukt & Grönt",
      "subCategories": [
        {
          "name": "Frukt",
          "subSubCategories": [
            "Exotisk frukt",
            "Kiwi"
          ]
        }
      ]
    }
  },
  {
    "name": "Plommon Rosa Bandet 800g Klass 1 ICA",
    "weightText": "0.8 kg",
    "caPart": "",
    "weightValue": 0.8,
    "weightUnit": "kg",
    "comparePrice": "49,94 kr/kg",
    "currentPrice": 39.95,
    "attributes": [],
    "imgUrl": "https://handlaprivatkund.ica.se/images-v3/bf7a00ca-390e-4769-865f-dc369586872e/e349d45b-b6b2-422c-8317-6569565943f3/500x500.jpg",
    "productInformation": "",
    "countryText": "",
    "companyText": "ICA",
    "ingrediensText": "",
    "storage": "Lägsta förvaringstemperatur 1°C Högsta förvaringstemperatur 4°C",
    "allergens": "",
    "usage": "",
    "nutrition": [],
    "nutritionUnitText": "",
    "categories": {
      "mainCategory": "Frukt & Grönt",
      "subCategories": [
        {
          "name": "Frukt",
          "subSubCategories": [
            "Stenfrukt",
            "Plommon"
          ]
        }
      ]
    }
  },
  {
    "name": "Broccoli 250g Klass 1 ICA",
    "weightText": "0.25 kg",
    "caPart": "",
    "weightValue": 0.25,
    "weightUnit": "kg",
    "comparePrice": "55,80 kr/kg",
    "currentPrice": 13.95,
    "attributes": [],
    "imgUrl": "https://handlaprivatkund.ica.se/images-v3/bf7a00ca-390e-4769-865f-dc369586872e/ebc6105c-6973-4395-8da8-deec653d981a/500x500.jpg",
    "productInformation": "Spänstiga buketter med mild och fin kålsmak. Kokt som tillbehör till kött och fisk, eller ugnsgratinerad som en rätt för sig. Prova också att grilla!",
    "countryText": "Spanien",
    "companyText": "ICA",
    "ingrediensText": "",
    "storage": "Lägsta förvaringstemperatur 1°C Högsta förvaringstemperatur 4°C",
    "allergens": "",
    "usage": "",
    "nutrition": [],
    "nutritionUnitText": "",
    "categories": {
      "mainCategory": "Frukt & Grönt",
      "subCategories": [
        {
          "name": "Kål",
          "subSubCategories": [
            "Broccoli"
          ]
        }
      ]
    }
  },
  {
    "name": "Paprika Orange ca 180g Klass 1",
    "weightText": "Ca 180 g",
    "caPart": "Ca",
    "weightValue": 180,
    "weightUnit": "g",
    "comparePrice": "55,95 kr/kg",
    "currentPrice": 10.07,
    "attributes": [],
    "imgUrl": "https://handlaprivatkund.ica.se/images-v3/bf7a00ca-390e-4769-865f-dc369586872e/d0290238-e008-49ab-98d2-3708fcfabf3f/500x500.jpg",
    "productInformation": "Krispig paprika med fin sötma. Prova att rosta i ugnen, grilla eller fylla med t ex köttfärs och gratinera. En färgklick i salladsskålen!",
    "countryText": "Nederländerna",
    "companyText": "ICA",
    "ingrediensText": "",
    "storage": "Lägsta förvaringstemperatur 12°C Högsta förvaringstemperatur 16°C",
    "allergens": "",
    "usage": "",
    "nutrition": [],
    "nutritionUnitText": "",
    "categories": {
      "mainCategory": "Frukt & Grönt",
      "subCategories": [
        {
          "name": "Grönsaker",
          "subSubCategories": [
            "Paprika"
          ]
        }
      ]
    }
  },
  {
    "name": "Persilja i kruka Ekologisk 1-p KRAV Klass 1",
    "weightText": "",
    "caPart": "",
    "weightValue": 0,
    "weightUnit": "",
    "comparePrice": "",
    "currentPrice": 18.95,
    "attributes": [
      "Från Sverige",
      "EU Ekologiskt",
      "Ursprungsland Sverige",
      "Ekologiskt",
      "KRAV"
    ],
    "imgUrl": "https://handlaprivatkund.ica.se/images-v3/bf7a00ca-390e-4769-865f-dc369586872e/6f6044b9-e57c-4411-9283-fd09193ba307/500x500.jpg",
    "productInformation": "",
    "countryText": "Sverige",
    "companyText": "",
    "ingrediensText": "",
    "storage": "",
    "allergens": "",
    "usage": "",
    "nutrition": [],
    "nutritionUnitText": "",
    "categories": {
      "mainCategory": "Frukt & Grönt",
      "subCategories": [
        {
          "name": "Färska kryddor",
          "subSubCategories": [
            "Persilja"
          ]
        }
      ]
    }
  },
  {
    "name": "Citron 500g Klass 1 ICA",
    "weightText": "0.5 kg",
    "caPart": "",
    "weightValue": 0.5,
    "weightUnit": "kg",
    "comparePrice": "31,90 kr/kg",
    "currentPrice": 15.95,
    "attributes": [],
    "imgUrl": "https://handlaprivatkund.ica.se/images-v3/bf7a00ca-390e-4769-865f-dc369586872e/cdc51f84-1ea6-46b8-a3e8-d9aa7a45ff76/500x500.jpg",
    "productInformation": "",
    "countryText": "Spanien",
    "companyText": "ICA",
    "ingrediensText": "",
    "storage": "",
    "allergens": "",
    "usage": "",
    "nutrition": [],
    "nutritionUnitText": "",
    "categories": {
      "mainCategory": "Frukt & Grönt",
      "subCategories": [
        {
          "name": "Frukt",
          "subSubCategories": [
            "Citrusfrukt",
            "Citron"
          ]
        }
      ]
    }
  },
  {
    "name": "Jordgubbar 250g ICA Klass 1",
    "weightText": "0.25 kg",
    "caPart": "",
    "weightValue": 0.25,
    "weightUnit": "kg",
    "comparePrice": "223,80 kr/kg",
    "currentPrice": 55.95,
    "attributes": [],
    "imgUrl": "https://handlaprivatkund.ica.se/images-v3/bf7a00ca-390e-4769-865f-dc369586872e/625f101e-d309-44ad-8c82-6eb2ccf4f5e4/500x500.jpg",
    "productInformation": "Jordgubbar ger en försmak av sommaren.",
    "countryText": "Spanien",
    "companyText": "ICA",
    "ingrediensText": "",
    "storage": "",
    "allergens": "",
    "usage": "",
    "nutrition": [],
    "nutritionUnitText": "",
    "categories": {
      "mainCategory": "Frukt & Grönt",
      "subCategories": [
        {
          "name": "Färska bär",
          "subSubCategories": [
            "Jordgubbar"
          ]
        }
      ]
    }
  },
  {
    "name": "Sallatsmix Finbladig Spröd Sköljd 65g ICA",
    "weightText": "0.065 kg",
    "caPart": "",
    "weightValue": 0.065,
    "weightUnit": "kg",
    "comparePrice": "291,54 kr/kg",
    "currentPrice": 18.95,
    "attributes": [],
    "imgUrl": "https://handlaprivatkund.ica.se/images-v3/bf7a00ca-390e-4769-865f-dc369586872e/69f64d7e-1801-48f3-9dad-16c0633ad4e9/500x500.jpg",
    "productInformation": "Blandning med smaker som går bra ihop. Ät den som den är, kanske också med körsbärstomat, rödlök och spetspaprika. Passar på buffébordet.",
    "countryText": "Spanien",
    "companyText": "ICA",
    "ingrediensText": "",
    "storage": "",
    "allergens": "",
    "usage": "",
    "nutrition": [],
    "nutritionUnitText": "Näringsvärde per styck",
    "categories": {
      "mainCategory": "Frukt & Grönt",
      "subCategories": [
        {
          "name": "Grönsaker",
          "subSubCategories": [
            "Sallad",
            "Salladsmix"
          ]
        }
      ]
    }
  },
  {
    "name": "Röd peppar 40g Klass 1 ICA",
    "weightText": "0.04 kg",
    "caPart": "",
    "weightValue": 0.04,
    "weightUnit": "kg",
    "comparePrice": "448,75 kr/kg",
    "currentPrice": 17.95,
    "attributes": [],
    "imgUrl": "https://handlaprivatkund.ica.se/images-v3/bf7a00ca-390e-4769-865f-dc369586872e/c1dbcc36-7fc3-47d5-b1a2-0af337afb505/500x500.jpg",
    "productInformation": "Medelstark peppar med fyllig och sötaktig smak. Använd som krydda i grytor och såser. Ta bort kärnorna om du vill ha det mindre starkt.",
    "countryText": "Spanien",
    "companyText": "ICA",
    "ingrediensText": "",
    "storage": "",
    "allergens": "",
    "usage": "",
    "nutrition": [],
    "nutritionUnitText": "",
    "categories": {
      "mainCategory": "Frukt & Grönt",
      "subCategories": [
        {
          "name": "Färska kryddor",
          "subSubCategories": [
            "Färsk chilipeppar"
          ]
        }
      ]
    }
  },
  {
    "name": "Rucola i storpack Sköljd 200g ICA",
    "weightText": "0.2 kg",
    "caPart": "",
    "weightValue": 0.2,
    "weightUnit": "kg",
    "comparePrice": "124,75 kr/kg",
    "currentPrice": 24.95,
    "attributes": [],
    "imgUrl": "https://handlaprivatkund.ica.se/images-v3/bf7a00ca-390e-4769-865f-dc369586872e/be320977-01d9-4f4e-8a5a-99c7cc9ede4a/500x500.jpg",
    "productInformation": "Storpack sallat med pepprig, lite nötig ton. Använd som smaksättare i sallader och gärna tillsammans med tomater. Passar även till smakrika rätter.",
    "countryText": "Spanien",
    "companyText": "ICA",
    "ingrediensText": "",
    "storage": "",
    "allergens": "",
    "usage": "",
    "nutrition": [],
    "nutritionUnitText": "Näringsvärde per styck",
    "categories": {
      "mainCategory": "Frukt & Grönt",
      "subCategories": [
        {
          "name": "Grönsaker",
          "subSubCategories": [
            "Sallad",
            "Rucola"
          ]
        }
      ]
    }
  },
  {
    "name": "Avokado Mogen Ekologisk 320g Klass 1 ICA I love eco",
    "weightText": "0.32 kg",
    "caPart": "",
    "weightValue": 0.32,
    "weightUnit": "kg",
    "comparePrice": "131,09 kr/kg",
    "currentPrice": 41.95,
    "attributes": [
      "EU Ekologiskt",
      "Ekologiskt"
    ],
    "imgUrl": "https://handlaprivatkund.ica.se/images-v3/bf7a00ca-390e-4769-865f-dc369586872e/01a4cd7b-b099-4a33-aa95-47ea01c42af0/500x500.jpg",
    "productInformation": "",
    "countryText": "Spanien",
    "companyText": "ICA I love eco",
    "ingrediensText": "",
    "storage": "",
    "allergens": "",
    "usage": "",
    "nutrition": [],
    "nutritionUnitText": "",
    "categories": {
      "mainCategory": "Frukt & Grönt",
      "subCategories": [
        {
          "name": "Frukt",
          "subSubCategories": [
            "Avokado"
          ]
        }
      ]
    }
  },
  {
    "name": "Vitkål KRAV ca 1kg Klass 1 ICA",
    "weightText": "Ca 1000 g",
    "caPart": "Ca",
    "weightValue": 1000,
    "weightUnit": "g",
    "comparePrice": "29,95 kr/kg",
    "currentPrice": 29.95,
    "attributes": [
      "EU Ekologiskt",
      "Ursprungsland Sverige",
      "Ekologiskt"
    ],
    "imgUrl": "https://handlaprivatkund.ica.se/images-v3/bf7a00ca-390e-4769-865f-dc369586872e/44efb816-d9c1-43cf-8fc7-1244dd171a19/500x500.jpg",
    "productInformation": "",
    "countryText": "Sverige",
    "companyText": "ICA I love eco",
    "ingrediensText": "",
    "storage": "",
    "allergens": "",
    "usage": "",
    "nutrition": [],
    "nutritionUnitText": "",
    "categories": {
      "mainCategory": "Frukt & Grönt",
      "subCategories": [
        {
          "name": "Kål",
          "subSubCategories": [
            "Vitkål"
          ]
        }
      ]
    }
  },
  {
    "name": "Spetskål ca 830g Klass 1 ICA",
    "weightText": "Ca 830 g",
    "caPart": "Ca",
    "weightValue": 830,
    "weightUnit": "g",
    "comparePrice": "25,95 kr/kg",
    "currentPrice": 21.54,
    "attributes": [
      "Ursprungsland Sverige"
    ],
    "imgUrl": "https://handlaprivatkund.ica.se/images-v3/bf7a00ca-390e-4769-865f-dc369586872e/242e0fd5-3527-4a08-9a8e-19b1c0aafcf2/500x500.jpg",
    "productInformation": "",
    "countryText": "Sverige",
    "companyText": "",
    "ingrediensText": "",
    "storage": "Lägsta förvaringstemperatur 1°C Högsta förvaringstemperatur 4°C",
    "allergens": "",
    "usage": "",
    "nutrition": [],
    "nutritionUnitText": "",
    "categories": {
      "mainCategory": "Frukt & Grönt",
      "subCategories": [
        {
          "name": "Kål",
          "subSubCategories": [
            "Spetskål"
          ]
        }
      ]
    }
  },
  {
    "name": "Stjälkselleri 350g Klass 1 ICA",
    "weightText": "0.4 kg",
    "caPart": "",
    "weightValue": 0.4,
    "weightUnit": "kg",
    "comparePrice": "54,88 kr/kg",
    "currentPrice": 21.95,
    "attributes": [
      "Ursprungsland Sverige"
    ],
    "imgUrl": "https://handlaprivatkund.ica.se/images-v3/bf7a00ca-390e-4769-865f-dc369586872e/e9304766-5ce4-40e3-93dd-1afeae9ef998/500x500.jpg",
    "productInformation": "",
    "countryText": "Sverige",
    "companyText": "ICA",
    "ingrediensText": "SELLERI",
    "storage": "",
    "allergens": "",
    "usage": "",
    "nutrition": [],
    "nutritionUnitText": "",
    "categories": {
      "mainCategory": "Frukt & Grönt",
      "subCategories": [
        {
          "name": "Grönsaker",
          "subSubCategories": [
            "Stjälkselleri"
          ]
        }
      ]
    }
  },
  {
    "name": "Grön kruksallat Ekologisk 1-p KRAV Klass 1 ICA",
    "weightText": "",
    "caPart": "",
    "weightValue": 0,
    "weightUnit": "",
    "comparePrice": "",
    "currentPrice": 21.95,
    "attributes": [
      "Från Sverige",
      "EU Ekologiskt",
      "Ursprungsland Sverige",
      "Ekologiskt",
      "KRAV"
    ],
    "imgUrl": "https://handlaprivatkund.ica.se/images-v3/bf7a00ca-390e-4769-865f-dc369586872e/945f9e25-1baf-42bc-8a23-3aad7fa2f986/500x500.jpg",
    "productInformation": "",
    "countryText": "Sverige",
    "companyText": "ICA I love eco",
    "ingrediensText": "",
    "storage": "",
    "allergens": "",
    "usage": "",
    "nutrition": [],
    "nutritionUnitText": "",
    "categories": {
      "mainCategory": "Frukt & Grönt",
      "subCategories": [
        {
          "name": "Grönsaker",
          "subSubCategories": [
            "Sallad",
            "Övrig sallad"
          ]
        }
      ]
    }
  },
  {
    "name": "Dill i kruka Ekologisk 1-p KRAV Klass 1",
    "weightText": "",
    "caPart": "",
    "weightValue": 0,
    "weightUnit": "",
    "comparePrice": "",
    "currentPrice": 18.95,
    "attributes": [
      "Från Sverige",
      "EU Ekologiskt",
      "Ursprungsland Sverige",
      "Ekologiskt",
      "KRAV"
    ],
    "imgUrl": "https://handlaprivatkund.ica.se/images-v3/bf7a00ca-390e-4769-865f-dc369586872e/3548ed12-d548-4443-a652-e7017b7ebffa/500x500.jpg",
    "productInformation": "",
    "countryText": "Sverige",
    "companyText": "",
    "ingrediensText": "",
    "storage": "",
    "allergens": "",
    "usage": "",
    "nutrition": [],
    "nutritionUnitText": "",
    "categories": {
      "mainCategory": "Frukt & Grönt",
      "subCategories": [
        {
          "name": "Färska kryddor",
          "subSubCategories": [
            "Dill"
          ]
        }
      ]
    }
  },
  {
    "name": "Paprika Mix Ekologisk 300g Klass 1 ICA I",
    "weightText": "0.3 kg",
    "caPart": "",
    "weightValue": 0.3,
    "weightUnit": "kg",
    "comparePrice": "143,17 kr/kg",
    "currentPrice": 42.95,
    "attributes": [
      "EU Ekologiskt",
      "Ekologiskt",
      "KRAV"
    ],
    "imgUrl": "https://handlaprivatkund.ica.se/images-v3/bf7a00ca-390e-4769-865f-dc369586872e/8e491997-8525-4e88-be3b-dc21d3b2ce92/500x500.jpg",
    "productInformation": "",
    "countryText": "Spanien",
    "companyText": "ICA I love eco",
    "ingrediensText": "",
    "storage": "Lägsta förvaringstemperatur 12°C Högsta förvaringstemperatur 16°C",
    "allergens": "",
    "usage": "",
    "nutrition": [],
    "nutritionUnitText": "",
    "categories": {
      "mainCategory": "Frukt & Grönt",
      "subCategories": [
        {
          "name": "Grönsaker",
          "subSubCategories": [
            "Paprika"
          ]
        }
      ]
    }
  },
  {
    "name": "Fänkål ca 300g Klass 1 ICA",
    "weightText": "Ca 300 g",
    "caPart": "Ca",
    "weightValue": 300,
    "weightUnit": "g",
    "comparePrice": "39,95 kr/kg",
    "currentPrice": 11.99,
    "attributes": [
      "Ursprungsland Sverige"
    ],
    "imgUrl": "https://handlaprivatkund.ica.se/images-v3/bf7a00ca-390e-4769-865f-dc369586872e/5cd5f119-bfcf-49c2-aaba-fa3e94ee5cc5/500x500.jpg",
    "productInformation": "Krispig grönsak med frisk smak som påminner om lakrits och anis. God att äta både rå och tillagad. Prova gratinerad eller i grytor och soppor.",
    "countryText": "Sverige",
    "companyText": "",
    "ingrediensText": "",
    "storage": "Lägsta förvaringstemperatur 1°C Högsta förvaringstemperatur 4°C",
    "allergens": "",
    "usage": "",
    "nutrition": [],
    "nutritionUnitText": "",
    "categories": {
      "mainCategory": "Frukt & Grönt",
      "subCategories": [
        {
          "name": "Kål",
          "subSubCategories": [
            "Fänkål"
          ]
        }
      ]
    }
  },
  {
    "name": "Grape Star Ruby röd ca 400g Klass 1 ICA",
    "weightText": "0.4 kg",
    "caPart": "",
    "weightValue": 0.4,
    "weightUnit": "kg",
    "comparePrice": "24,88 kr/kg",
    "currentPrice": 9.95,
    "attributes": [],
    "imgUrl": "https://handlaprivatkund.ica.se/images-v3/bf7a00ca-390e-4769-865f-dc369586872e/1528d60e-546b-42ab-b0b4-9db8f6114970/500x500.jpg",
    "productInformation": "",
    "countryText": "Sydafrika",
    "companyText": "ICA",
    "ingrediensText": "",
    "storage": "Lägsta förvaringstemperatur 12°C Högsta förvaringstemperatur 16°C",
    "allergens": "",
    "usage": "",
    "nutrition": [],
    "nutritionUnitText": "",
    "categories": {
      "mainCategory": "Frukt & Grönt",
      "subCategories": [
        {
          "name": "Frukt",
          "subSubCategories": [
            "Citrusfrukt",
            "Grapefrukt"
          ]
        }
      ]
    }
  },
  {
    "name": "Böngroddar Ekologiska 180g KRAV Klass 1",
    "weightText": "0.18 kg",
    "caPart": "",
    "weightValue": 0.18,
    "weightUnit": "kg",
    "comparePrice": "110,83 kr/kg",
    "currentPrice": 19.95,
    "attributes": [
      "EU Ekologiskt",
      "Ursprungsland Sverige",
      "Ekologiskt",
      "KRAV"
    ],
    "imgUrl": "https://handlaprivatkund.ica.se/images-v3/bf7a00ca-390e-4769-865f-dc369586872e/4c9a2c18-d83b-4393-aba2-eada264f2eb4/500x500.jpg",
    "productInformation": "",
    "countryText": "Sverige",
    "companyText": "",
    "ingrediensText": "",
    "storage": "Lägsta förvaringstemperatur 1°C Högsta förvaringstemperatur 4°C",
    "allergens": "",
    "usage": "",
    "nutrition": [],
    "nutritionUnitText": "",
    "categories": {
      "mainCategory": "Frukt & Grönt",
      "subCategories": [
        {
          "name": "Grönsaker",
          "subSubCategories": [
            "Groddar"
          ]
        }
      ]
    }
  },
  {
    "name": "Blåbär 300g Klass 1 ICA",
    "weightText": "0.3 kg",
    "caPart": "",
    "weightValue": 0.3,
    "weightUnit": "kg",
    "comparePrice": "199,83 kr/kg",
    "currentPrice": 59.95,
    "attributes": [],
    "imgUrl": "https://handlaprivatkund.ica.se/images-v3/bf7a00ca-390e-4769-865f-dc369586872e/108ca0fa-8bf2-486e-a6bb-c32b8751bc23/500x500.jpg",
    "productInformation": "Blåbär i lite större förpackning på 300g. Både den vackra blå färgen och storleken kan variera beroende på sort men en sak har de gemensamt, sin goda smak. Sött och krispigt och ett perfekt snacks som både smakar gott och gör gott.",
    "countryText": "Peru",
    "companyText": "ICA",
    "ingrediensText": "",
    "storage": "",
    "allergens": "",
    "usage": "",
    "nutrition": [],
    "nutritionUnitText": "",
    "categories": {
      "mainCategory": "Frukt & Grönt",
      "subCategories": [
        {
          "name": "Färska bär",
          "subSubCategories": [
            "Blåbär"
          ]
        }
      ]
    }
  },
  {
    "name": "Finbladig Säsongens Mix 65g ICA",
    "weightText": "0.065 kg",
    "caPart": "",
    "weightValue": 0.065,
    "weightUnit": "kg",
    "comparePrice": "291,54 kr/kg",
    "currentPrice": 18.95,
    "attributes": [],
    "imgUrl": "https://handlaprivatkund.ica.se/images-v3/bf7a00ca-390e-4769-865f-dc369586872e/f8f9e1bd-1b6c-4352-9576-23f77eb3e608/500x500.jpg",
    "productInformation": "",
    "countryText": "EU",
    "companyText": "ICA",
    "ingrediensText": "Rucola, Babyspenat, Red Chard, MâcheRöda babyleaf kan variera mellan red chard, bulls blood, röd batavia, röd roman, röd isberg, röd tango, röd tatsoi, röd baby lollo rossoGröna babyleaf kan variera mellan mache, mizuna, tatsoi, grön roman",
    "storage": "Lägsta förvaringstemperatur 1°C Högsta förvaringstemperatur 4°C",
    "allergens": "",
    "usage": "",
    "nutrition": [
      {
        "Näringsvärde": "Energi (kcal)",
        "100 Gram": "20 kcal"
      },
      {
        "Näringsvärde": "Energi (kJ)",
        "100 Gram": "90 kJ"
      },
      {
        "Näringsvärde": "Fett",
        "100 Gram": "0 g"
      },
      {
        "Näringsvärde": "Varav mättat fett",
        "100 Gram": "0 g"
      },
      {
        "Näringsvärde": "Kolhydrat",
        "100 Gram": "0.9 g"
      },
      {
        "Näringsvärde": "Varav sockerarter",
        "100 Gram": "0 g"
      },
      {
        "Näringsvärde": "Fiber",
        "100 Gram": "1.8 g"
      },
      {
        "Näringsvärde": "Protein",
        "100 Gram": "2.7 g"
      },
      {
        "Näringsvärde": "Salt",
        "100 Gram": "0.2 g"
      }
    ],
    "nutritionUnitText": "",
    "categories": {
      "mainCategory": "Frukt & Grönt",
      "subCategories": [
        {
          "name": "Grönsaker",
          "subSubCategories": [
            "Sallad",
            "Salladsmix"
          ]
        }
      ]
    }
  },
  {
    "name": "Broccoli 500g Klass 1 ICA",
    "weightText": "0.5 kg",
    "caPart": "",
    "weightValue": 0.5,
    "weightUnit": "kg",
    "comparePrice": "47,90 kr/kg",
    "currentPrice": 23.95,
    "attributes": [],
    "imgUrl": "https://handlaprivatkund.ica.se/images-v3/bf7a00ca-390e-4769-865f-dc369586872e/398b210a-5d43-4a83-aed4-0041b4873065/500x500.jpg",
    "productInformation": "Broccoli har en mild kålsmak. Koka den gärna men prova också att gratinera eller grilla den. Servera som tillbehör till kött eller kyckling. Passar till dip.",
    "countryText": "Spanien",
    "companyText": "ICA",
    "ingrediensText": "",
    "storage": "",
    "allergens": "",
    "usage": "",
    "nutrition": [],
    "nutritionUnitText": "",
    "categories": {
      "mainCategory": "Frukt & Grönt",
      "subCategories": [
        {
          "name": "Kål",
          "subSubCategories": [
            "Broccoli"
          ]
        }
      ]
    }
  },
  {
    "name": "Brysselkål 500g Klass 1 ICA",
    "weightText": "0.5 kg",
    "caPart": "",
    "weightValue": 0.5,
    "weightUnit": "kg",
    "comparePrice": "47,90 kr/kg",
    "currentPrice": 23.95,
    "attributes": [
      "Ursprungsland Sverige"
    ],
    "imgUrl": "https://handlaprivatkund.ica.se/images-v3/bf7a00ca-390e-4769-865f-dc369586872e/1eebed54-07bb-4dc9-8546-1cd5740875e1/500x500.jpg",
    "productInformation": "",
    "countryText": "Sverige",
    "companyText": "ICA",
    "ingrediensText": "",
    "storage": "Lägsta förvaringstemperatur 1°C Högsta förvaringstemperatur 4°C",
    "allergens": "",
    "usage": "",
    "nutrition": [],
    "nutritionUnitText": "",
    "categories": {
      "mainCategory": "Jul",
      "subCategories": [
        {
          "name": "Julmat",
          "subSubCategories": [
            "Övrig julmat"
          ]
        }
      ]
    }
  },
  {
    "name": "Bistrosallad Sköljd 150g ICA",
    "weightText": "0.15 kg",
    "caPart": "",
    "weightValue": 0.15,
    "weightUnit": "kg",
    "comparePrice": "179,67 kr/kg",
    "currentPrice": 26.95,
    "attributes": [
      "Ursprungsland Sverige"
    ],
    "imgUrl": "https://handlaprivatkund.ica.se/images-v3/bf7a00ca-390e-4769-865f-dc369586872e/6191fb46-91ec-400a-bc87-e4aeef5e6a7b/500x500.jpg",
    "productInformation": "Vacker blandning av nötig mache, krispigt kärv frisée samt lite sötsyrlig rödbeta. Fin med dressing vid sidan av maten. Sköljd och färdig att servera.",
    "countryText": "Sverige",
    "companyText": "ICA",
    "ingrediensText": "",
    "storage": "",
    "allergens": "",
    "usage": "",
    "nutrition": [],
    "nutritionUnitText": "Näringsvärde per styck",
    "categories": {
      "mainCategory": "Frukt & Grönt",
      "subCategories": [
        {
          "name": "Grönsaker",
          "subSubCategories": [
            "Sallad",
            "Salladsmix"
          ]
        }
      ]
    }
  },
  {
    "name": "Purjolök ca 280g Klass 1 ICA Eko",
    "weightText": "Ca 280 g",
    "caPart": "Ca",
    "weightValue": 280,
    "weightUnit": "g",
    "comparePrice": "41,95 kr/kg",
    "currentPrice": 11.75,
    "attributes": [
      "EU Ekologiskt",
      "Ekologiskt",
      "KRAV"
    ],
    "imgUrl": "https://handlaprivatkund.ica.se/images-v3/bf7a00ca-390e-4769-865f-dc369586872e/5ae0e0fb-2994-4781-9641-4c109add3b44/500x500.jpg",
    "productInformation": "",
    "countryText": "Nederländerna",
    "companyText": "ICA I love eco",
    "ingrediensText": "",
    "storage": "",
    "allergens": "",
    "usage": "",
    "nutrition": [],
    "nutritionUnitText": "",
    "categories": {
      "mainCategory": "Frukt & Grönt",
      "subCategories": [
        {
          "name": "Lök",
          "subSubCategories": [
            "Purjolök"
          ]
        }
      ]
    }
  },
  {
    "name": "Snackpaprika 150g Klass 1 Klass 1 ICA",
    "weightText": "0.15 kg",
    "caPart": "",
    "weightValue": 0.15,
    "weightUnit": "kg",
    "comparePrice": "133,00 kr/kg",
    "currentPrice": 19.95,
    "attributes": [],
    "imgUrl": "https://handlaprivatkund.ica.se/images-v3/bf7a00ca-390e-4769-865f-dc369586872e/8f6f8e09-fda3-4bd7-85ba-8c502f94f9cc/500x500.jpg",
    "productInformation": "",
    "countryText": "Estland",
    "companyText": "ICA",
    "ingrediensText": "",
    "storage": "",
    "allergens": "",
    "usage": "",
    "nutrition": [],
    "nutritionUnitText": "",
    "categories": {
      "mainCategory": "Frukt & Grönt",
      "subCategories": [
        {
          "name": "Grönsaker",
          "subSubCategories": [
            "Paprika"
          ]
        }
      ]
    }
  },
  {
    "name": "Pak choi 250g Klass 1 ICA",
    "weightText": "0.25 kg",
    "caPart": "",
    "weightValue": 0.25,
    "weightUnit": "kg",
    "comparePrice": "95,80 kr/kg",
    "currentPrice": 23.95,
    "attributes": [
      "Ursprungsland Sverige"
    ],
    "imgUrl": "https://handlaprivatkund.ica.se/images-v3/bf7a00ca-390e-4769-865f-dc369586872e/191015d3-c114-47ff-afe4-cd26d07779d8/500x500.jpg",
    "productInformation": "",
    "countryText": "Sverige",
    "companyText": "ICA",
    "ingrediensText": "",
    "storage": "",
    "allergens": "",
    "usage": "",
    "nutrition": [],
    "nutritionUnitText": "",
    "categories": {
      "mainCategory": "Frukt & Grönt",
      "subCategories": [
        {
          "name": "Kål",
          "subSubCategories": [
            "Övrig kål"
          ]
        }
      ]
    }
  },
  {
    "name": "Granatäpple ca 300g Klass 1 ICA",
    "weightText": "0.3 kg",
    "caPart": "",
    "weightValue": 0.3,
    "weightUnit": "kg",
    "comparePrice": "63,17 kr/kg",
    "currentPrice": 18.95,
    "attributes": [],
    "imgUrl": "https://handlaprivatkund.ica.se/images-v3/bf7a00ca-390e-4769-865f-dc369586872e/f25748b0-af54-4a9d-8c9a-60a1909b3818/500x500.jpg",
    "productInformation": "Inuti granatäpplet finns ett geléaktigt kött och kärnor som går att äta. Smaken påminner om vinbär. Passar i fruktsallad, dessert och matlagning.",
    "countryText": "Israel",
    "companyText": "",
    "ingrediensText": "",
    "storage": "Lägsta förvaringstemperatur 1°C Högsta förvaringstemperatur 4°C",
    "allergens": "",
    "usage": "",
    "nutrition": [],
    "nutritionUnitText": "",
    "categories": {
      "mainCategory": "Frukt & Grönt",
      "subCategories": [
        {
          "name": "Frukt",
          "subSubCategories": [
            "Exotisk frukt",
            "Övrig exotisk frukt"
          ]
        }
      ]
    }
  },
  {
    "name": "Rödbetor förkokta 500g ICA",
    "weightText": "0.5 kg",
    "caPart": "",
    "weightValue": 0.5,
    "weightUnit": "kg",
    "comparePrice": "31,90 kr/kg",
    "currentPrice": 15.95,
    "attributes": [
      "Från Sverige",
      "Ursprungsland Sverige"
    ],
    "imgUrl": "https://handlaprivatkund.ica.se/images-v3/bf7a00ca-390e-4769-865f-dc369586872e/5bb92e1c-f1f4-41a8-b024-677b895421be/500x500.jpg",
    "productInformation": "",
    "countryText": "Sverige",
    "companyText": "ICA",
    "ingrediensText": "ingredienser: Rödbetor, skalade och ångkokta",
    "storage": "",
    "allergens": "",
    "usage": "",
    "nutrition": [],
    "nutritionUnitText": "",
    "categories": {
      "mainCategory": "Frukt & Grönt",
      "subCategories": [
        {
          "name": "Rotfrukter",
          "subSubCategories": [
            "Betor",
            "Rödbetor"
          ]
        }
      ]
    }
  },
  {
    "name": "Mjölig potatis 2kg KRAV ICA I love eco Klass 1",
    "weightText": "2 kg",
    "caPart": "",
    "weightValue": 2,
    "weightUnit": "kg",
    "comparePrice": "22,48 kr/kg",
    "currentPrice": 44.95,
    "attributes": [
      "EU Ekologiskt",
      "Ursprungsland Sverige",
      "Ekologiskt",
      "KRAV"
    ],
    "imgUrl": "https://handlaprivatkund.ica.se/images-v3/bf7a00ca-390e-4769-865f-dc369586872e/1a64d279-25b8-4de7-924f-590e1c3447e7/500x500.jpg",
    "productInformation": "ICA Ekologisk Mjölig Potatis. Mjöliga sorter kokar sönder lättare och behöver tillagas varsamt. Passar till mos, soppor, att pressa och i gratänger.",
    "countryText": "Sverige",
    "companyText": "ICA I love eco",
    "ingrediensText": "",
    "storage": "",
    "allergens": "",
    "usage": "",
    "nutrition": [],
    "nutritionUnitText": "",
    "categories": {
      "mainCategory": "Frukt & Grönt",
      "subCategories": [
        {
          "name": "Potatis",
          "subSubCategories": [
            "Mjölig potatis"
          ]
        }
      ]
    }
  },
  {
    "name": "Vattenmelon Mini ca 1,95kg Klass 1 ICA",
    "weightText": "Ca 1950 g",
    "caPart": "Ca",
    "weightValue": 1950,
    "weightUnit": "g",
    "comparePrice": "29,95 kr/kg",
    "currentPrice": 58.4,
    "attributes": [],
    "imgUrl": "https://handlaprivatkund.ica.se/images-v3/bf7a00ca-390e-4769-865f-dc369586872e/6ad11d4f-c4da-4765-8d94-8ae5efad4a1a/500x500.jpg",
    "productInformation": "",
    "countryText": "Spanien",
    "companyText": "",
    "ingrediensText": "",
    "storage": "Lägsta förvaringstemperatur 12°C Högsta förvaringstemperatur 16°C",
    "allergens": "",
    "usage": "",
    "nutrition": [],
    "nutritionUnitText": "",
    "categories": {
      "mainCategory": "Frukt & Grönt",
      "subCategories": [
        {
          "name": "Frukt",
          "subSubCategories": [
            "Melon",
            "Vattenmelon"
          ]
        }
      ]
    }
  },
  {
    "name": "Provensalsksallad Rosa Bandet ICA",
    "weightText": "0.15 kg",
    "caPart": "",
    "weightValue": 0.15,
    "weightUnit": "kg",
    "comparePrice": "179,67 kr/kg",
    "currentPrice": 26.95,
    "attributes": [],
    "imgUrl": "https://handlaprivatkund.ica.se/images-v3/bf7a00ca-390e-4769-865f-dc369586872e/7e1559d3-251c-4be3-81c0-d09697685585/500x500.jpg",
    "productInformation": "",
    "countryText": "",
    "companyText": "ICA",
    "ingrediensText": "Friséesallat, rosésallat, mâchesallat",
    "storage": "",
    "allergens": "",
    "usage": "",
    "nutrition": [
      {
        "Näringsvärde": "Energi (kcal)",
        "100 Gram": "19 kcal"
      },
      {
        "Näringsvärde": "Energi (kJ)",
        "100 Gram": "80 kJ"
      },
      {
        "Näringsvärde": "Fett",
        "100 Gram": "0 g"
      },
      {
        "Näringsvärde": "Varav mättat fett",
        "100 Gram": "0 g"
      },
      {
        "Näringsvärde": "Kolhydrat",
        "100 Gram": "2.4 g"
      },
      {
        "Näringsvärde": "Varav sockerarter",
        "100 Gram": "0.6 g"
      },
      {
        "Näringsvärde": "Fiber",
        "100 Gram": "1.6 g"
      },
      {
        "Näringsvärde": "Protein",
        "100 Gram": "1.6 g"
      },
      {
        "Näringsvärde": "Salt",
        "100 Gram": "0.1 g"
      }
    ],
    "nutritionUnitText": "Näringsvärde per 100 gram",
    "categories": {
      "mainCategory": "Frukt & Grönt",
      "subCategories": [
        {
          "name": "Grönsaker",
          "subSubCategories": [
            "Sallad",
            "Salladsmix"
          ]
        }
      ]
    }
  },
  {
    "name": "Majs förkokt vacumförpackad 450g ICA",
    "weightText": "0.45 kg",
    "caPart": "",
    "weightValue": 0.45,
    "weightUnit": "kg",
    "comparePrice": "57,67 kr/kg",
    "currentPrice": 25.95,
    "attributes": [],
    "imgUrl": "https://handlaprivatkund.ica.se/images-v3/bf7a00ca-390e-4769-865f-dc369586872e/5175724e-da7b-4ee4-a010-368055797a46/500x500.jpg",
    "productInformation": "",
    "countryText": "Spanien",
    "companyText": "ICA",
    "ingrediensText": "Majs, salt, antioxidationsmedel: citronsyra.",
    "storage": "",
    "allergens": "",
    "usage": "",
    "nutrition": [
      {
        "Näringsvärde": "Energi (kcal)",
        "100 Gram": "109 kcal"
      },
      {
        "Näringsvärde": "Energi (kJ)",
        "100 Gram": "456 kJ"
      },
      {
        "Näringsvärde": "Fett",
        "100 Gram": "2.8 g"
      },
      {
        "Näringsvärde": "Varav mättat fett",
        "100 Gram": "0.7 g"
      },
      {
        "Näringsvärde": "Kolhydrat",
        "100 Gram": "15 g"
      },
      {
        "Näringsvärde": "Varav sockerarter",
        "100 Gram": "7 g"
      },
      {
        "Näringsvärde": "Fiber",
        "100 Gram": "3.2 g"
      },
      {
        "Näringsvärde": "Protein",
        "100 Gram": "3.2 g"
      },
      {
        "Näringsvärde": "Salt",
        "100 Gram": "0.04 g"
      }
    ],
    "nutritionUnitText": "Näringsvärde per 100 gram",
    "categories": {
      "mainCategory": "Frukt & Grönt",
      "subCategories": [
        {
          "name": "Grönsaker",
          "subSubCategories": [
            "Majs"
          ]
        }
      ]
    }
  },
  {
    "name": "Sparris grön ca 250g Klass 1 ICA",
    "weightText": "0.25 kg",
    "caPart": "",
    "weightValue": 0.25,
    "weightUnit": "kg",
    "comparePrice": "179,80 kr/kg",
    "currentPrice": 44.95,
    "attributes": [],
    "imgUrl": "https://handlaprivatkund.ica.se/images-v3/bf7a00ca-390e-4769-865f-dc369586872e/0516dea7-7985-4f49-89e5-a71cf5860c7f/500x500.jpg",
    "productInformation": "",
    "countryText": "Peru",
    "companyText": "",
    "ingrediensText": "",
    "storage": "Lägsta förvaringstemperatur 1°C Högsta förvaringstemperatur 4°C",
    "allergens": "",
    "usage": "",
    "nutrition": [],
    "nutritionUnitText": "",
    "categories": {
      "mainCategory": "Frukt & Grönt",
      "subCategories": [
        {
          "name": "Grönsaker",
          "subSubCategories": [
            "Sparris"
          ]
        }
      ]
    }
  },
  {
    "name": "Rucola Sköljd Ekologisk 65g ICA I love eco",
    "weightText": "0.065 kg",
    "caPart": "",
    "weightValue": 0.065,
    "weightUnit": "kg",
    "comparePrice": "306,92 kr/kg",
    "currentPrice": 19.95,
    "attributes": [
      "EU Ekologiskt",
      "Ekologiskt"
    ],
    "imgUrl": "https://handlaprivatkund.ica.se/images-v3/bf7a00ca-390e-4769-865f-dc369586872e/74b0568d-eb72-4dbf-ba44-f0080d6bd466/500x500.jpg",
    "productInformation": "Ekologisk sallat med pepprig, lite nötig ton. Använd som smaksättare i salladsblandningar och medelhavsmat som pasta, pizza och sallad.",
    "countryText": "Italien",
    "companyText": "ICA I love eco",
    "ingrediensText": "",
    "storage": "",
    "allergens": "",
    "usage": "",
    "nutrition": [],
    "nutritionUnitText": "Näringsvärde per styck",
    "categories": {
      "mainCategory": "Frukt & Grönt",
      "subCategories": [
        {
          "name": "Grönsaker",
          "subSubCategories": [
            "Sallad",
            "Rucola"
          ]
        }
      ]
    }
  },
  {
    "name": "Rödbeta 1kg Klass 1 ICA",
    "weightText": "1 kg",
    "caPart": "",
    "weightValue": 1,
    "weightUnit": "kg",
    "comparePrice": "17,95 kr/kg",
    "currentPrice": 17.95,
    "attributes": [
      "Ursprungsland Sverige"
    ],
    "imgUrl": "https://handlaprivatkund.ica.se/images-v3/bf7a00ca-390e-4769-865f-dc369586872e/a71e34a2-44a4-40d9-9bfa-dc4ae599e2d8/500x500.jpg",
    "productInformation": "",
    "countryText": "Sverige",
    "companyText": "ICA",
    "ingrediensText": "",
    "storage": "",
    "allergens": "",
    "usage": "",
    "nutrition": [],
    "nutritionUnitText": "",
    "categories": {
      "mainCategory": "Frukt & Grönt",
      "subCategories": [
        {
          "name": "Rotfrukter",
          "subSubCategories": [
            "Betor",
            "Rödbetor"
          ]
        }
      ]
    }
  },
  {
    "name": "Råkostsallad Ekologisk 275g ICA I love eco",
    "weightText": "0.275 kg",
    "caPart": "",
    "weightValue": 0.275,
    "weightUnit": "kg",
    "comparePrice": "94,36 kr/kg",
    "currentPrice": 25.95,
    "attributes": [
      "EU Ekologiskt",
      "Ekologiskt"
    ],
    "imgUrl": "https://handlaprivatkund.ica.se/images-v3/bf7a00ca-390e-4769-865f-dc369586872e/1a4f8dc9-170e-4794-980d-04cad48376ef/500x500.jpg",
    "productInformation": "Påsen innehåller en ekologisk råkostklassiker som är jättegod både i sallader, naturell och tillagad. Enkelt och gott. Sköljd och färdig att äta.",
    "countryText": "EU",
    "companyText": "ICA I love eco",
    "ingrediensText": "",
    "storage": "",
    "allergens": "",
    "usage": "",
    "nutrition": [],
    "nutritionUnitText": "Näringsvärde per styck",
    "categories": {
      "mainCategory": "Frukt & Grönt",
      "subCategories": [
        {
          "name": "Grönsaker",
          "subSubCategories": [
            "Sallad",
            "Salladsmix"
          ]
        }
      ]
    }
  },
  {
    "name": "Koriander Bunt Klass 1 ICA",
    "weightText": "0.1 kg",
    "caPart": "",
    "weightValue": 0.1,
    "weightUnit": "kg",
    "comparePrice": "199,50 kr/kg",
    "currentPrice": 19.95,
    "attributes": [],
    "imgUrl": "https://handlaprivatkund.ica.se/images-v3/bf7a00ca-390e-4769-865f-dc369586872e/873d9a31-4d08-4092-829a-564f646fadf3/500x500.jpg",
    "productInformation": "",
    "countryText": "Spanien",
    "companyText": "",
    "ingrediensText": "",
    "storage": "Lägsta förvaringstemperatur 1°C Högsta förvaringstemperatur 4°C",
    "allergens": "",
    "usage": "",
    "nutrition": [],
    "nutritionUnitText": "",
    "categories": {
      "mainCategory": "Frukt & Grönt",
      "subCategories": [
        {
          "name": "Färska kryddor",
          "subSubCategories": [
            "Koriander"
          ]
        }
      ]
    }
  },
  {
    "name": "Zucchini Grön KRAV ca 275g Klass 1 ICA",
    "weightText": "Ca 275 g",
    "caPart": "Ca",
    "weightValue": 275,
    "weightUnit": "g",
    "comparePrice": "59,95 kr/kg",
    "currentPrice": 16.49,
    "attributes": [
      "EU Ekologiskt",
      "Ekologiskt",
      "KRAV"
    ],
    "imgUrl": "https://handlaprivatkund.ica.se/images-v3/bf7a00ca-390e-4769-865f-dc369586872e/c39f3bd0-ce46-48d9-bbfa-8b6c1c367c3d/500x500.jpg",
    "productInformation": "",
    "countryText": "Spanien",
    "companyText": "ICA I love eco",
    "ingrediensText": "",
    "storage": "",
    "allergens": "",
    "usage": "",
    "nutrition": [],
    "nutritionUnitText": "",
    "categories": {
      "mainCategory": "Frukt & Grönt",
      "subCategories": [
        {
          "name": "Grönsaker",
          "subSubCategories": [
            "Zucchini"
          ]
        }
      ]
    }
  },
  {
    "name": "Snackmorötter Ekologisk 200g Klass 1 ICA I love eco",
    "weightText": "0.2 kg",
    "caPart": "",
    "weightValue": 0.2,
    "weightUnit": "kg",
    "comparePrice": "79,75 kr/kg",
    "currentPrice": 15.95,
    "attributes": [
      "EU Ekologiskt",
      "Nyckelhålet",
      "Ekologiskt"
    ],
    "imgUrl": "https://handlaprivatkund.ica.se/images-v3/bf7a00ca-390e-4769-865f-dc369586872e/f65d0247-934d-4547-b4c6-c1e66f881845/500x500.jpg",
    "productInformation": "",
    "countryText": "Danmark",
    "companyText": "ICA I love eco",
    "ingrediensText": "Morot, dansk rå",
    "storage": "Förvaring vid 2-6 grader",
    "allergens": "",
    "usage": "Kan avnjutas råa såväl som tillagade",
    "nutrition": [
      {
        "Näringsvärde": "Energi (kcal)",
        "100 Gram": "38 kcal"
      },
      {
        "Näringsvärde": "Energi (kJ)",
        "100 Gram": "158 kJ"
      },
      {
        "Näringsvärde": "Fett",
        "100 Gram": "0.4 g"
      },
      {
        "Näringsvärde": "Varav mättat fett",
        "100 Gram": "0.1 g"
      },
      {
        "Näringsvärde": "Kolhydrat",
        "100 Gram": "6.3 g"
      },
      {
        "Näringsvärde": "Varav sockerarter",
        "100 Gram": "6.1 g"
      },
      {
        "Näringsvärde": "Protein",
        "100 Gram": "0.8 g"
      },
      {
        "Näringsvärde": "Salt",
        "100 Gram": "0.2 g"
      }
    ],
    "nutritionUnitText": "Näringsvärde per 100 gram",
    "categories": {
      "mainCategory": "Frukt & Grönt",
      "subCategories": [
        {
          "name": "Rotfrukter",
          "subSubCategories": [
            "Morötter"
          ]
        }
      ]
    }
  },
  {
    "name": "Lök Gul i nät 500g KRAV Klass 1 ICA I love eco",
    "weightText": "0.5 kg",
    "caPart": "",
    "weightValue": 0.5,
    "weightUnit": "kg",
    "comparePrice": "43,90 kr/kg",
    "currentPrice": 21.95,
    "attributes": [
      "EU Ekologiskt",
      "Ursprungsland Sverige",
      "Ekologiskt",
      "KRAV"
    ],
    "imgUrl": "https://handlaprivatkund.ica.se/images-v3/bf7a00ca-390e-4769-865f-dc369586872e/cede13c9-0cb7-4b5e-a05f-74554b4909a0/500x500.jpg",
    "productInformation": "",
    "countryText": "Sverige",
    "companyText": "ICA I love eco",
    "ingrediensText": "",
    "storage": "Lägsta förvaringstemperatur 12°C Högsta förvaringstemperatur 14°C",
    "allergens": "",
    "usage": "",
    "nutrition": [],
    "nutritionUnitText": "",
    "categories": {
      "mainCategory": "Frukt & Grönt",
      "subCategories": [
        {
          "name": "Lök",
          "subSubCategories": [
            "Gul lök"
          ]
        }
      ]
    }
  },
  {
    "name": "Blomkål ca 750g Klass 1 ICA",
    "weightText": "Ca 0.75 kg",
    "caPart": "Ca",
    "weightValue": 0.75,
    "weightUnit": "kg",
    "comparePrice": "31,95 kr/kg",
    "currentPrice": 23.96,
    "attributes": [
      "Ursprungsland Sverige"
    ],
    "imgUrl": "https://handlaprivatkund.ica.se/images-v3/bf7a00ca-390e-4769-865f-dc369586872e/78159bb4-5b5c-4dbd-8787-81f14d0193db/500x500.jpg",
    "productInformation": "",
    "countryText": "Sverige",
    "companyText": "ICA",
    "ingrediensText": "",
    "storage": "",
    "allergens": "",
    "usage": "",
    "nutrition": [],
    "nutritionUnitText": "",
    "categories": {
      "mainCategory": "Frukt & Grönt",
      "subCategories": [
        {
          "name": "Kål",
          "subSubCategories": [
            "Blomkål"
          ]
        }
      ]
    }
  },
  {
    "name": "Physalis 100g Klass 1 ICA",
    "weightText": "0.1 kg",
    "caPart": "",
    "weightValue": 0.1,
    "weightUnit": "kg",
    "comparePrice": "249,50 kr/kg",
    "currentPrice": 24.95,
    "attributes": [],
    "imgUrl": "https://handlaprivatkund.ica.se/images-v3/bf7a00ca-390e-4769-865f-dc369586872e/4dff135c-1a86-424a-93fa-b13fe78c3fb5/500x500.jpg",
    "productInformation": "",
    "countryText": "Colombia",
    "companyText": "ICA",
    "ingrediensText": "",
    "storage": "Lägsta förvaringstemperatur 1°C Högsta förvaringstemperatur 4°C",
    "allergens": "",
    "usage": "",
    "nutrition": [],
    "nutritionUnitText": "",
    "categories": {
      "mainCategory": "Frukt & Grönt",
      "subCategories": [
        {
          "name": "Frukt",
          "subSubCategories": [
            "Exotisk frukt",
            "Övrig exotisk frukt"
          ]
        }
      ]
    }
  },
  {
    "name": "Bananschalottenlök 250g Klass 1 ICA",
    "weightText": "0.25 kg",
    "caPart": "",
    "weightValue": 0.25,
    "weightUnit": "kg",
    "comparePrice": "87,80 kr/kg",
    "currentPrice": 21.95,
    "attributes": [
      "Ursprungsland Sverige"
    ],
    "imgUrl": "https://handlaprivatkund.ica.se/images-v3/bf7a00ca-390e-4769-865f-dc369586872e/c233de77-bcbc-4ec5-8001-0332fb0bbc6a/500x500.jpg",
    "productInformation": "",
    "countryText": "Sverige",
    "companyText": "ICA",
    "ingrediensText": "",
    "storage": "",
    "allergens": "",
    "usage": "",
    "nutrition": [],
    "nutritionUnitText": "",
    "categories": {
      "mainCategory": "Frukt & Grönt",
      "subCategories": [
        {
          "name": "Lök",
          "subSubCategories": [
            "Schalottenlök"
          ]
        }
      ]
    }
  },
  {
    "name": "Provensalsk sallad Sköljd 250g ICA",
    "weightText": "0.25 kg",
    "caPart": "",
    "weightValue": 0.25,
    "weightUnit": "kg",
    "comparePrice": "115,80 kr/kg",
    "currentPrice": 28.95,
    "attributes": [],
    "imgUrl": "https://handlaprivatkund.ica.se/images-v3/bf7a00ca-390e-4769-865f-dc369586872e/87800e25-d4c0-427b-b507-a2b225dabda6/500x500.jpg",
    "productInformation": "En blandning av sallater med olika smak i lite större påse. Passar på buffén, till kryddiga korvar och starka ostar och allt som doftar vitlök.",
    "countryText": "Spanien",
    "companyText": "ICA",
    "ingrediensText": "",
    "storage": "",
    "allergens": "",
    "usage": "",
    "nutrition": [],
    "nutritionUnitText": "Näringsvärde per styck",
    "categories": {
      "mainCategory": "Frukt & Grönt",
      "subCategories": [
        {
          "name": "Grönsaker",
          "subSubCategories": [
            "Sallad",
            "Salladsmix"
          ]
        }
      ]
    }
  },
  {
    "name": "Druva Thompson gröna kärnfria seedless 500g Klass 1 ICA I love eco",
    "weightText": "0.5 kg",
    "caPart": "",
    "weightValue": 0.5,
    "weightUnit": "kg",
    "comparePrice": "85,90 kr/kg",
    "currentPrice": 42.95,
    "attributes": [
      "EU Ekologiskt",
      "Ekologiskt"
    ],
    "imgUrl": "https://handlaprivatkund.ica.se/images-v3/bf7a00ca-390e-4769-865f-dc369586872e/93037ada-beb7-40f4-8991-45116af7f780/500x500.jpg",
    "productInformation": "ICA Ekologiska Kärnfria Gröna Druvor har en söt och syrlig smak. Skölj och ät dem naturella, i fruktsallad, desserter och till bakverk.",
    "countryText": "Italien",
    "companyText": "ICA I love eco",
    "ingrediensText": "",
    "storage": "",
    "allergens": "",
    "usage": "",
    "nutrition": [],
    "nutritionUnitText": "",
    "categories": {
      "mainCategory": "Frukt & Grönt",
      "subCategories": [
        {
          "name": "Frukt",
          "subSubCategories": [
            "Druvor"
          ]
        }
      ]
    }
  },
  {
    "name": "Timjan i kruka Ekologisk 1-p Klass 1 ICA I love eco",
    "weightText": "",
    "caPart": "",
    "weightValue": 0,
    "weightUnit": "",
    "comparePrice": "",
    "currentPrice": 21.95,
    "attributes": [
      "Från Sverige",
      "EU Ekologiskt",
      "Ursprungsland Sverige",
      "Ekologiskt",
      "KRAV"
    ],
    "imgUrl": "https://handlaprivatkund.ica.se/images-v3/bf7a00ca-390e-4769-865f-dc369586872e/d6510810-ce11-4757-be4d-88d1fae08c7a/500x500.jpg",
    "productInformation": "ICA Ekologisk Timjan i kruka passar att ha i korv-, potatis- och osträtter, i ärtsoppa och till kyckling. Krydda försiktigt - tillsätt den gärna från början!",
    "countryText": "Sverige",
    "companyText": "ICA I love eco",
    "ingrediensText": "",
    "storage": "Lägsta förvaringstemperatur 1°C Högsta förvaringstemperatur 4°C",
    "allergens": "",
    "usage": "",
    "nutrition": [],
    "nutritionUnitText": "",
    "categories": {
      "mainCategory": "Frukt & Grönt",
      "subCategories": [
        {
          "name": "Färska kryddor",
          "subSubCategories": [
            "Timjan"
          ]
        }
      ]
    }
  },
  {
    "name": "Honungsmelon ca 800g Klass 1 ICA",
    "weightText": "Ca 1100 g",
    "caPart": "Ca",
    "weightValue": 1100,
    "weightUnit": "g",
    "comparePrice": "26,95 kr/kg",
    "currentPrice": 29.65,
    "attributes": [],
    "imgUrl": "https://handlaprivatkund.ica.se/images-v3/bf7a00ca-390e-4769-865f-dc369586872e/918e3b29-8b74-4046-acc5-11a3b11251cf/500x500.jpg",
    "productInformation": "Saftigt och riktigt söt, med utpräglad melonsmak. Passar både i fruktsalladen och att äta som den är. En klassiker till parmaskinka och kallskuret.",
    "countryText": "Brasilien",
    "companyText": "",
    "ingrediensText": "",
    "storage": "Lägsta förvaringstemperatur 1°C Högsta förvaringstemperatur 4°C",
    "allergens": "",
    "usage": "",
    "nutrition": [],
    "nutritionUnitText": "",
    "categories": {
      "mainCategory": "Frukt & Grönt",
      "subCategories": [
        {
          "name": "Frukt",
          "subSubCategories": [
            "Melon",
            "Sötmelon"
          ]
        }
      ]
    }
  },
  {
    "name": "Jordärtskockor Ekologiska 300g KRAV Klass 1 ICA I",
    "weightText": "0.3 kg",
    "caPart": "",
    "weightValue": 0.3,
    "weightUnit": "kg",
    "comparePrice": "86,50 kr/kg",
    "currentPrice": 25.95,
    "attributes": [
      "EU Ekologiskt",
      "Ursprungsland Sverige",
      "Ekologiskt",
      "KRAV"
    ],
    "imgUrl": "https://handlaprivatkund.ica.se/images-v3/bf7a00ca-390e-4769-865f-dc369586872e/a48db2f2-ecee-4e07-ad29-dd50329b2ab6/500x500.jpg",
    "productInformation": "Delikatessrot med len, aromatisk och karaktärsfull smak. Servera kokt med smör, i potatismos eller som ljuvlig soppa. I komposterbar förpackning!",
    "countryText": "Sverige",
    "companyText": "ICA I love eco",
    "ingrediensText": "",
    "storage": "",
    "allergens": "",
    "usage": "",
    "nutrition": [],
    "nutritionUnitText": "",
    "categories": {
      "mainCategory": "Frukt & Grönt",
      "subCategories": [
        {
          "name": "Rotfrukter",
          "subSubCategories": [
            "Jordärtskocka"
          ]
        }
      ]
    }
  },
  {
    "name": "Potatis i påse/låda Mjölig Klass 1 ca 1kg",
    "weightText": "Ca 1 kg",
    "caPart": "Ca",
    "weightValue": 1,
    "weightUnit": "kg",
    "comparePrice": "12,95 kr/kg",
    "currentPrice": 12.95,
    "attributes": [
      "Ursprungsland Sverige"
    ],
    "imgUrl": "https://handlaprivatkund.ica.se/images-v3/bf7a00ca-390e-4769-865f-dc369586872e/5ef16adb-b3ef-4514-8bb5-f2f2cedd1a65/500x500.jpg",
    "productInformation": "Notera att du beställer 1 kg potatis.",
    "countryText": "Sverige",
    "companyText": "",
    "ingrediensText": "",
    "storage": "",
    "allergens": "",
    "usage": "",
    "nutrition": [],
    "nutritionUnitText": "",
    "categories": {
      "mainCategory": "Frukt & Grönt",
      "subCategories": [
        {
          "name": "Potatis",
          "subSubCategories": [
            "Mjölig potatis"
          ]
        }
      ]
    }
  },
  {
    "name": "Krispsallat Ekologisk KRAV Klass 1 ICA I love",
    "weightText": "0.25 kg",
    "caPart": "",
    "weightValue": 0.25,
    "weightUnit": "kg",
    "comparePrice": "95,80 kr/kg",
    "currentPrice": 23.95,
    "attributes": [
      "Från Sverige",
      "EU Ekologiskt",
      "Ursprungsland Sverige",
      "Ekologiskt",
      "KRAV"
    ],
    "imgUrl": "https://handlaprivatkund.ica.se/images-v3/bf7a00ca-390e-4769-865f-dc369586872e/373c61c2-bce6-4f8e-9b4e-57c0fb15ca48/500x500.jpg",
    "productInformation": "",
    "countryText": "Sverige",
    "companyText": "ICA I love eco",
    "ingrediensText": "",
    "storage": "",
    "allergens": "",
    "usage": "",
    "nutrition": [],
    "nutritionUnitText": "",
    "categories": {
      "mainCategory": "Frukt & Grönt",
      "subCategories": [
        {
          "name": "Grönsaker",
          "subSubCategories": [
            "Sallad",
            "Krispsallad"
          ]
        }
      ]
    }
  },
  {
    "name": "Koriander flowpack 15g Ekologisk Klass 1 ICA I love eco",
    "weightText": "0.015 kg",
    "caPart": "",
    "weightValue": 0.015,
    "weightUnit": "kg",
    "comparePrice": "1 130,00 kr/kg",
    "currentPrice": 16.95,
    "attributes": [
      "Från Sverige",
      "EU Ekologiskt",
      "Ursprungsland Sverige",
      "Ekologiskt",
      "KRAV"
    ],
    "imgUrl": "https://handlaprivatkund.ica.se/images-v3/bf7a00ca-390e-4769-865f-dc369586872e/baacb616-2962-467e-8d33-ac66c9fa75fb/500x500.jpg",
    "productInformation": "Svenskodlad och ekologisk! Koriander är en av världens mest använda kryddor! Populär i asiatiska, indiska och mexikanska rätter men även i salsa och guacamole. Söt, lite parfymerad smak som är en vattendelare, vissa älskar den och andra klarar inte av den.",
    "countryText": "Sverige",
    "companyText": "ICA I love eco",
    "ingrediensText": "",
    "storage": "",
    "allergens": "",
    "usage": "",
    "nutrition": [],
    "nutritionUnitText": "",
    "categories": {
      "mainCategory": "Frukt & Grönt",
      "subCategories": [
        {
          "name": "Färska kryddor",
          "subSubCategories": [
            "Koriander"
          ]
        }
      ]
    }
  },
  {
    "name": "Rotselleri ca 900g Klass 1 ICA",
    "weightText": "Ca 900 g",
    "caPart": "Ca",
    "weightValue": 900,
    "weightUnit": "g",
    "comparePrice": "31,95 kr/kg",
    "currentPrice": 28.76,
    "attributes": [
      "Ursprungsland Sverige"
    ],
    "imgUrl": "https://handlaprivatkund.ica.se/images-v3/bf7a00ca-390e-4769-865f-dc369586872e/3a2eea5c-e914-447c-b1ce-78a75b419e73/500x500.jpg",
    "productInformation": "",
    "countryText": "Sverige",
    "companyText": "",
    "ingrediensText": "",
    "storage": "Lägsta förvaringstemperatur 1°C Högsta förvaringstemperatur 4°C",
    "allergens": "",
    "usage": "",
    "nutrition": [],
    "nutritionUnitText": "",
    "categories": {
      "mainCategory": "Frukt & Grönt",
      "subCategories": [
        {
          "name": "Rotfrukter",
          "subSubCategories": [
            "Rotselleri"
          ]
        }
      ]
    }
  },
  {
    "name": "Dadlar Färska 400g Klass 1 ICA",
    "weightText": "0.4 kg",
    "caPart": "",
    "weightValue": 0.4,
    "weightUnit": "kg",
    "comparePrice": "99,88 kr/kg",
    "currentPrice": 39.95,
    "attributes": [],
    "imgUrl": "https://handlaprivatkund.ica.se/images-v3/bf7a00ca-390e-4769-865f-dc369586872e/e9ef7075-c983-42bc-bd9e-93e1684882c7/500x500.jpg",
    "productInformation": "",
    "countryText": "Iran",
    "companyText": "ICA",
    "ingrediensText": "",
    "storage": "",
    "allergens": "",
    "usage": "",
    "nutrition": [],
    "nutritionUnitText": "",
    "categories": {
      "mainCategory": "Jul",
      "subCategories": [
        {
          "name": "Glöggmingel",
          "subSubCategories": [
            "Julnötter, Dadlar & Fikon"
          ]
        }
      ]
    }
  },
  {
    "name": "Plommontomat Ekologisk 500g Klass 1 ICA I love",
    "weightText": "0.5 kg",
    "caPart": "",
    "weightValue": 0.5,
    "weightUnit": "kg",
    "comparePrice": "65,90 kr/kg",
    "currentPrice": 32.95,
    "attributes": [
      "EU Ekologiskt",
      "Ekologiskt"
    ],
    "imgUrl": "https://handlaprivatkund.ica.se/images-v3/bf7a00ca-390e-4769-865f-dc369586872e/e26d08ee-53eb-4f38-875d-9cfc80f2b7ae/500x500.jpg",
    "productInformation": "",
    "countryText": "Spanien",
    "companyText": "ICA I love eco",
    "ingrediensText": "",
    "storage": "",
    "allergens": "",
    "usage": "",
    "nutrition": [],
    "nutritionUnitText": "",
    "categories": {
      "mainCategory": "Frukt & Grönt",
      "subCategories": [
        {
          "name": "Grönsaker",
          "subSubCategories": [
            "Tomat"
          ]
        }
      ]
    }
  },
  {
    "name": "Vitlök Ekologisk 200g Klass 1 ICA I love",
    "weightText": "0.2 kg",
    "caPart": "",
    "weightValue": 0.2,
    "weightUnit": "kg",
    "comparePrice": "174,75 kr/kg",
    "currentPrice": 34.95,
    "attributes": [
      "EU Ekologiskt",
      "Ekologiskt"
    ],
    "imgUrl": "https://handlaprivatkund.ica.se/images-v3/bf7a00ca-390e-4769-865f-dc369586872e/c3fe751d-3c00-428c-b111-7d4a0d14aaa1/500x500.jpg",
    "productInformation": "ICA Ekologisk Vitlök är en smaksättare i många olika maträtter. Hela klyftor passar att ugnsbaka, gärna tillsammans med rotsaker eller en stek.",
    "countryText": "Spanien",
    "companyText": "ICA I love eco",
    "ingrediensText": "",
    "storage": "",
    "allergens": "",
    "usage": "",
    "nutrition": [],
    "nutritionUnitText": "",
    "categories": {
      "mainCategory": "Frukt & Grönt",
      "subCategories": [
        {
          "name": "Lök",
          "subSubCategories": [
            "Vitlök"
          ]
        }
      ]
    }
  },
  {
    "name": "Paprika Mix Spetsig Ekologisk 170g KRAV Klass 1",
    "weightText": "0.17 kg",
    "caPart": "",
    "weightValue": 0.17,
    "weightUnit": "kg",
    "comparePrice": "199,71 kr/kg",
    "currentPrice": 33.95,
    "attributes": [
      "EU Ekologiskt",
      "Ekologiskt",
      "KRAV"
    ],
    "imgUrl": "https://handlaprivatkund.ica.se/images-v3/bf7a00ca-390e-4769-865f-dc369586872e/756dfc29-eec0-46a1-bb5b-8fbe891a28ed/500x500.jpg",
    "productInformation": "ICA Ekologisk Spetspaprika är krispig med söt smak. Tänk på att inte tillaga för länge vid matlagning för då försvinner krispigheten.",
    "countryText": "Spanien",
    "companyText": "ICA I love eco",
    "ingrediensText": "",
    "storage": "",
    "allergens": "",
    "usage": "",
    "nutrition": [],
    "nutritionUnitText": "",
    "categories": {
      "mainCategory": "Frukt & Grönt",
      "subCategories": [
        {
          "name": "Grönsaker",
          "subSubCategories": [
            "Paprika"
          ]
        }
      ]
    }
  },
  {
    "name": "Bifftomat ca 185g Klass 1 ICA",
    "weightText": "Ca 185 g",
    "caPart": "Ca",
    "weightValue": 185,
    "weightUnit": "g",
    "comparePrice": "34,95 kr/kg",
    "currentPrice": 6.47,
    "attributes": [],
    "imgUrl": "https://handlaprivatkund.ica.se/images-v3/bf7a00ca-390e-4769-865f-dc369586872e/7f2f4d0c-3d90-4100-9ea7-725a9b450c4d/500x500.jpg",
    "productInformation": "",
    "countryText": "Spanien",
    "companyText": "",
    "ingrediensText": "",
    "storage": "Lägsta förvaringstemperatur 12°C Högsta förvaringstemperatur 16°C",
    "allergens": "",
    "usage": "",
    "nutrition": [],
    "nutritionUnitText": "",
    "categories": {
      "mainCategory": "Frukt & Grönt",
      "subCategories": [
        {
          "name": "Grönsaker",
          "subSubCategories": [
            "Tomat"
          ]
        }
      ]
    }
  },
  {
    "name": "Sallad Sabrosa 200g Klass 1 ICA",
    "weightText": "0.2 kg",
    "caPart": "",
    "weightValue": 0.2,
    "weightUnit": "kg",
    "comparePrice": "89,75 kr/kg",
    "currentPrice": 17.95,
    "attributes": [
      "Från Sverige",
      "Ursprungsland Sverige"
    ],
    "imgUrl": "https://handlaprivatkund.ica.se/images-v3/bf7a00ca-390e-4769-865f-dc369586872e/06849a9d-b3c0-4bea-afaf-ba6aa62ee680/500x500.jpg",
    "productInformation": "En smakfull och krispig sallad som passar till det mesta!",
    "countryText": "Sverige",
    "companyText": "ICA",
    "ingrediensText": "",
    "storage": "Lägsta förvaringstemperatur 1°C Högsta förvaringstemperatur 4°C",
    "allergens": "",
    "usage": "",
    "nutrition": [],
    "nutritionUnitText": "",
    "categories": {
      "mainCategory": "Frukt & Grönt",
      "subCategories": [
        {
          "name": "Grönsaker",
          "subSubCategories": [
            "Sallad",
            "Övrig sallad"
          ]
        }
      ]
    }
  },
  {
    "name": "Broccoli Ekologisk 250g Klass 1 ICA I love",
    "weightText": "0.25 kg",
    "caPart": "",
    "weightValue": 0.25,
    "weightUnit": "kg",
    "comparePrice": "99,80 kr/kg",
    "currentPrice": 24.95,
    "attributes": [
      "EU Ekologiskt",
      "Ekologiskt"
    ],
    "imgUrl": "https://handlaprivatkund.ica.se/images-v3/bf7a00ca-390e-4769-865f-dc369586872e/e4e09e6d-6500-4c15-a384-014e71b0ca6a/500x500.jpg",
    "productInformation": "Spänstiga buketter med mild, fin kålsmak. Koka som tillbehör till kött och fisk, eller ugnsgratinera som en rätt för sig. I komposterbar förpackning!",
    "countryText": "Nederländerna",
    "companyText": "ICA I love eco",
    "ingrediensText": "",
    "storage": "",
    "allergens": "",
    "usage": "",
    "nutrition": [],
    "nutritionUnitText": "",
    "categories": {
      "mainCategory": "Frukt & Grönt",
      "subCategories": [
        {
          "name": "Kål",
          "subSubCategories": [
            "Broccoli"
          ]
        }
      ]
    }
  },
  {
    "name": "Silverlök 300g Klass 1 ICA",
    "weightText": "0.3 kg",
    "caPart": "",
    "weightValue": 0.3,
    "weightUnit": "kg",
    "comparePrice": "89,83 kr/kg",
    "currentPrice": 26.95,
    "attributes": [],
    "imgUrl": "https://handlaprivatkund.ica.se/images-v3/bf7a00ca-390e-4769-865f-dc369586872e/459ae0c5-ed6c-4499-abac-9ad097d22368/500x500.jpg",
    "productInformation": "",
    "countryText": "Italien",
    "companyText": "ICA",
    "ingrediensText": "",
    "storage": "",
    "allergens": "",
    "usage": "",
    "nutrition": [],
    "nutritionUnitText": "",
    "categories": {
      "mainCategory": "Frukt & Grönt",
      "subCategories": [
        {
          "name": "Lök",
          "subSubCategories": [
            "Övrig lök"
          ]
        }
      ]
    }
  },
  {
    "name": "Småtomater 250g Klass 1 ICA I love eco",
    "weightText": "0.25 kg",
    "caPart": "",
    "weightValue": 0.25,
    "weightUnit": "kg",
    "comparePrice": "99,80 kr/kg",
    "currentPrice": 24.95,
    "attributes": [
      "EU Ekologiskt",
      "Ekologiskt"
    ],
    "imgUrl": "https://handlaprivatkund.ica.se/images-v3/bf7a00ca-390e-4769-865f-dc369586872e/1839622c-c8be-47ca-ae96-e866d300f50c/500x500.jpg",
    "productInformation": "",
    "countryText": "Nederländerna",
    "companyText": "ICA I love eco",
    "ingrediensText": "",
    "storage": "",
    "allergens": "",
    "usage": "",
    "nutrition": [],
    "nutritionUnitText": "",
    "categories": {
      "mainCategory": "Frukt & Grönt",
      "subCategories": [
        {
          "name": "Grönsaker",
          "subSubCategories": [
            "Tomat"
          ]
        }
      ]
    }
  },
  {
    "name": "Dadlar Soft Ekologisk 200g ICA I love eco",
    "weightText": "0.2 kg",
    "caPart": "",
    "weightValue": 0.2,
    "weightUnit": "kg",
    "comparePrice": "184,75 kr/kg",
    "currentPrice": 36.95,
    "attributes": [
      "EU Ekologiskt",
      "Ekologiskt"
    ],
    "imgUrl": "https://handlaprivatkund.ica.se/images-v3/bf7a00ca-390e-4769-865f-dc369586872e/55df4116-0dca-47e6-93a4-5c364ceed9e1/500x500.jpg",
    "productInformation": "Extra mjuka, torkade ekologiska dadlar med söt smak. Goda som godis eller att hacka och blanda i matbröd och mjuka kakor.",
    "countryText": "",
    "companyText": "ICA I love eco",
    "ingrediensText": "Torkade dadlar*, vatten. *Ekologisk ingrediens",
    "storage": "",
    "allergens": "",
    "usage": "",
    "nutrition": [
      {
        "Näringsvärde": "Energi (kcal)",
        "100 Gram": "250 kcal"
      },
      {
        "Näringsvärde": "Energi (kJ)",
        "100 Gram": "1150 kJ"
      },
      {
        "Näringsvärde": "Fett",
        "100 Gram": "0.5 g"
      },
      {
        "Näringsvärde": "Varav mättat fett",
        "100 Gram": "0.5 g"
      },
      {
        "Näringsvärde": "Kolhydrat",
        "100 Gram": "55 g"
      },
      {
        "Näringsvärde": "Varav sockerarter",
        "100 Gram": "51 g"
      },
      {
        "Näringsvärde": "Fiber",
        "100 Gram": "10 g"
      },
      {
        "Näringsvärde": "Protein",
        "100 Gram": "2.2 g"
      },
      {
        "Näringsvärde": "Salt",
        "100 Gram": "0 g"
      }
    ],
    "nutritionUnitText": "Näringsvärde per 100 gram",
    "categories": {
      "mainCategory": "Jul",
      "subCategories": [
        {
          "name": "Glöggmingel",
          "subSubCategories": [
            "Julnötter, Dadlar & Fikon"
          ]
        }
      ]
    }
  },
  {
    "name": "Grön jalapeño 40g Klass 1 ICA",
    "weightText": "0.04 kg",
    "caPart": "",
    "weightValue": 0.04,
    "weightUnit": "kg",
    "comparePrice": "448,75 kr/kg",
    "currentPrice": 17.95,
    "attributes": [],
    "imgUrl": "https://handlaprivatkund.ica.se/images-v3/bf7a00ca-390e-4769-865f-dc369586872e/5d20ce85-4060-41bc-9809-91cb66614465/500x500.jpg",
    "productInformation": "Chilifrukt med saftigt fruktkött och frisk, fyllig samt lite kärv smak. Hettan är medel till mycket stark. Använd gärna i varm mat för extra sting.",
    "countryText": "Nederländerna",
    "companyText": "ICA",
    "ingrediensText": "",
    "storage": "",
    "allergens": "",
    "usage": "",
    "nutrition": [],
    "nutritionUnitText": "",
    "categories": {
      "mainCategory": "Frukt & Grönt",
      "subCategories": [
        {
          "name": "Färska kryddor",
          "subSubCategories": [
            "Färsk chilipeppar"
          ]
        }
      ]
    }
  },
  {
    "name": "Lime ICA Eko ca 80g Klass 1 ICA",
    "weightText": "0.08 kg",
    "caPart": "",
    "weightValue": 0.08,
    "weightUnit": "kg",
    "comparePrice": "99,38 kr/kg",
    "currentPrice": 7.95,
    "attributes": [
      "EU Ekologiskt",
      "Ekologiskt"
    ],
    "imgUrl": "https://handlaprivatkund.ica.se/images-v3/bf7a00ca-390e-4769-865f-dc369586872e/bbd4fbc0-ccbf-402c-957f-0c2735ace891/500x500.jpg",
    "productInformation": "",
    "countryText": "Colombia",
    "companyText": "ICA I love eco",
    "ingrediensText": "",
    "storage": "",
    "allergens": "",
    "usage": "",
    "nutrition": [],
    "nutritionUnitText": "",
    "categories": {
      "mainCategory": "Frukt & Grönt",
      "subCategories": [
        {
          "name": "Frukt",
          "subSubCategories": [
            "Citrusfrukt",
            "Lime"
          ]
        }
      ]
    }
  },
  {
    "name": "Medelhavsmix Rosa Bandet ICA",
    "weightText": "0.125 kg",
    "caPart": "",
    "weightValue": 0.125,
    "weightUnit": "kg",
    "comparePrice": "215,60 kr/kg",
    "currentPrice": 26.95,
    "attributes": [],
    "imgUrl": "https://handlaprivatkund.ica.se/images-v3/bf7a00ca-390e-4769-865f-dc369586872e/278be2ba-afcf-49da-9945-1b07efa0443e/500x500.jpg",
    "productInformation": "",
    "countryText": "",
    "companyText": "ICA",
    "ingrediensText": "Friséesallat, röd sallat*, babyspenat, rucola. *Varierar beroende på tillgång mellan lollo rosso, röd batavia sallat, ekbladsallat.",
    "storage": "",
    "allergens": "",
    "usage": "",
    "nutrition": [
      {
        "Näringsvärde": "Energi (kcal)",
        "100 Gram": "17 kcal"
      },
      {
        "Näringsvärde": "Energi (kJ)",
        "100 Gram": "70 kJ"
      },
      {
        "Näringsvärde": "Fett",
        "100 Gram": "0 g"
      },
      {
        "Näringsvärde": "Varav mättat fett",
        "100 Gram": "0 g"
      },
      {
        "Näringsvärde": "Kolhydrat",
        "100 Gram": "1.5 g"
      },
      {
        "Näringsvärde": "Varav sockerarter",
        "100 Gram": "0.6 g"
      },
      {
        "Näringsvärde": "Fiber",
        "100 Gram": "1.7 g"
      },
      {
        "Näringsvärde": "Protein",
        "100 Gram": "1.8 g"
      },
      {
        "Näringsvärde": "Salt",
        "100 Gram": "0.1 g"
      }
    ],
    "nutritionUnitText": "Näringsvärde per 100 gram",
    "categories": {
      "mainCategory": "Frukt & Grönt",
      "subCategories": [
        {
          "name": "Grönsaker",
          "subSubCategories": [
            "Sallad",
            "Salladsmix"
          ]
        }
      ]
    }
  },
  {
    "name": "Bladpersilja Merpack 250g Klass 1 ICA",
    "weightText": "0.25 kg",
    "caPart": "",
    "weightValue": 0.25,
    "weightUnit": "kg",
    "comparePrice": "119,80 kr/kg",
    "currentPrice": 29.95,
    "attributes": [],
    "imgUrl": "https://handlaprivatkund.ica.se/images-v3/bf7a00ca-390e-4769-865f-dc369586872e/841fed3e-3a5f-4a80-b1ad-3c1f315ec6ea/500x500.jpg",
    "productInformation": "",
    "countryText": "",
    "companyText": "ICA",
    "ingrediensText": "",
    "storage": "Lägsta förvaringstemperatur 1°C Högsta förvaringstemperatur 4°C",
    "allergens": "",
    "usage": "",
    "nutrition": [],
    "nutritionUnitText": "",
    "categories": {
      "mainCategory": "Frukt & Grönt",
      "subCategories": [
        {
          "name": "Färska kryddor",
          "subSubCategories": [
            "Persilja"
          ]
        }
      ]
    }
  },
  {
    "name": "Dadlar Chokladboll 125g Dave & Jon's",
    "weightText": "0.125 kg",
    "caPart": "",
    "weightValue": 0.125,
    "weightUnit": "kg",
    "comparePrice": "196,00 kr/kg",
    "currentPrice": 24.5,
    "attributes": [],
    "imgUrl": "https://handlaprivatkund.ica.se/images-v3/bf7a00ca-390e-4769-865f-dc369586872e/d1023892-3326-4015-8bfe-1563ec59b568/500x500.jpg",
    "productInformation": "Information från leverantör \n Dadlar med smak av klassiska svenska chokladbollar.",
    "countryText": "",
    "companyText": "DAVE & JON'S",
    "ingrediensText": "Dadlar, vegetabilisk olja (shea, kokos), HAVRE, kokos, kakao, arom, salt. Kan innehålla/indeholde spår/spor av/af: JORDNÖTTER/PEANØTTER/JORDNØDDER, NÖTTER/NØTTER/NØDDER, SOJA/SOYA. *KAN INNEHÅLLA/INDEHOLDE ENSTAKA KÄRNOR/KJERNER/KERNER ELLER KÄRNRESTER/KJERNERESTER/KERNERESTER.",
    "storage": "Förvaras torrt och svalt. Högsta förvaringstemperatur 20°C",
    "allergens": "",
    "usage": "",
    "nutrition": [
      {
        "Näringsvärde": "Energi (kcal)",
        "100 Gram": "409 kcal"
      },
      {
        "Näringsvärde": "Energi (kJ)",
        "100 Gram": "1714 kJ"
      },
      {
        "Näringsvärde": "Fett",
        "100 Gram": "16.4 g"
      },
      {
        "Näringsvärde": "Varav mättat fett",
        "100 Gram": "12.2 g"
      },
      {
        "Näringsvärde": "Kolhydrat",
        "100 Gram": "58.9 g"
      },
      {
        "Näringsvärde": "Varav sockerarter",
        "100 Gram": "43.5 g"
      },
      {
        "Näringsvärde": "Fiber",
        "100 Gram": "7.1 g"
      },
      {
        "Näringsvärde": "Protein",
        "100 Gram": "3.1 g"
      },
      {
        "Näringsvärde": "Salt",
        "100 Gram": "0.2 g"
      }
    ],
    "nutritionUnitText": "Näringsvärde per 100 gram",
    "categories": {
      "mainCategory": "Frukt & Grönt",
      "subCategories": [
        {
          "name": "Frukt",
          "subSubCategories": [
            "Exotisk frukt",
            "Dadlar"
          ]
        }
      ]
    }
  },
  {
    "name": "Rädisa Knippe ca 150g Klass 1 ICA",
    "weightText": "0.333 kg",
    "caPart": "",
    "weightValue": 0.333,
    "weightUnit": "kg",
    "comparePrice": "29,88 kr/kg",
    "currentPrice": 9.95,
    "attributes": [],
    "imgUrl": "https://handlaprivatkund.ica.se/images-v3/bf7a00ca-390e-4769-865f-dc369586872e/801ed821-f5e8-4d08-a4b7-1c5216c0df2f/500x500.jpg",
    "productInformation": "Rädisor är krispiga med lite pepprig smak. De passar att dippa, blanda i sallader, till ostbrickan eller äta direkt som de är.",
    "countryText": "Nederländerna",
    "companyText": "",
    "ingrediensText": "",
    "storage": "Lägsta förvaringstemperatur 1°C Högsta förvaringstemperatur 4°C",
    "allergens": "",
    "usage": "",
    "nutrition": [],
    "nutritionUnitText": "",
    "categories": {
      "mainCategory": "Frukt & Grönt",
      "subCategories": [
        {
          "name": "Grönsaker",
          "subSubCategories": [
            "Rädisor"
          ]
        }
      ]
    }
  },
  {
    "name": "Ingefära Ekologisk 100g Klass 1 ICA I love",
    "weightText": "0.1 kg",
    "caPart": "",
    "weightValue": 0.1,
    "weightUnit": "kg",
    "comparePrice": "239,50 kr/kg",
    "currentPrice": 23.95,
    "attributes": [
      "EU Ekologiskt",
      "Ekologiskt"
    ],
    "imgUrl": "https://handlaprivatkund.ica.se/images-v3/bf7a00ca-390e-4769-865f-dc369586872e/6e62090b-4a14-4449-b782-cd96b879d55d/500x500.jpg",
    "productInformation": "",
    "countryText": "Nederländerna",
    "companyText": "ICA I love eco",
    "ingrediensText": "",
    "storage": "",
    "allergens": "",
    "usage": "",
    "nutrition": [],
    "nutritionUnitText": "",
    "categories": {
      "mainCategory": "Frukt & Grönt",
      "subCategories": [
        {
          "name": "Färska kryddor",
          "subSubCategories": [
            "Ingefära"
          ]
        }
      ]
    }
  },
  {
    "name": "Dadlar Saltlakrits 125g Dave & Jon's",
    "weightText": "0.125 kg",
    "caPart": "",
    "weightValue": 0.125,
    "weightUnit": "kg",
    "comparePrice": "196,00 kr/kg",
    "currentPrice": 24.5,
    "attributes": [],
    "imgUrl": "https://handlaprivatkund.ica.se/images-v3/bf7a00ca-390e-4769-865f-dc369586872e/b470bf9b-74b5-462a-b90d-637ae1d24846/500x500.jpg",
    "productInformation": "",
    "countryText": "",
    "companyText": "DAVE & JON'S",
    "ingrediensText": "Torkade dadlar, salmiak, lakritspulver 1,5%, vegetabilisk olja (kokos, shea). KAN INNEHÅLLA ENSTAKA KÄRNOR ELLER KÄRNRESTER. Kan innehålla spår av: NÖTTER, JORDNÖTTER, MJÖLK, VETE och SOJA.",
    "storage": "Torrt och mörkt",
    "allergens": "",
    "usage": "",
    "nutrition": [
      {
        "Näringsvärde": "Energi (kcal)",
        "100 Gram": "320 kcal"
      },
      {
        "Näringsvärde": "Energi (kJ)",
        "100 Gram": "1343 kJ"
      },
      {
        "Näringsvärde": "Fett",
        "100 Gram": "2.6 g"
      },
      {
        "Näringsvärde": "Varav mättat fett",
        "100 Gram": "1.5 g"
      },
      {
        "Näringsvärde": "Kolhydrat",
        "100 Gram": "67.8 g"
      },
      {
        "Näringsvärde": "Varav sockerarter",
        "100 Gram": "54.6 g"
      },
      {
        "Näringsvärde": "Fiber",
        "100 Gram": "7.1 g"
      },
      {
        "Näringsvärde": "Protein",
        "100 Gram": "2.4 g"
      },
      {
        "Näringsvärde": "Salt",
        "100 Gram": "0 g"
      },
      {
        "Näringsvärde": "Kalium",
        "100 Gram": "750 mg"
      },
      {
        "Näringsvärde": "Järn",
        "100 Gram": "3.7 mg"
      }
    ],
    "nutritionUnitText": "Näringsvärde per 100 gram",
    "categories": {
      "mainCategory": "Glass, Godis & Snacks",
      "subCategories": [
        {
          "name": "Naturgodis, Nötter & Bars",
          "subSubCategories": [
            "Naturgodis"
          ]
        }
      ]
    }
  },
  {
    "name": "Paprikamix 350g Klass 1 ICA",
    "weightText": "0.35 kg",
    "caPart": "",
    "weightValue": 0.35,
    "weightUnit": "kg",
    "comparePrice": "85,57 kr/kg",
    "currentPrice": 29.95,
    "attributes": [],
    "imgUrl": "https://handlaprivatkund.ica.se/images-v3/bf7a00ca-390e-4769-865f-dc369586872e/7a070d4d-f317-4ac1-8664-421e86d3e9e9/500x500.jpg",
    "productInformation": "En blandning av gul och röd paprika. Passar i både kall och varm matlagning, som dekoration, till sallad eller servera till plockmat med lite dippsås.",
    "countryText": "Spanien",
    "companyText": "ICA",
    "ingrediensText": "",
    "storage": "",
    "allergens": "",
    "usage": "",
    "nutrition": [],
    "nutritionUnitText": "",
    "categories": {
      "mainCategory": "Frukt & Grönt",
      "subCategories": [
        {
          "name": "Grönsaker",
          "subSubCategories": [
            "Paprika"
          ]
        }
      ]
    }
  },
  {
    "name": "Portabella ca 100g Klass 1 ICA",
    "weightText": "Ca 100 g",
    "caPart": "Ca",
    "weightValue": 100,
    "weightUnit": "g",
    "comparePrice": "99,00 kr/kg",
    "currentPrice": 9.9,
    "attributes": [
      "Ursprungsland Sverige"
    ],
    "imgUrl": "https://handlaprivatkund.ica.se/images-v3/bf7a00ca-390e-4769-865f-dc369586872e/39099f4e-3ad3-4c9a-bda8-a8f4aa48ddea/500x500.jpg",
    "productInformation": "Fast och matig champinjon med fyllig och intensiv smak. Äts bara tillagad och går bra att smörsteka, stuva, göra sås av eller blanda i pastarätter.",
    "countryText": "Sverige",
    "companyText": "",
    "ingrediensText": "",
    "storage": "Lägsta förvaringstemperatur 1°C Högsta förvaringstemperatur 4°C",
    "allergens": "",
    "usage": "",
    "nutrition": [],
    "nutritionUnitText": "",
    "categories": {
      "mainCategory": "Frukt & Grönt",
      "subCategories": [
        {
          "name": "Svamp",
          "subSubCategories": [
            "Portabello"
          ]
        }
      ]
    }
  },
  {
    "name": "Champinjon Ekologisk 200g Klass 1 ICA I love eco",
    "weightText": "0.2 kg",
    "caPart": "",
    "weightValue": 0.2,
    "weightUnit": "kg",
    "comparePrice": "159,75 kr/kg",
    "currentPrice": 31.95,
    "attributes": [
      "EU Ekologiskt",
      "Ursprungsland Sverige",
      "Ekologiskt"
    ],
    "imgUrl": "https://handlaprivatkund.ica.se/images-v3/bf7a00ca-390e-4769-865f-dc369586872e/a3841a41-fe72-4f84-bb9b-48c52a1a5990/500x500.jpg",
    "productInformation": "",
    "countryText": "Sverige",
    "companyText": "ICA I love eco",
    "ingrediensText": "",
    "storage": "",
    "allergens": "",
    "usage": "",
    "nutrition": [],
    "nutritionUnitText": "",
    "categories": {
      "mainCategory": "Frukt & Grönt",
      "subCategories": [
        {
          "name": "Svamp",
          "subSubCategories": [
            "Champinjoner"
          ]
        }
      ]
    }
  },
  {
    "name": "Blåbär 500g Klass 1 ICA",
    "weightText": "0.5 kg",
    "caPart": "",
    "weightValue": 0.5,
    "weightUnit": "kg",
    "comparePrice": "179,90 kr/kg",
    "currentPrice": 89.95,
    "attributes": [],
    "imgUrl": "https://handlaprivatkund.ica.se/images-v3/bf7a00ca-390e-4769-865f-dc369586872e/c9010aa2-5c69-4665-bc1a-1f089247f787/500x500.jpg",
    "productInformation": "Blåbär i större förpackning på 500g. Både den vackra blå färgen och storleken kan variera beroende på sort men en sak har de gemensamt, sin goda smak. Söta, krispiga och förpackningen på 500g är perfekt som snacks för hela familjen. Eller förvara i kylen och ta fram och toppa frukost och mellis under veckans alla dagar. Det både smakar gott och gör gott.",
    "countryText": "Spanien",
    "companyText": "ICA",
    "ingrediensText": "",
    "storage": "",
    "allergens": "",
    "usage": "",
    "nutrition": [],
    "nutritionUnitText": "",
    "categories": {
      "mainCategory": "Frukt & Grönt",
      "subCategories": [
        {
          "name": "Färska bär",
          "subSubCategories": [
            "Blåbär"
          ]
        }
      ]
    }
  },
  {
    "name": "Hallon 225g Klass 1 ICA",
    "weightText": "0.225 kg",
    "caPart": "",
    "weightValue": 0.225,
    "weightUnit": "kg",
    "comparePrice": "310,89 kr/kg",
    "currentPrice": 69.95,
    "attributes": [],
    "imgUrl": "https://handlaprivatkund.ica.se/images-v3/bf7a00ca-390e-4769-865f-dc369586872e/b2893e00-6917-4fab-be3e-b4a810c3aa9f/500x500.jpg",
    "productInformation": "",
    "countryText": "Spanien",
    "companyText": "ICA",
    "ingrediensText": "",
    "storage": "",
    "allergens": "",
    "usage": "",
    "nutrition": [],
    "nutritionUnitText": "",
    "categories": {
      "mainCategory": "Frukt & Grönt",
      "subCategories": [
        {
          "name": "Färska bär",
          "subSubCategories": [
            "Hallon"
          ]
        }
      ]
    }
  },
  {
    "name": "Rödkål ca 1,5kg Klass 1 ICA",
    "weightText": "Ca 1500 g",
    "caPart": "Ca",
    "weightValue": 1500,
    "weightUnit": "g",
    "comparePrice": "18,95 kr/kg",
    "currentPrice": 28.43,
    "attributes": [
      "Ursprungsland Sverige"
    ],
    "imgUrl": "https://handlaprivatkund.ica.se/images-v3/bf7a00ca-390e-4769-865f-dc369586872e/02f4be3f-4ead-4341-9d0b-bd6cabfd89c0/500x500.jpg",
    "productInformation": "Fyllig och krispig smak som liknar vitkål. God finstrimlad i sallad eller wok men är inkokt en klassiker på julbordet.",
    "countryText": "Sverige",
    "companyText": "",
    "ingrediensText": "",
    "storage": "Lägsta förvaringstemperatur 1°C Högsta förvaringstemperatur 4°C",
    "allergens": "",
    "usage": "",
    "nutrition": [],
    "nutritionUnitText": "",
    "categories": {
      "mainCategory": "Frukt & Grönt",
      "subCategories": [
        {
          "name": "Kål",
          "subSubCategories": [
            "Rödkål"
          ]
        }
      ]
    }
  },
  {
    "name": "Dill Flowpack 20g Klass 1 ICA",
    "weightText": "0.02 kg",
    "caPart": "",
    "weightValue": 0.02,
    "weightUnit": "kg",
    "comparePrice": "797,50 kr/kg",
    "currentPrice": 15.95,
    "attributes": [],
    "imgUrl": "https://handlaprivatkund.ica.se/images-v3/bf7a00ca-390e-4769-865f-dc369586872e/5911a197-3d7f-4ff5-89b8-90286c397586/500x500.jpg",
    "productInformation": "Dill är utmärkt som smaksättare i olika fiskrätter, i såser, till potatis och i sallader. Smaken är karaktäristisk och aromatisk. Bör tillsättas sent vid tillagning.",
    "countryText": "EU",
    "companyText": "ICA",
    "ingrediensText": "",
    "storage": "Lägsta förvaringstemperatur 1°C Högsta förvaringstemperatur 4°C",
    "allergens": "",
    "usage": "",
    "nutrition": [],
    "nutritionUnitText": "",
    "categories": {
      "mainCategory": "Frukt & Grönt",
      "subCategories": [
        {
          "name": "Färska kryddor",
          "subSubCategories": [
            "Dill"
          ]
        }
      ]
    }
  },
  {
    "name": "Äpple Cox Orange ca 200g Klass 1 ICA",
    "weightText": "Ca 200 g",
    "caPart": "Ca",
    "weightValue": 200,
    "weightUnit": "g",
    "comparePrice": "27,95 kr/kg",
    "currentPrice": 5.59,
    "attributes": [
      "Ursprungsland Sverige"
    ],
    "imgUrl": "https://handlaprivatkund.ica.se/images-v3/bf7a00ca-390e-4769-865f-dc369586872e/5ffe0b3e-55ea-4b82-a47c-9e7e59d2e42a/500x500.jpg",
    "productInformation": "",
    "countryText": "Sverige",
    "companyText": "ICA",
    "ingrediensText": "",
    "storage": "Lägsta förvaringstemperatur 1°C Högsta förvaringstemperatur 4°C",
    "allergens": "",
    "usage": "",
    "nutrition": [],
    "nutritionUnitText": "",
    "categories": {
      "mainCategory": "Frukt & Grönt",
      "subCategories": [
        {
          "name": "Frukt",
          "subSubCategories": [
            "Äpple"
          ]
        }
      ]
    }
  },
  {
    "name": "Potatis Mjölig 4kg Klass 2 ICA",
    "weightText": "4 kg",
    "caPart": "",
    "weightValue": 4,
    "weightUnit": "kg",
    "comparePrice": "12,49 kr/kg",
    "currentPrice": 49.95,
    "attributes": [
      "Ursprungsland Sverige"
    ],
    "imgUrl": "https://handlaprivatkund.ica.se/images-v3/bf7a00ca-390e-4769-865f-dc369586872e/4d511a77-655a-4910-b050-b723ae7183c7/500x500.jpg",
    "productInformation": "Finns som sorterna King Edward, Challenger, Fontane, Belana",
    "countryText": "Sverige",
    "companyText": "ICA",
    "ingrediensText": "",
    "storage": "",
    "allergens": "",
    "usage": "",
    "nutrition": [],
    "nutritionUnitText": "",
    "categories": {
      "mainCategory": "Jul",
      "subCategories": [
        {
          "name": "Julmat",
          "subSubCategories": [
            "Sill, Ansjovis & Potatis"
          ]
        }
      ]
    }
  },
  {
    "name": "Babyspenat Sköljd Ekologisk 65g ICA I love eco",
    "weightText": "0.065 kg",
    "caPart": "",
    "weightValue": 0.065,
    "weightUnit": "kg",
    "comparePrice": "306,92 kr/kg",
    "currentPrice": 19.95,
    "attributes": [
      "EU Ekologiskt",
      "Ekologiskt"
    ],
    "imgUrl": "https://handlaprivatkund.ica.se/images-v3/bf7a00ca-390e-4769-865f-dc369586872e/6cb6a8e8-0e1f-47d3-ac3b-33fb2540bddf/500x500.jpg",
    "productInformation": "Späda blad med mild, nötig smak och liten sötma. Ha dem i en sallad, eller fräs med smör och vitlök, exempelvis till pasta. Passar även i wok. Ekologisk.",
    "countryText": "Italien",
    "companyText": "ICA I love eco",
    "ingrediensText": "",
    "storage": "",
    "allergens": "",
    "usage": "",
    "nutrition": [],
    "nutritionUnitText": "",
    "categories": {
      "mainCategory": "Frukt & Grönt",
      "subCategories": [
        {
          "name": "Grönsaker",
          "subSubCategories": [
            "Sallad",
            "Spenat"
          ]
        }
      ]
    }
  },
  {
    "name": "Dadlar Mörk Choklad 130g Klass 1 ICA",
    "weightText": "0.13 kg",
    "caPart": "",
    "weightValue": 0.13,
    "weightUnit": "kg",
    "comparePrice": "191,92 kr/kg",
    "currentPrice": 24.95,
    "attributes": [],
    "imgUrl": "https://handlaprivatkund.ica.se/images-v3/bf7a00ca-390e-4769-865f-dc369586872e/2423c00d-0ab4-4d68-acbd-b75216dbdd82/500x500.jpg",
    "productInformation": "",
    "countryText": "",
    "companyText": "ICA",
    "ingrediensText": "Dadlar 60%, choklad 39% (socker, kakaomassa, kakaosmör, emulgeringsmedel sojalecitin, vaniljarom. Minst 52% kakaohalt. ), kakaopulver. Rester av enstaka kärnor kan förekomma. Kan innehålla spår av jordnötter, hasselnötter, mandel och mjölk.",
    "storage": "",
    "allergens": "",
    "usage": "",
    "nutrition": [
      {
        "Näringsvärde": "Energi (kcal)",
        "100 Gram": "400 kcal"
      },
      {
        "Näringsvärde": "Energi (kJ)",
        "100 Gram": "1700 kJ"
      },
      {
        "Näringsvärde": "Fett",
        "100 Gram": "14 g"
      },
      {
        "Näringsvärde": "Varav mättat fett",
        "100 Gram": "8.3 g"
      },
      {
        "Näringsvärde": "Kolhydrat",
        "100 Gram": "62 g"
      },
      {
        "Näringsvärde": "Varav sockerarter",
        "100 Gram": "60 g"
      },
      {
        "Näringsvärde": "Fiber",
        "100 Gram": "6.8 g"
      },
      {
        "Näringsvärde": "Protein",
        "100 Gram": "3.2 g"
      },
      {
        "Näringsvärde": "Salt",
        "100 Gram": "0.1 g"
      }
    ],
    "nutritionUnitText": "Näringsvärde per 100 gram",
    "categories": {
      "mainCategory": "Jul",
      "subCategories": [
        {
          "name": "Glöggmingel",
          "subSubCategories": [
            "Julnötter, Dadlar & Fikon"
          ]
        }
      ]
    }
  },
  {
    "name": "Sallatsmix Sköljd Ekologisk 65g ICA I love eco",
    "weightText": "0.065 kg",
    "caPart": "",
    "weightValue": 0.065,
    "weightUnit": "kg",
    "comparePrice": "306,92 kr/kg",
    "currentPrice": 19.95,
    "attributes": [
      "EU Ekologiskt",
      "Ekologiskt"
    ],
    "imgUrl": "https://handlaprivatkund.ica.se/images-v3/bf7a00ca-390e-4769-865f-dc369586872e/f2efc2c4-afed-48c9-9f90-90fb0150338d/500x500.jpg",
    "productInformation": "",
    "countryText": "Italien",
    "companyText": "ICA I love eco",
    "ingrediensText": "",
    "storage": "",
    "allergens": "",
    "usage": "",
    "nutrition": [],
    "nutritionUnitText": "Näringsvärde per styck",
    "categories": {
      "mainCategory": "Frukt & Grönt",
      "subCategories": [
        {
          "name": "Grönsaker",
          "subSubCategories": [
            "Sallad",
            "Salladsmix"
          ]
        }
      ]
    }
  },
  {
    "name": "Skalad physalis 140g Klass 1 ICA",
    "weightText": "0.14 kg",
    "caPart": "",
    "weightValue": 0.14,
    "weightUnit": "kg",
    "comparePrice": "249,64 kr/kg",
    "currentPrice": 34.95,
    "attributes": [],
    "imgUrl": "https://handlaprivatkund.ica.se/images-v3/bf7a00ca-390e-4769-865f-dc369586872e/873d1653-4879-4aa2-8ca6-d4116f0e5fa9/500x500.jpg",
    "productInformation": "",
    "countryText": "Colombia",
    "companyText": "ICA",
    "ingrediensText": "",
    "storage": "",
    "allergens": "",
    "usage": "",
    "nutrition": [],
    "nutritionUnitText": "",
    "categories": {
      "mainCategory": "Frukt & Grönt",
      "subCategories": [
        {
          "name": "Frukt",
          "subSubCategories": [
            "Exotisk frukt",
            "Övrig exotisk frukt"
          ]
        }
      ]
    }
  },
  {
    "name": "Riven Morot 300g Klass 1 ICA",
    "weightText": "0.3 kg",
    "caPart": "",
    "weightValue": 0.3,
    "weightUnit": "kg",
    "comparePrice": "53,17 kr/kg",
    "currentPrice": 15.95,
    "attributes": [
      "Ursprungsland Sverige"
    ],
    "imgUrl": "https://handlaprivatkund.ica.se/images-v3/bf7a00ca-390e-4769-865f-dc369586872e/d93518d9-0c01-448c-8f33-d4d60c341711/500x500.jpg",
    "productInformation": "",
    "countryText": "Sverige",
    "companyText": "ICA",
    "ingrediensText": "Riven morot",
    "storage": "",
    "allergens": "",
    "usage": "",
    "nutrition": [
      {
        "Näringsvärde": "Energi (kcal)",
        "100 Gram": "36 kcal"
      },
      {
        "Näringsvärde": "Energi (kJ)",
        "100 Gram": "152 kJ"
      },
      {
        "Näringsvärde": "Fett",
        "100 Gram": "0 g"
      },
      {
        "Näringsvärde": "Varav mättat fett",
        "100 Gram": "0 g"
      },
      {
        "Näringsvärde": "Kolhydrat",
        "100 Gram": "6.6 g"
      },
      {
        "Näringsvärde": "Varav sockerarter",
        "100 Gram": "6.2 g"
      },
      {
        "Näringsvärde": "Protein",
        "100 Gram": "0.7 g"
      },
      {
        "Näringsvärde": "Salt",
        "100 Gram": "0.08 g"
      }
    ],
    "nutritionUnitText": "Näringsvärde per 100 gram",
    "categories": {
      "mainCategory": "Frukt & Grönt",
      "subCategories": [
        {
          "name": "Grönsaker",
          "subSubCategories": [
            "Sallad",
            "Salladsmix"
          ]
        }
      ]
    }
  },
  {
    "name": "Palsternackor Ekologiska 400g KRAV Klass 1 ICA I love eco",
    "weightText": "0.4 kg",
    "caPart": "",
    "weightValue": 0.4,
    "weightUnit": "kg",
    "comparePrice": "49,88 kr/kg",
    "currentPrice": 19.95,
    "attributes": [
      "EU Ekologiskt",
      "Ursprungsland Sverige",
      "Ekologiskt",
      "KRAV"
    ],
    "imgUrl": "https://handlaprivatkund.ica.se/images-v3/bf7a00ca-390e-4769-865f-dc369586872e/7cdda00d-0ecf-48bb-94b2-b21847c157d5/500x500.jpg",
    "productInformation": "",
    "countryText": "Sverige",
    "companyText": "ICA I love eco",
    "ingrediensText": "",
    "storage": "",
    "allergens": "",
    "usage": "",
    "nutrition": [],
    "nutritionUnitText": "",
    "categories": {
      "mainCategory": "Frukt & Grönt",
      "subCategories": [
        {
          "name": "Rotfrukter",
          "subSubCategories": [
            "Palsternacka"
          ]
        }
      ]
    }
  },
  {
    "name": "Haricots Verts 150g Klass 1 ICA",
    "weightText": "0.15 kg",
    "caPart": "",
    "weightValue": 0.15,
    "weightUnit": "kg",
    "comparePrice": "193,00 kr/kg",
    "currentPrice": 28.95,
    "attributes": [],
    "imgUrl": "https://handlaprivatkund.ica.se/images-v3/bf7a00ca-390e-4769-865f-dc369586872e/454d2c08-6b0d-4feb-b572-5b70925eb2fc/500x500.jpg",
    "productInformation": "",
    "countryText": "Kenya",
    "companyText": "ICA",
    "ingrediensText": "",
    "storage": "",
    "allergens": "",
    "usage": "",
    "nutrition": [],
    "nutritionUnitText": "",
    "categories": {
      "mainCategory": "Frukt & Grönt",
      "subCategories": [
        {
          "name": "Grönsaker",
          "subSubCategories": [
            "Ärtor & Bönor",
            "Haricots verts"
          ]
        }
      ]
    }
  },
  {
    "name": "Lök röd 500g Klass 1 ICA",
    "weightText": "0.5 kg",
    "caPart": "",
    "weightValue": 0.5,
    "weightUnit": "kg",
    "comparePrice": "37,90 kr/kg",
    "currentPrice": 18.95,
    "attributes": [],
    "imgUrl": "https://handlaprivatkund.ica.se/images-v3/bf7a00ca-390e-4769-865f-dc369586872e/d123921a-308f-4978-87b0-472e16b95014/500x500.jpg",
    "productInformation": "",
    "countryText": "Nederl�nderna",
    "companyText": "ICA",
    "ingrediensText": "",
    "storage": "",
    "allergens": "",
    "usage": "",
    "nutrition": [],
    "nutritionUnitText": "",
    "categories": {
      "mainCategory": "Frukt & Grönt",
      "subCategories": [
        {
          "name": "Lök",
          "subSubCategories": [
            "Rödlök"
          ]
        }
      ]
    }
  },
  {
    "name": "Dadlar mörk choklad jordnötter 130g Klass 1 ICA",
    "weightText": "0.13 kg",
    "caPart": "",
    "weightValue": 0.13,
    "weightUnit": "kg",
    "comparePrice": "191,92 kr/kg",
    "currentPrice": 24.95,
    "attributes": [],
    "imgUrl": "https://handlaprivatkund.ica.se/images-v3/bf7a00ca-390e-4769-865f-dc369586872e/fba002ab-fe72-4433-b6a7-5bef3c397d8a/500x500.jpg",
    "productInformation": "",
    "countryText": "",
    "companyText": "ICA",
    "ingrediensText": "Dadlar 60%, mörk choklad 25% (socker, kakaomassa, kakaosmör, emulgeringsmedel sojalecitin, vaniljarom. Minst 52% kakaohalt.), Jordnötter 15%. Rester av enstaka kärnor kan förekomma. Kan innehålla spår av hasselnötter, mandel och mjölk.",
    "storage": "",
    "allergens": "",
    "usage": "",
    "nutrition": [
      {
        "Näringsvärde": "Energi (kcal)",
        "100 Gram": "416 kcal"
      },
      {
        "Näringsvärde": "Energi (kJ)",
        "100 Gram": "1750 kJ"
      },
      {
        "Näringsvärde": "Fett",
        "100 Gram": "17 g"
      },
      {
        "Näringsvärde": "Varav mättat fett",
        "100 Gram": "6.7 g"
      },
      {
        "Näringsvärde": "Kolhydrat",
        "100 Gram": "56 g"
      },
      {
        "Näringsvärde": "Varav sockerarter",
        "100 Gram": "53 g"
      },
      {
        "Näringsvärde": "Fiber",
        "100 Gram": "6.8 g"
      },
      {
        "Näringsvärde": "Protein",
        "100 Gram": "6.6 g"
      },
      {
        "Näringsvärde": "Salt",
        "100 Gram": "0.2 g"
      }
    ],
    "nutritionUnitText": "Näringsvärde per 100 gram",
    "categories": {
      "mainCategory": "Jul",
      "subCategories": [
        {
          "name": "Glöggmingel",
          "subSubCategories": [
            "Julnötter, Dadlar & Fikon"
          ]
        }
      ]
    }
  },
  {
    "name": "Surkål 500g KRAV Klass 1 ICA I love eco",
    "weightText": "0.5 kg",
    "caPart": "",
    "weightValue": 0.5,
    "weightUnit": "kg",
    "comparePrice": "35,90 kr/kg",
    "currentPrice": 17.95,
    "attributes": [
      "EU Ekologiskt",
      "Ekologiskt",
      "KRAV"
    ],
    "imgUrl": "https://handlaprivatkund.ica.se/images-v3/bf7a00ca-390e-4769-865f-dc369586872e/7f08071b-921b-488b-b97d-e327a951fb39/500x500.jpg",
    "productInformation": "Krispig och friskt syrlig surkål, ett utmärkt tillbehör.",
    "countryText": "Nederländerna",
    "companyText": "ICA I love eco",
    "ingrediensText": "",
    "storage": "",
    "allergens": "",
    "usage": "",
    "nutrition": [],
    "nutritionUnitText": "Näringsvärde per styck",
    "categories": {
      "mainCategory": "Frukt & Grönt",
      "subCategories": [
        {
          "name": "Kål",
          "subSubCategories": [
            "Surkål"
          ]
        }
      ]
    }
  },
  {
    "name": "Cantaloupe ca 870g Klass 1 ICA",
    "weightText": "Ca 870 g",
    "caPart": "Ca",
    "weightValue": 870,
    "weightUnit": "g",
    "comparePrice": "38,95 kr/kg",
    "currentPrice": 33.89,
    "attributes": [],
    "imgUrl": "https://handlaprivatkund.ica.se/images-v3/bf7a00ca-390e-4769-865f-dc369586872e/c2d9e983-02b6-437a-9e0b-27e09eabd567/500x500.jpg",
    "productInformation": "Melon av mindre modell med grönt eller orange fruktkött. Saftig med fin och söt melonsmak. God till chark och rökt mat eller som efterrätt.",
    "countryText": "Brasilien",
    "companyText": "",
    "ingrediensText": "",
    "storage": "Lägsta förvaringstemperatur 1°C Högsta förvaringstemperatur 4°C",
    "allergens": "",
    "usage": "",
    "nutrition": [],
    "nutritionUnitText": "",
    "categories": {
      "mainCategory": "Frukt & Grönt",
      "subCategories": [
        {
          "name": "Frukt",
          "subSubCategories": [
            "Melon",
            "Sötmelon"
          ]
        }
      ]
    }
  },
  {
    "name": "Alfalfagroddar Ekologiska 130g KRAV Klass 1",
    "weightText": "0.13 kg",
    "caPart": "",
    "weightValue": 0.13,
    "weightUnit": "kg",
    "comparePrice": "153,46 kr/kg",
    "currentPrice": 19.95,
    "attributes": [
      "EU Ekologiskt",
      "Ursprungsland Sverige",
      "Ekologiskt",
      "KRAV"
    ],
    "imgUrl": "https://handlaprivatkund.ica.se/images-v3/bf7a00ca-390e-4769-865f-dc369586872e/3f04cc88-eefc-42ac-8713-fb009bac7c4c/500x500.jpg",
    "productInformation": "Milda groddar med fin spänst. Piffiga i salladen eller på smörgåsen. Släng gärna i en näve i woken strax innan servering.",
    "countryText": "Sverige",
    "companyText": "",
    "ingrediensText": "",
    "storage": "Lägsta förvaringstemperatur 1°C Högsta förvaringstemperatur 4°C",
    "allergens": "",
    "usage": "",
    "nutrition": [],
    "nutritionUnitText": "",
    "categories": {
      "mainCategory": "Frukt & Grönt",
      "subCategories": [
        {
          "name": "Grönsaker",
          "subSubCategories": [
            "Groddar"
          ]
        }
      ]
    }
  },
  {
    "name": "Snackgurka 250g Klass 1 ICA",
    "weightText": "0.25 kg",
    "caPart": "",
    "weightValue": 0.25,
    "weightUnit": "kg",
    "comparePrice": "99,80 kr/kg",
    "currentPrice": 24.95,
    "attributes": [],
    "imgUrl": "https://handlaprivatkund.ica.se/images-v3/bf7a00ca-390e-4769-865f-dc369586872e/f0958e9f-fa35-419c-bba6-ce3fc92e460f/500x500.jpg",
    "productInformation": "",
    "countryText": "Spanien",
    "companyText": "ICA",
    "ingrediensText": "",
    "storage": "",
    "allergens": "",
    "usage": "",
    "nutrition": [],
    "nutritionUnitText": "",
    "categories": {
      "mainCategory": "Frukt & Grönt",
      "subCategories": [
        {
          "name": "Grönsaker",
          "subSubCategories": [
            "Gurka"
          ]
        }
      ]
    }
  },
  {
    "name": "Dadlar Sour Cola 125g Dave & Jon's",
    "weightText": "0.125 kg",
    "caPart": "",
    "weightValue": 0.125,
    "weightUnit": "kg",
    "comparePrice": "196,00 kr/kg",
    "currentPrice": 24.5,
    "attributes": [],
    "imgUrl": "https://handlaprivatkund.ica.se/images-v3/bf7a00ca-390e-4769-865f-dc369586872e/eeabc917-8e41-4c5d-b9c5-bc02884f25ca/500x500.jpg",
    "productInformation": "",
    "countryText": "",
    "companyText": "DAVE & JON'S",
    "ingrediensText": "Dadlar, fiber från cikoriarot, vegetabilisk olja (kokos, shea), naturlig arom, surhetsreglerande medel (äppelsyra).Kan innehålla spår av: JORDNÖTTER, NÖTTER, SOJA.*KAN INNEHÅLLA ENSTAKA KÄRNOR ELLER KÄRNRESTER.",
    "storage": "Förvaras torrt och svalt.",
    "allergens": "",
    "usage": "",
    "nutrition": [
      {
        "Näringsvärde": "Energi (kcal)",
        "100 Gram": "320 kcal"
      },
      {
        "Näringsvärde": "Energi (kJ)",
        "100 Gram": "1340 kJ"
      },
      {
        "Näringsvärde": "Fett",
        "100 Gram": "3 g"
      },
      {
        "Näringsvärde": "Varav mättat fett",
        "100 Gram": "1.8 g"
      },
      {
        "Näringsvärde": "Kolhydrat",
        "100 Gram": "64.8 g"
      },
      {
        "Näringsvärde": "Varav sockerarter",
        "100 Gram": "52.3 g"
      },
      {
        "Näringsvärde": "Fiber",
        "100 Gram": "11.4 g"
      },
      {
        "Näringsvärde": "Protein",
        "100 Gram": "2.1 g"
      },
      {
        "Näringsvärde": "Salt",
        "100 Gram": "0 g"
      }
    ],
    "nutritionUnitText": "Näringsvärde per 100 gram",
    "categories": {
      "mainCategory": "Glass, Godis & Snacks",
      "subCategories": [
        {
          "name": "Naturgodis, Nötter & Bars",
          "subSubCategories": [
            "Naturgodis"
          ]
        }
      ]
    }
  },
  {
    "name": "Gräslök i kruka Ekologisk 1-p KRAV Klass 1",
    "weightText": "",
    "caPart": "",
    "weightValue": 0,
    "weightUnit": "",
    "comparePrice": "",
    "currentPrice": 18.95,
    "attributes": [
      "Från Sverige",
      "EU Ekologiskt",
      "Ursprungsland Sverige",
      "Ekologiskt",
      "KRAV"
    ],
    "imgUrl": "https://handlaprivatkund.ica.se/images-v3/bf7a00ca-390e-4769-865f-dc369586872e/fbc91389-a12b-4fdb-a9e5-71d49df1544d/500x500.jpg",
    "productInformation": "",
    "countryText": "Sverige",
    "companyText": "ICA I love eco",
    "ingrediensText": "",
    "storage": "",
    "allergens": "",
    "usage": "",
    "nutrition": [],
    "nutritionUnitText": "",
    "categories": {
      "mainCategory": "Frukt & Grönt",
      "subCategories": [
        {
          "name": "Färska kryddor",
          "subSubCategories": [
            "Gräslök"
          ]
        }
      ]
    }
  },
  {
    "name": "Kastanjechampinjoner 250g ICA Klass 1",
    "weightText": "0.25 kg",
    "caPart": "",
    "weightValue": 0.25,
    "weightUnit": "kg",
    "comparePrice": "103,80 kr/kg",
    "currentPrice": 25.95,
    "attributes": [],
    "imgUrl": "https://handlaprivatkund.ica.se/images-v3/bf7a00ca-390e-4769-865f-dc369586872e/1a9b4183-84f0-4a54-a306-d7710fb3e90e/500x500.jpg",
    "productInformation": "",
    "countryText": "Polen",
    "companyText": "ICA",
    "ingrediensText": "",
    "storage": "",
    "allergens": "",
    "usage": "",
    "nutrition": [],
    "nutritionUnitText": "",
    "categories": {
      "mainCategory": "Frukt & Grönt",
      "subCategories": [
        {
          "name": "Svamp",
          "subSubCategories": [
            "Champinjoner"
          ]
        }
      ]
    }
  },
  {
    "name": "Mynta Ekologisk 1-p KRAV Klass 1 ICA I love eco",
    "weightText": "",
    "caPart": "",
    "weightValue": 0,
    "weightUnit": "",
    "comparePrice": "",
    "currentPrice": 27.95,
    "attributes": [
      "Från Sverige",
      "EU Ekologiskt",
      "Ursprungsland Sverige",
      "Ekologiskt",
      "KRAV"
    ],
    "imgUrl": "https://handlaprivatkund.ica.se/images-v3/bf7a00ca-390e-4769-865f-dc369586872e/51b983b9-7a04-4b46-b49b-6cdf25b132a5/500x500.jpg",
    "productInformation": "",
    "countryText": "Sverige",
    "companyText": "ICA I love eco",
    "ingrediensText": "",
    "storage": "",
    "allergens": "",
    "usage": "",
    "nutrition": [],
    "nutritionUnitText": "",
    "categories": {
      "mainCategory": "Frukt & Grönt",
      "subCategories": [
        {
          "name": "Färska kryddor",
          "subSubCategories": [
            "Mynta"
          ]
        }
      ]
    }
  },
  {
    "name": "Salladskål ca 1000g Klass 1 ICA",
    "weightText": "Ca 1000 g",
    "caPart": "Ca",
    "weightValue": 1000,
    "weightUnit": "g",
    "comparePrice": "32,95 kr/kg",
    "currentPrice": 32.95,
    "attributes": [
      "Ursprungsland Sverige"
    ],
    "imgUrl": "https://handlaprivatkund.ica.se/images-v3/bf7a00ca-390e-4769-865f-dc369586872e/363065b0-f6b5-461a-823f-c3a66652b61a/500x500.jpg",
    "productInformation": "Spröda och krispiga blad med mild och fin kålsmak. Särskilt god i råkostsallader men prova även i woken!",
    "countryText": "Sverige",
    "companyText": "",
    "ingrediensText": "",
    "storage": "Lägsta förvaringstemperatur 1°C Högsta förvaringstemperatur 4°C",
    "allergens": "",
    "usage": "",
    "nutrition": [],
    "nutritionUnitText": "",
    "categories": {
      "mainCategory": "Frukt & Grönt",
      "subCategories": [
        {
          "name": "Kål",
          "subSubCategories": [
            "Salladskål"
          ]
        }
      ]
    }
  },
  {
    "name": "Dadlar färska 400g Klass 1 ICA I love eco",
    "weightText": "0.4 kg",
    "caPart": "",
    "weightValue": 0.4,
    "weightUnit": "kg",
    "comparePrice": "104,88 kr/kg",
    "currentPrice": 41.95,
    "attributes": [
      "EU Ekologiskt",
      "Ekologiskt"
    ],
    "imgUrl": "https://handlaprivatkund.ica.se/images-v3/bf7a00ca-390e-4769-865f-dc369586872e/d9abb69a-0fb2-4d92-b4b3-30d363bd6910/500x500.jpg",
    "productInformation": "",
    "countryText": "Iran",
    "companyText": "ICA I love eco",
    "ingrediensText": "",
    "storage": "",
    "allergens": "",
    "usage": "",
    "nutrition": [],
    "nutritionUnitText": "",
    "categories": {
      "mainCategory": "Jul",
      "subCategories": [
        {
          "name": "Glöggmingel",
          "subSubCategories": [
            "Julnötter, Dadlar & Fikon"
          ]
        }
      ]
    }
  },
  {
    "name": "Rädisor flowpack 220g Klass 1 ICA",
    "weightText": "0.22 kg",
    "caPart": "",
    "weightValue": 0.22,
    "weightUnit": "kg",
    "comparePrice": "90,68 kr/kg",
    "currentPrice": 19.95,
    "attributes": [],
    "imgUrl": "https://handlaprivatkund.ica.se/images-v3/bf7a00ca-390e-4769-865f-dc369586872e/64b76fa4-6817-406c-81f6-5be6191accbd/500x500.jpg",
    "productInformation": "Krispiga små munsbitar med fräsch och lite pepprig smak. Goda att dippa eller blanda i sallader. Passar också bra på ostbrickan.",
    "countryText": "Nederländerna",
    "companyText": "ICA",
    "ingrediensText": "",
    "storage": "",
    "allergens": "",
    "usage": "",
    "nutrition": [],
    "nutritionUnitText": "",
    "categories": {
      "mainCategory": "Frukt & Grönt",
      "subCategories": [
        {
          "name": "Grönsaker",
          "subSubCategories": [
            "Rädisor"
          ]
        }
      ]
    }
  },
  {
    "name": "Rosmarin Ekologisk 1-p KRAV Klass 1 ICA I love eco",
    "weightText": "",
    "caPart": "",
    "weightValue": 0,
    "weightUnit": "",
    "comparePrice": "",
    "currentPrice": 27.95,
    "attributes": [
      "Från Sverige",
      "EU Ekologiskt",
      "Ursprungsland Sverige",
      "Ekologiskt",
      "KRAV"
    ],
    "imgUrl": "https://handlaprivatkund.ica.se/images-v3/bf7a00ca-390e-4769-865f-dc369586872e/bd01f850-8713-46ca-9dd4-c335a068061a/500x500.jpg",
    "productInformation": "",
    "countryText": "Sverige",
    "companyText": "ICA I love eco",
    "ingrediensText": "",
    "storage": "",
    "allergens": "",
    "usage": "",
    "nutrition": [],
    "nutritionUnitText": "",
    "categories": {
      "mainCategory": "Frukt & Grönt",
      "subCategories": [
        {
          "name": "Färska kryddor",
          "subSubCategories": [
            "Rosmarin"
          ]
        }
      ]
    }
  },
  {
    "name": "Småbladsmix Storpack Ekologisk 125g ICA I love eco Klass 1",
    "weightText": "0.125 kg",
    "caPart": "",
    "weightValue": 0.125,
    "weightUnit": "kg",
    "comparePrice": "215,60 kr/kg",
    "currentPrice": 26.95,
    "attributes": [
      "EU Ekologiskt",
      "Ekologiskt"
    ],
    "imgUrl": "https://handlaprivatkund.ica.se/images-v3/bf7a00ca-390e-4769-865f-dc369586872e/e9780e57-da30-402e-8488-87fe9c886795/500x500.jpg",
    "productInformation": "",
    "countryText": "Italien",
    "companyText": "ICA I love eco",
    "ingrediensText": "",
    "storage": "",
    "allergens": "",
    "usage": "",
    "nutrition": [],
    "nutritionUnitText": "",
    "categories": {
      "mainCategory": "Frukt & Grönt",
      "subCategories": [
        {
          "name": "Grönsaker",
          "subSubCategories": [
            "Sallad",
            "Salladsmix"
          ]
        }
      ]
    }
  },
  {
    "name": "Timjan Flowpack 20g Ekologisk Klass 1 ICA I love eco",
    "weightText": "0.02 kg",
    "caPart": "",
    "weightValue": 0.02,
    "weightUnit": "kg",
    "comparePrice": "847,50 kr/kg",
    "currentPrice": 16.95,
    "attributes": [
      "Från Sverige",
      "EU Ekologiskt",
      "Ursprungsland Sverige",
      "Ekologiskt",
      "KRAV"
    ],
    "imgUrl": "https://handlaprivatkund.ica.se/images-v3/bf7a00ca-390e-4769-865f-dc369586872e/44909858-2889-46f0-8352-17c0008d157a/500x500.jpg",
    "productInformation": "Svenskodlad och ekologisk! Timjan är en välkänd medelhavskrydda som kan användas till de flesta rätter. Kan få koka med men tunna kvistar är även fina som garnering. Ett måste i köket!",
    "countryText": "Sverige",
    "companyText": "ICA I love eco",
    "ingrediensText": "",
    "storage": "",
    "allergens": "",
    "usage": "",
    "nutrition": [],
    "nutritionUnitText": "",
    "categories": {
      "mainCategory": "Frukt & Grönt",
      "subCategories": [
        {
          "name": "Färska kryddor",
          "subSubCategories": [
            "Timjan"
          ]
        }
      ]
    }
  },
  {
    "name": "Dadlar Salted Caramel Peanuts 125g Dave & Jon's",
    "weightText": "0.125 kg",
    "caPart": "",
    "weightValue": 0.125,
    "weightUnit": "kg",
    "comparePrice": "196,00 kr/kg",
    "currentPrice": 24.5,
    "attributes": [],
    "imgUrl": "https://handlaprivatkund.ica.se/images-v3/bf7a00ca-390e-4769-865f-dc369586872e/72a54885-ccc0-48f4-94a9-5ef49182130b/500x500.jpg",
    "productInformation": "",
    "countryText": "",
    "companyText": "DAVE & JON'S",
    "ingrediensText": "Dadlar, JORDNÖTTER/PEANØTTER/JORDNØDDER 20%, vegetabilisk olja (kokos, shea), salt, arom. Kan innehålla/indeholde spår/spor av/af: NÖTTER/NØTTER/NØDDER, SOJA/SOYA. *KAN INNEHÅLLA/INDEHOLDE ENSTAKA KÄRNOR/KJERNER/KERNER ELLER KÄRNRESTER/KJERNERESTER/KERNERESTER.",
    "storage": "Torrt och svalt",
    "allergens": "",
    "usage": "",
    "nutrition": [
      {
        "Näringsvärde": "Energi (kcal)",
        "100 Gram": "389 kcal"
      },
      {
        "Näringsvärde": "Energi (kJ)",
        "100 Gram": "1632 kJ"
      },
      {
        "Näringsvärde": "Fett",
        "100 Gram": "12.3 g"
      },
      {
        "Näringsvärde": "Varav mättat fett",
        "100 Gram": "3.5 g"
      },
      {
        "Näringsvärde": "Kolhydrat",
        "100 Gram": "59.7 g"
      },
      {
        "Näringsvärde": "Varav sockerarter",
        "100 Gram": "45.7 g"
      },
      {
        "Näringsvärde": "Fiber",
        "100 Gram": "8.1 g"
      },
      {
        "Näringsvärde": "Protein",
        "100 Gram": "6.6 g"
      },
      {
        "Näringsvärde": "Salt",
        "100 Gram": "0.2 g"
      },
      {
        "Näringsvärde": "Kalium",
        "100 Gram": "655 mg"
      },
      {
        "Näringsvärde": "Järn",
        "100 Gram": "2.15 mg"
      }
    ],
    "nutritionUnitText": "Näringsvärde per 100 gram",
    "categories": {
      "mainCategory": "Glass, Godis & Snacks",
      "subCategories": [
        {
          "name": "Naturgodis, Nötter & Bars",
          "subSubCategories": [
            "Naturgodis"
          ]
        }
      ]
    }
  },
  {
    "name": "Säsongsmix 150g ICA",
    "weightText": "0.15 kg",
    "caPart": "",
    "weightValue": 0.15,
    "weightUnit": "kg",
    "comparePrice": "146,33 kr/kg",
    "currentPrice": 21.95,
    "attributes": [],
    "imgUrl": "https://handlaprivatkund.ica.se/images-v3/bf7a00ca-390e-4769-865f-dc369586872e/839d1e7a-a9b0-45f6-acb7-ff97024dc3f4/500x500.jpg",
    "productInformation": "",
    "countryText": "Frankrike",
    "companyText": "ICA",
    "ingrediensText": "",
    "storage": "",
    "allergens": "",
    "usage": "",
    "nutrition": [],
    "nutritionUnitText": "Näringsvärde per styck",
    "categories": {
      "mainCategory": "Frukt & Grönt",
      "subCategories": [
        {
          "name": "Grönsaker",
          "subSubCategories": [
            "Sallad",
            "Salladsmix"
          ]
        }
      ]
    }
  },
  {
    "name": "Persilja Flowpack 20g Klass 1 ICA",
    "weightText": "0.02 kg",
    "caPart": "",
    "weightValue": 0.02,
    "weightUnit": "kg",
    "comparePrice": "797,50 kr/kg",
    "currentPrice": 15.95,
    "attributes": [],
    "imgUrl": "https://handlaprivatkund.ica.se/images-v3/bf7a00ca-390e-4769-865f-dc369586872e/ad189c34-efc0-4f44-914c-c6fb5095359b/500x500.jpg",
    "productInformation": "Persilja har en mycket aromatisk och karakteristisk smak. Den är en vanlig smaksättare i grytor, soppor, gratänger och såser. För att behålla så mycket smak som möjligt bör den tillsättas sent vid tillagning.",
    "countryText": "EU",
    "companyText": "ICA",
    "ingrediensText": "",
    "storage": "Lägsta förvaringstemperatur 1°C Högsta förvaringstemperatur 4°C",
    "allergens": "",
    "usage": "",
    "nutrition": [],
    "nutritionUnitText": "",
    "categories": {
      "mainCategory": "Frukt & Grönt",
      "subCategories": [
        {
          "name": "Färska kryddor",
          "subSubCategories": [
            "Persilja"
          ]
        }
      ]
    }
  },
  {
    "name": "Kvisttomater 500g KRAV Klass 1 ICA I love eco",
    "weightText": "0.5 kg",
    "caPart": "",
    "weightValue": 0.5,
    "weightUnit": "kg",
    "comparePrice": "67,90 kr/kg",
    "currentPrice": 33.95,
    "attributes": [
      "EU Ekologiskt",
      "Ekologiskt"
    ],
    "imgUrl": "https://handlaprivatkund.ica.se/images-v3/bf7a00ca-390e-4769-865f-dc369586872e/de73ea80-aaeb-453e-9f2f-121d45d7f67d/500x500.jpg",
    "productInformation": "ICA Ekologisk Kvisttomat passar i sallader, mackor och grytor. Torka tomater: dela och pensla med olivolja, timjan, vitlök - baka i 90 grader i 4 timmar.",
    "countryText": "Spanien",
    "companyText": "ICA I love eco",
    "ingrediensText": "",
    "storage": "",
    "allergens": "",
    "usage": "",
    "nutrition": [],
    "nutritionUnitText": "",
    "categories": {
      "mainCategory": "Frukt & Grönt",
      "subCategories": [
        {
          "name": "Grönsaker",
          "subSubCategories": [
            "Tomat"
          ]
        }
      ]
    }
  },
  {
    "name": "Gul spetsig paprika 200g Klass 1 ICA Selection",
    "weightText": "0.2 kg",
    "caPart": "",
    "weightValue": 0.2,
    "weightUnit": "kg",
    "comparePrice": "124,75 kr/kg",
    "currentPrice": 24.95,
    "attributes": [],
    "imgUrl": "https://handlaprivatkund.ica.se/images-v3/bf7a00ca-390e-4769-865f-dc369586872e/2d0f50fd-71fc-4b4d-9e55-03e18ab1e998/500x500.jpg",
    "productInformation": "Riktigt krispig, mild och söt paprika som är fin och färgglad att blanda i salladen. Prova också att skära på längden, fylla halvorna och ugnsbaka.",
    "countryText": "Estland",
    "companyText": "ICA",
    "ingrediensText": "",
    "storage": "",
    "allergens": "",
    "usage": "",
    "nutrition": [],
    "nutritionUnitText": "",
    "categories": {
      "mainCategory": "Frukt & Grönt",
      "subCategories": [
        {
          "name": "Grönsaker",
          "subSubCategories": [
            "Paprika"
          ]
        }
      ]
    }
  },
  {
    "name": "Dadlar mjölkchoklad och kokos 130g Klass 1 ICA",
    "weightText": "0.13 kg",
    "caPart": "",
    "weightValue": 0.13,
    "weightUnit": "kg",
    "comparePrice": "191,92 kr/kg",
    "currentPrice": 24.95,
    "attributes": [],
    "imgUrl": "https://handlaprivatkund.ica.se/images-v3/bf7a00ca-390e-4769-865f-dc369586872e/e31d8430-904f-43c3-816f-14f9472267ce/500x500.jpg",
    "productInformation": "",
    "countryText": "",
    "companyText": "ICA",
    "ingrediensText": "Dadlar 59%, mjölkchoklad 39% (socker, mjölkpulver, kakaosmör, kakaomassa, emulgeringsmedel sojalecitin, vaniljarom), inulin (fiber från cikoriarot). Kokosflingor. Rester av enstaka kärnor kan förekomma. Kan innehålla spår av jordnötter, hasselnötter och mandel.",
    "storage": "",
    "allergens": "",
    "usage": "",
    "nutrition": [
      {
        "Näringsvärde": "Energi (kcal)",
        "100 Gram": "406 kcal"
      },
      {
        "Näringsvärde": "Energi (kJ)",
        "100 Gram": "1700 kJ"
      },
      {
        "Näringsvärde": "Fett",
        "100 Gram": "14 g"
      },
      {
        "Näringsvärde": "Varav mättat fett",
        "100 Gram": "8.7 g"
      },
      {
        "Näringsvärde": "Kolhydrat",
        "100 Gram": "63 g"
      },
      {
        "Näringsvärde": "Varav sockerarter",
        "100 Gram": "61 g"
      },
      {
        "Näringsvärde": "Fiber",
        "100 Gram": "5.8 g"
      },
      {
        "Näringsvärde": "Protein",
        "100 Gram": "3.9 g"
      },
      {
        "Näringsvärde": "Salt",
        "100 Gram": "0.1 g"
      }
    ],
    "nutritionUnitText": "Näringsvärde per 100 gram",
    "categories": {
      "mainCategory": "Jul",
      "subCategories": [
        {
          "name": "Glöggmingel",
          "subSubCategories": [
            "Julnötter, Dadlar & Fikon"
          ]
        }
      ]
    }
  },
  {
    "name": "Citrongräs 50g Klass 1 ICA",
    "weightText": "0.05 kg",
    "caPart": "",
    "weightValue": 0.05,
    "weightUnit": "kg",
    "comparePrice": "599,00 kr/kg",
    "currentPrice": 29.95,
    "attributes": [],
    "imgUrl": "https://handlaprivatkund.ica.se/images-v3/bf7a00ca-390e-4769-865f-dc369586872e/f83b32fb-3ef6-450c-ae2c-6ab6430f1407/500x500.jpg",
    "productInformation": "Fräsch smaksättare som ger fin och lite parfymerad citruston. Finstrimla eller krossa stjälken och låt koka med i asiatiska soppor, såser och grytor.",
    "countryText": "Thailand",
    "companyText": "ICA",
    "ingrediensText": "",
    "storage": "",
    "allergens": "",
    "usage": "",
    "nutrition": [],
    "nutritionUnitText": "",
    "categories": {
      "mainCategory": "Frukt & Grönt",
      "subCategories": [
        {
          "name": "Färska kryddor",
          "subSubCategories": [
            "Övriga färska kryddor"
          ]
        }
      ]
    }
  },
  {
    "name": "Haricots Verts 150g Klass 1 ICA",
    "weightText": "0.15 kg",
    "caPart": "",
    "weightValue": 0.15,
    "weightUnit": "kg",
    "comparePrice": "206,33 kr/kg",
    "currentPrice": 30.95,
    "attributes": [
      "Från Sverige",
      "Ursprungsland Sverige"
    ],
    "imgUrl": "https://handlaprivatkund.ica.se/images-v3/bf7a00ca-390e-4769-865f-dc369586872e/a22c4c6f-1918-42ce-8a34-39324d5e537c/500x500.jpg",
    "productInformation": "",
    "countryText": "Sverige",
    "companyText": "ICA",
    "ingrediensText": "",
    "storage": "Lägsta förvaringstemperatur 1°C Högsta förvaringstemperatur 4°C",
    "allergens": "",
    "usage": "",
    "nutrition": [],
    "nutritionUnitText": "",
    "categories": {
      "mainCategory": "Frukt & Grönt",
      "subCategories": [
        {
          "name": "Grönsaker",
          "subSubCategories": [
            "Ärtor & Bönor",
            "Haricots verts"
          ]
        }
      ]
    }
  },
  {
    "name": "Kastanjechampinjon Ekologisk 200g ICA I love eco Klass 1",
    "weightText": "0.2 kg",
    "caPart": "",
    "weightValue": 0.2,
    "weightUnit": "kg",
    "comparePrice": "164,75 kr/kg",
    "currentPrice": 32.95,
    "attributes": [
      "EU Ekologiskt",
      "Ursprungsland Sverige",
      "Ekologiskt"
    ],
    "imgUrl": "https://handlaprivatkund.ica.se/images-v3/bf7a00ca-390e-4769-865f-dc369586872e/a4dd1c7e-e047-464f-9f1f-ed309f8d5065/500x500.jpg",
    "productInformation": "",
    "countryText": "Sverige",
    "companyText": "ICA I love eco",
    "ingrediensText": "",
    "storage": "",
    "allergens": "",
    "usage": "",
    "nutrition": [],
    "nutritionUnitText": "",
    "categories": {
      "mainCategory": "Frukt & Grönt",
      "subCategories": [
        {
          "name": "Svamp",
          "subSubCategories": [
            "Champinjoner"
          ]
        }
      ]
    }
  },
  {
    "name": "Salladslök 125g Klass 1 ICA",
    "weightText": "0.125 kg",
    "caPart": "",
    "weightValue": 0.125,
    "weightUnit": "kg",
    "comparePrice": "175,60 kr/kg",
    "currentPrice": 21.95,
    "attributes": [],
    "imgUrl": "https://handlaprivatkund.ica.se/images-v3/bf7a00ca-390e-4769-865f-dc369586872e/21cb5fb1-e381-4cc2-a658-267aa4197eeb/500x500.jpg",
    "productInformation": "",
    "countryText": "Spanien",
    "companyText": "ICA",
    "ingrediensText": "",
    "storage": "Lägsta förvaringstemperatur 1°C Högsta förvaringstemperatur 4°C",
    "allergens": "",
    "usage": "",
    "nutrition": [],
    "nutritionUnitText": "",
    "categories": {
      "mainCategory": "Frukt & Grönt",
      "subCategories": [
        {
          "name": "Lök",
          "subSubCategories": [
            "Salladslök"
          ]
        }
      ]
    }
  },
  {
    "name": "Grönkål 200g ICA",
    "weightText": "0.2 kg",
    "caPart": "",
    "weightValue": 0.2,
    "weightUnit": "kg",
    "comparePrice": "139,75 kr/kg",
    "currentPrice": 27.95,
    "attributes": [
      "Ursprungsland Sverige"
    ],
    "imgUrl": "https://handlaprivatkund.ica.se/images-v3/bf7a00ca-390e-4769-865f-dc369586872e/4717a341-2050-4634-ba54-18b4d366473a/500x500.jpg",
    "productInformation": "",
    "countryText": "Sverige",
    "companyText": "ICA",
    "ingrediensText": "Grönkål",
    "storage": "Lägsta förvaringstemperatur 1°C Högsta förvaringstemperatur 4°C",
    "allergens": "",
    "usage": "",
    "nutrition": [
      {
        "Näringsvärde": "Energi (kcal)",
        "100 Gram": "40 kcal"
      },
      {
        "Näringsvärde": "Energi (kJ)",
        "100 Gram": "170 kJ"
      },
      {
        "Näringsvärde": "Fett",
        "100 Gram": "0.7 g"
      },
      {
        "Näringsvärde": "Varav mättat fett",
        "100 Gram": "0 g"
      },
      {
        "Näringsvärde": "Kolhydrat",
        "100 Gram": "3.2 g"
      },
      {
        "Näringsvärde": "Varav sockerarter",
        "100 Gram": "2.1 g"
      },
      {
        "Näringsvärde": "Fiber",
        "100 Gram": "3.7 g"
      },
      {
        "Näringsvärde": "Protein",
        "100 Gram": "3.4 g"
      },
      {
        "Näringsvärde": "Salt",
        "100 Gram": "0.1 g"
      }
    ],
    "nutritionUnitText": "",
    "categories": {
      "mainCategory": "Frukt & Grönt",
      "subCategories": [
        {
          "name": "Kål",
          "subSubCategories": [
            "Grönkål"
          ]
        }
      ]
    }
  },
  {
    "name": "Dadlar Fizzy Bottle 125g Dave & Jon's",
    "weightText": "0.125 kg",
    "caPart": "",
    "weightValue": 0.125,
    "weightUnit": "kg",
    "comparePrice": "196,00 kr/kg",
    "currentPrice": 24.5,
    "attributes": [],
    "imgUrl": "https://handlaprivatkund.ica.se/images-v3/bf7a00ca-390e-4769-865f-dc369586872e/ff6080b6-397e-4e33-b34f-5ee3a6c7f8c0/500x500.jpg",
    "productInformation": "",
    "countryText": "",
    "companyText": "DAVE & JON'S",
    "ingrediensText": "Dadlar, fiber från/fra cikoriarot, vegetabilisk olja (kokos, shea), arom, surhetsreglerande medel (äppelsyra). Kan innehålla/indeholde spår/spor av/af: JORDNÖTTER/PEANØTTER/JORDNØDDER, NÖTTER/NØTTER/NØDDER, SOJA/SOYA. *KAN INNEHÅLLA/INDEHOLDE ENSTAKA KÄRNOR/KJERNER/KERNER ELLER KÄRNRESTER/KJERNERESTER/KERNERESTER.",
    "storage": "Förvaras torrt och svalt. Högsta förvaringstemperatur 20°C",
    "allergens": "",
    "usage": "",
    "nutrition": [
      {
        "Näringsvärde": "Energi (kcal)",
        "100 Gram": "320 kcal"
      },
      {
        "Näringsvärde": "Energi (kJ)",
        "100 Gram": "1340 kJ"
      },
      {
        "Näringsvärde": "Fett",
        "100 Gram": "3 g"
      },
      {
        "Näringsvärde": "Varav mättat fett",
        "100 Gram": "1.8 g"
      },
      {
        "Näringsvärde": "Kolhydrat",
        "100 Gram": "64.8 g"
      },
      {
        "Näringsvärde": "Varav sockerarter",
        "100 Gram": "52.3 g"
      },
      {
        "Näringsvärde": "Fiber",
        "100 Gram": "11.4 g"
      },
      {
        "Näringsvärde": "Protein",
        "100 Gram": "2.1 g"
      },
      {
        "Näringsvärde": "Salt",
        "100 Gram": "0 g"
      }
    ],
    "nutritionUnitText": "Näringsvärde per 100 gram",
    "categories": {
      "mainCategory": "Glass, Godis & Snacks",
      "subCategories": [
        {
          "name": "Naturgodis, Nötter & Bars",
          "subSubCategories": [
            "Naturgodis"
          ]
        }
      ]
    }
  },
  {
    "name": "Gulbetor 500 Gram ICA Klass 1",
    "weightText": "0.5 kg",
    "caPart": "",
    "weightValue": 0.5,
    "weightUnit": "kg",
    "comparePrice": "49,90 kr/kg",
    "currentPrice": 24.95,
    "attributes": [
      "Från Sverige"
    ],
    "imgUrl": "https://handlaprivatkund.ica.se/images-v3/bf7a00ca-390e-4769-865f-dc369586872e/84ff1094-d632-4998-8d0d-ce56aab54ee2/500x500.jpg",
    "productInformation": "Gulbetor är precis som rödbetor goda både kokta, ungsbakade och inlagda. De ger med sin vackert gula färg en fin färgvariation till dina rätter.",
    "countryText": "",
    "companyText": "ICA",
    "ingrediensText": "",
    "storage": "",
    "allergens": "",
    "usage": "",
    "nutrition": [],
    "nutritionUnitText": "",
    "categories": {
      "mainCategory": "Frukt & Grönt",
      "subCategories": [
        {
          "name": "Rotfrukter",
          "subSubCategories": [
            "Betor",
            "Gulbetor"
          ]
        }
      ]
    }
  },
  {
    "name": "Thaibasilika Ekologisk 1-p KRAV Klass 1 ICA I",
    "weightText": "",
    "caPart": "",
    "weightValue": 0,
    "weightUnit": "",
    "comparePrice": "",
    "currentPrice": 21.95,
    "attributes": [
      "Från Sverige",
      "EU Ekologiskt",
      "Ursprungsland Sverige",
      "Ekologiskt",
      "KRAV"
    ],
    "imgUrl": "https://handlaprivatkund.ica.se/images-v3/bf7a00ca-390e-4769-865f-dc369586872e/985594dc-c78b-4833-a1ba-2b89aab7a810/500x500.jpg",
    "productInformation": "",
    "countryText": "Sverige",
    "companyText": "ICA I love eco",
    "ingrediensText": "",
    "storage": "Lägsta förvaringstemperatur 12°C Högsta förvaringstemperatur 16°C",
    "allergens": "",
    "usage": "",
    "nutrition": [],
    "nutritionUnitText": "",
    "categories": {
      "mainCategory": "Frukt & Grönt",
      "subCategories": [
        {
          "name": "Färska kryddor",
          "subSubCategories": [
            "Basilika"
          ]
        }
      ]
    }
  },
  {
    "name": "Aubergine Ekologisk 225g Klass 1 ICA I love eco",
    "weightText": "0.225 kg",
    "caPart": "",
    "weightValue": 0.225,
    "weightUnit": "kg",
    "comparePrice": "110,89 kr/kg",
    "currentPrice": 24.95,
    "attributes": [
      "EU Ekologiskt",
      "Ekologiskt",
      "KRAV"
    ],
    "imgUrl": "https://handlaprivatkund.ica.se/images-v3/bf7a00ca-390e-4769-865f-dc369586872e/84137e19-363f-40a2-be1c-7147b15ecfaa/500x500.jpg",
    "productInformation": "",
    "countryText": "Spanien",
    "companyText": "ICA I love eco",
    "ingrediensText": "",
    "storage": "",
    "allergens": "",
    "usage": "",
    "nutrition": [],
    "nutritionUnitText": "",
    "categories": {
      "mainCategory": "Frukt & Grönt",
      "subCategories": [
        {
          "name": "Grönsaker",
          "subSubCategories": [
            "Aubergine"
          ]
        }
      ]
    }
  },
  {
    "name": "Krasse Smörgås EKO 8st Plastask Klass 1",
    "weightText": "",
    "caPart": "",
    "weightValue": 0,
    "weightUnit": "",
    "comparePrice": "",
    "currentPrice": 15.95,
    "attributes": [
      "Ursprungsland Sverige"
    ],
    "imgUrl": "https://handlaprivatkund.ica.se/images-v3/bf7a00ca-390e-4769-865f-dc369586872e/4037cb3c-fcc3-469b-a86d-97937d2608a1/500x500.jpg",
    "productInformation": "",
    "countryText": "Sverige",
    "companyText": "",
    "ingrediensText": "",
    "storage": "Lägsta förvaringstemperatur 1°C Högsta förvaringstemperatur 4°C",
    "allergens": "",
    "usage": "",
    "nutrition": [],
    "nutritionUnitText": "",
    "categories": {
      "mainCategory": "Frukt & Grönt",
      "subCategories": [
        {
          "name": "Grönsaker",
          "subSubCategories": [
            "Groddar"
          ]
        }
      ]
    }
  },
  {
    "name": "Dadlar Kanelbulle 125g Dave & Jon's",
    "weightText": "0.125 kg",
    "caPart": "",
    "weightValue": 0.125,
    "weightUnit": "kg",
    "comparePrice": "196,00 kr/kg",
    "currentPrice": 24.5,
    "attributes": [],
    "imgUrl": "https://handlaprivatkund.ica.se/images-v3/bf7a00ca-390e-4769-865f-dc369586872e/f3d14501-0d83-4237-bc08-f0acbf743bba/500x500.jpg",
    "productInformation": ".",
    "countryText": "",
    "companyText": "DAVE & JON'S",
    "ingrediensText": "Dadlar, HAVRE, MANDELMJÖL/MANDELMEL, vegetabilisk olja (kokos, shea), kanel, arom, salt. Kan innehålla/indeholde spår/spor av/af: JORDNÖTTER/PEANØTTER/JORDNØDDER, NÖTTER/NØTTER/NØDDER, SOJA/SOYA.",
    "storage": "Förvaras torrt och svalt.",
    "allergens": "",
    "usage": ". \n \n Kan innehålla/indeholde enstaka kärnor/kjerner/kerner eller kärnrester/ kjernerester/kernerester.",
    "nutrition": [
      {
        "Näringsvärde": "Energi (kcal)",
        "100 Gram": "354 kcal"
      },
      {
        "Näringsvärde": "Energi (kJ)",
        "100 Gram": "1480 kJ"
      },
      {
        "Näringsvärde": "Fett",
        "100 Gram": "6.9 g"
      },
      {
        "Näringsvärde": "Varav mättat fett",
        "100 Gram": "3.2 g"
      },
      {
        "Näringsvärde": "Kolhydrat",
        "100 Gram": "64.5 g"
      },
      {
        "Näringsvärde": "Varav sockerarter",
        "100 Gram": "49.9 g"
      },
      {
        "Näringsvärde": "Fiber",
        "100 Gram": "8 g"
      },
      {
        "Näringsvärde": "Protein",
        "100 Gram": "3.4 g"
      },
      {
        "Näringsvärde": "Salt",
        "100 Gram": "0.16 g"
      }
    ],
    "nutritionUnitText": "Näringsvärde per 100 gram",
    "categories": {
      "mainCategory": "Frukt & Grönt",
      "subCategories": [
        {
          "name": "Frukt",
          "subSubCategories": [
            "Exotisk frukt",
            "Dadlar"
          ]
        }
      ]
    }
  },
  {
    "name": "Pumpa Butternut ca 900g Klass 1 ICA",
    "weightText": "Ca 900 g",
    "caPart": "Ca",
    "weightValue": 900,
    "weightUnit": "g",
    "comparePrice": "29,95 kr/kg",
    "currentPrice": 26.96,
    "attributes": [],
    "imgUrl": "https://handlaprivatkund.ica.se/images-v3/bf7a00ca-390e-4769-865f-dc369586872e/fc757d14-50b1-4b9d-9e9c-d5a263d7cb9a/500x500.jpg",
    "productInformation": "",
    "countryText": "Spanien",
    "companyText": "",
    "ingrediensText": "",
    "storage": "Lägsta förvaringstemperatur 12°C Högsta förvaringstemperatur 16°C",
    "allergens": "",
    "usage": "",
    "nutrition": [],
    "nutritionUnitText": "",
    "categories": {
      "mainCategory": "Frukt & Grönt",
      "subCategories": [
        {
          "name": "Grönsaker",
          "subSubCategories": [
            "Pumpa"
          ]
        }
      ]
    }
  },
  {
    "name": "Dadlar Sour Watermelon 125g DAVE & JON'S",
    "weightText": "0.125 kg",
    "caPart": "",
    "weightValue": 0.125,
    "weightUnit": "kg",
    "comparePrice": "196,00 kr/kg",
    "currentPrice": 24.5,
    "attributes": [],
    "imgUrl": "https://handlaprivatkund.ica.se/images-v3/bf7a00ca-390e-4769-865f-dc369586872e/7aa58932-98a9-4302-8500-b48ed67b3772/500x500.jpg",
    "productInformation": "",
    "countryText": "",
    "companyText": "DAVE & JON'S",
    "ingrediensText": "Dadlar, fiber från/fra cikoriarot, vegetabilisk olja (kokos, shea), arom, surhetsreglerande medel (äppelsyra). Kan innehålla/indeholde spår/spor av/af: JORDNÖTTER/PEANØTTER/JORDNØDDER, NÖTTER/NØTTER/NØDDER, SOJA/SOYA. *KAN INNEHÅLLA/INDEHOLDE ENSTAKA KÄRNOR/KJERNER/KERNER ELLER KÄRNRESTER/KJERNERESTER/KERNERESTER.",
    "storage": "Förvaras torrt och svalt. Lägsta förvaringstemperatur 1°C Högsta förvaringstemperatur 20°C",
    "allergens": "",
    "usage": "",
    "nutrition": [
      {
        "Näringsvärde": "Energi (kcal)",
        "100 Gram": "320 kcal"
      },
      {
        "Näringsvärde": "Energi (kJ)",
        "100 Gram": "1340 kJ"
      },
      {
        "Näringsvärde": "Fett",
        "100 Gram": "3 g"
      },
      {
        "Näringsvärde": "Varav mättat fett",
        "100 Gram": "1.8 g"
      },
      {
        "Näringsvärde": "Kolhydrat",
        "100 Gram": "64.8 g"
      },
      {
        "Näringsvärde": "Varav sockerarter",
        "100 Gram": "52.3 g"
      },
      {
        "Näringsvärde": "Fiber",
        "100 Gram": "11.4 g"
      },
      {
        "Näringsvärde": "Protein",
        "100 Gram": "2.1 g"
      },
      {
        "Näringsvärde": "Salt",
        "100 Gram": "0 g"
      }
    ],
    "nutritionUnitText": "Näringsvärde per 100 gram",
    "categories": {
      "mainCategory": "Frukt & Grönt",
      "subCategories": [
        {
          "name": "Frukt",
          "subSubCategories": [
            "Exotisk frukt",
            "Dadlar"
          ]
        }
      ]
    }
  },
  {
    "name": "Soppgrönsaker 500g Klass 1 ICA",
    "weightText": "0.5 kg",
    "caPart": "",
    "weightValue": 0.5,
    "weightUnit": "kg",
    "comparePrice": "49,90 kr/kg",
    "currentPrice": 24.95,
    "attributes": [],
    "imgUrl": "https://handlaprivatkund.ica.se/images-v3/bf7a00ca-390e-4769-865f-dc369586872e/a2fce9fe-7e4e-4466-be14-58a9b392f622/500x500.jpg",
    "productInformation": "",
    "countryText": "",
    "companyText": "ICA",
    "ingrediensText": "",
    "storage": "",
    "allergens": "",
    "usage": "",
    "nutrition": [],
    "nutritionUnitText": "",
    "categories": {
      "mainCategory": "Frukt & Grönt",
      "subCategories": [
        {
          "name": "Rotfrukter",
          "subSubCategories": [
            "Övriga rotfrukter"
          ]
        }
      ]
    }
  },
  {
    "name": "Dadlar Strawberry Milkshake 125g DAVE & JON'S",
    "weightText": "0.125 kg",
    "caPart": "",
    "weightValue": 0.125,
    "weightUnit": "kg",
    "comparePrice": "196,00 kr/kg",
    "currentPrice": 24.5,
    "attributes": [],
    "imgUrl": "https://handlaprivatkund.ica.se/images-v3/bf7a00ca-390e-4769-865f-dc369586872e/04b874d8-f1fa-4062-b904-1e3ec05f6dda/500x500.jpg",
    "productInformation": "",
    "countryText": "",
    "companyText": "DAVE & JON'S",
    "ingrediensText": "Dadlar, fiber från/fra cikoriarot, jordgubbs/jordbær-pulver 2%, vegetabilisk olja (kokos, shea), arom, surhetsreglerande medel (äppelsyra). Kan innehålla/indeholde spår/spor av/af: JORDNÖTTER/PEANØTTER/JORDNØDDER, NÖTTER/NØTTER/NØDDER, SOJA/SOYA. *KAN INNEHÅLLA/INDEHOLDE ENSTAKA KÄRNOR/KJERNER/KERNER ELLER KÄRNRESTER/KJERNERESTER/KERNERESTER.",
    "storage": "Förvaras torrt och svalt. Lägsta förvaringstemperatur 1°C Högsta förvaringstemperatur 20°C",
    "allergens": "",
    "usage": "",
    "nutrition": [
      {
        "Näringsvärde": "Energi (kcal)",
        "100 Gram": "325 kcal"
      },
      {
        "Näringsvärde": "Energi (kJ)",
        "100 Gram": "1360 kJ"
      },
      {
        "Näringsvärde": "Fett",
        "100 Gram": "3 g"
      },
      {
        "Näringsvärde": "Varav mättat fett",
        "100 Gram": "1.8 g"
      },
      {
        "Näringsvärde": "Kolhydrat",
        "100 Gram": "64.7 g"
      },
      {
        "Näringsvärde": "Varav sockerarter",
        "100 Gram": "52.5 g"
      },
      {
        "Näringsvärde": "Fiber",
        "100 Gram": "12.1 g"
      },
      {
        "Näringsvärde": "Protein",
        "100 Gram": "2.3 g"
      },
      {
        "Näringsvärde": "Salt",
        "100 Gram": "0 g"
      }
    ],
    "nutritionUnitText": "Näringsvärde per 100 gram",
    "categories": {
      "mainCategory": "Frukt & Grönt",
      "subCategories": [
        {
          "name": "Frukt",
          "subSubCategories": [
            "Exotisk frukt",
            "Dadlar"
          ]
        }
      ]
    }
  }
]