[
  {
    "name": "Smör & Raps Normalsaltat 75% 500g Bregott®",
    "weightText": "0.5 kg",
    "caPart": "",
    "weightValue": 0.5,
    "weightUnit": "kg",
    "comparePrice": "90,00 kr/kg",
    "currentPrice": 45,
    "attributes": [
      "Ursprungsland Sverige"
    ],
    "imgUrl": "https://handlaprivatkund.ica.se/images-v3/bf7a00ca-390e-4769-865f-dc369586872e/8eb26a32-bd75-4705-aa7c-6094e88829a9/500x500.jpg",
    "productInformation": "Bregott® Normalsaltat är en favorit på svenska smörgåsar alltsedan 1969. Kärnat till smör av svensk grädde blandat med rapsolja och en nypa salt – naturligt gott. Grädden finns med för den goda smakens skull och rapsoljan gör det lättare att bre på brödet. Bregott® Normalsaltat gör sig allra bäst på smörgåsen men passar också att steka i och baka med. Symbolen med den blågula gräddkannan garanterar att produkten är gjord på 100 procent svensk grädde.",
    "countryText": "Sverige",
    "companyText": "Bregott",
    "ingrediensText": "SMÖR (pastöriserad GRÄDDE, mjölksyrakultur), rapsolja, vatten, salt, vitamin A och D.",
    "storage": "Bör förvaras vid högst +8ºC. Lägsta förvaringstemperatur 2°C Högsta förvaringstemperatur 8°C",
    "allergens": "Innehåller Mjölk",
    "usage": "",
    "nutrition": [
      {
        "Näringsvärde": "Energi (kcal)",
        "100 Gram": "678 kcal"
      },
      {
        "Näringsvärde": "Energi (kJ)",
        "100 Gram": "2789 kJ"
      },
      {
        "Näringsvärde": "Fett",
        "100 Gram": "75 g"
      },
      {
        "Näringsvärde": "Varav fleromättat fett",
        "100 Gram": "8.7 g"
      },
      {
        "Näringsvärde": "Varav mättat fett",
        "100 Gram": "33 g"
      },
      {
        "Näringsvärde": "Varav enkelomättat fett",
        "100 Gram": "28 g"
      },
      {
        "Näringsvärde": "Kolhydrat",
        "100 Gram": "0.4 g"
      },
      {
        "Näringsvärde": "Varav sockerarter",
        "100 Gram": "0.4 g"
      },
      {
        "Näringsvärde": "Protein",
        "100 Gram": "0.4 g"
      },
      {
        "Näringsvärde": "Salt",
        "100 Gram": "1.2 g"
      },
      {
        "Näringsvärde": "Vitamin A",
        "100 Gram": "900 µg",
        "% av DRI(*)": "113"
      },
      {
        "Näringsvärde": "Vitamin D",
        "100 Gram": "20 µg",
        "% av DRI(*)": "400"
      }
    ],
    "nutritionUnitText": "Näringsvärde per 100 gram",
    "categories": {
      "mainCategory": "Mejeri & Ost",
      "subCategories": [
        {
          "name": "Smör & Margarin",
          "subSubCategories": [
            "Bordsask smör"
          ]
        }
      ]
    }
  },
  {
    "name": "Mellanmjölkdryck Laktosfri 1,5% 1,5l Valio",
    "weightText": "1.5 l",
    "caPart": "",
    "weightValue": 1.5,
    "weightUnit": "l",
    "comparePrice": "13,33 kr/l",
    "currentPrice": 20,
    "attributes": [
      "Laktosfritt"
    ],
    "imgUrl": "https://handlaprivatkund.ica.se/images-v3/bf7a00ca-390e-4769-865f-dc369586872e/ed45e555-795b-4c8a-9852-4d5c155e97d9/500x500.jpg",
    "productInformation": "Hemligheten bakom vår goda mjölkdryck är enkel. Vi har låtit alla naturliga smaker, vitaminer och mineraler vara kvar och endast tagit bort all laktos - för en lättare magkänsla. Fetthalt 1,5%. Njut av vår goda laktosfria mjölk till maten, frukost eller i kaffet.",
    "countryText": "",
    "companyText": "Valio",
    "ingrediensText": "MELLANMJÖLK, vitamin D, laktas- och proteasenzym.",
    "storage": "Förvaras vid högst +8°C. Öppnad förpackning är hållbar 4-5 dagar i kylskåp.",
    "allergens": "Innehåller Mjölk",
    "usage": "",
    "nutrition": [
      {
        "Näringsvärde": "Energi (kcal)",
        "100 Gram": "39 kcal"
      },
      {
        "Näringsvärde": "Energi (kJ)",
        "100 Gram": "164 kJ"
      },
      {
        "Näringsvärde": "Fett",
        "100 Gram": "1.5 g"
      },
      {
        "Näringsvärde": "Varav mättat fett",
        "100 Gram": "0.9 g"
      },
      {
        "Näringsvärde": "Kolhydrat",
        "100 Gram": "3.1 g"
      },
      {
        "Näringsvärde": "Varav sockerarter",
        "100 Gram": "3.1 g"
      },
      {
        "Näringsvärde": "Protein",
        "100 Gram": "3.3 g"
      },
      {
        "Näringsvärde": "Salt",
        "100 Gram": "0.1 g"
      },
      {
        "Näringsvärde": "Vitamin B12",
        "100 Gram": "0.4 µg",
        "% av DRI(*)": "16"
      },
      {
        "Näringsvärde": "Vitamin D",
        "100 Gram": "2 µg",
        "% av DRI(*)": "40"
      },
      {
        "Näringsvärde": "Riboflavin",
        "100 Gram": "0.18 mg",
        "% av DRI(*)": "12"
      },
      {
        "Näringsvärde": "Kalcium",
        "100 Gram": "120 mg",
        "% av DRI(*)": "15"
      },
      {
        "Näringsvärde": "Jod",
        "100 Gram": "16 µg",
        "% av DRI(*)": "10"
      }
    ],
    "nutritionUnitText": "Näringsvärde per 100 gram",
    "categories": {
      "mainCategory": "Mejeri & Ost",
      "subCategories": [
        {
          "name": "Mjölk",
          "subSubCategories": [
            "Mellanmjölk",
            "Mellanmjölk, laktosfri"
          ]
        }
      ]
    }
  },
  {
    "name": "Smör & Raps Extrasaltat 75% 500g Bregott®",
    "weightText": "0.5 kg",
    "caPart": "",
    "weightValue": 0.5,
    "weightUnit": "kg",
    "comparePrice": "90,00 kr/kg",
    "currentPrice": 45,
    "attributes": [
      "Ursprungsland Sverige"
    ],
    "imgUrl": "https://handlaprivatkund.ica.se/images-v3/bf7a00ca-390e-4769-865f-dc369586872e/7a1a81db-8f5e-4617-ae25-91f069955bc6/500x500.jpg",
    "productInformation": "Bregott® Extrasaltat är en favorit på den svenska smörgåsen sedan 1971. Kärnat till smör av svensk grädde blandat med rapsolja och en extra nypa salt – naturligt gott. Grädden finns med för den goda smakens skull och rapsoljan gör det lättare att bre på brödet. Bregott® Extrasaltat gör sig allra bäst på smörgåsen men passar också att steka i och baka med. Symbolen med den blågula gräddkannan garanterar att produkten är gjord på 100 procent svensk grädde.",
    "countryText": "Sverige",
    "companyText": "Bregott",
    "ingrediensText": "SMÖR (pastöriserad GRÄDDE, mjölksyrakultur), rapsolja, vatten, salt, vitamin A och D.",
    "storage": "Bör förvaras vid högst +8ºC. Lägsta förvaringstemperatur 2°C Högsta förvaringstemperatur 8°C",
    "allergens": "Innehåller Mjölk",
    "usage": "",
    "nutrition": [
      {
        "Näringsvärde": "Energi (kcal)",
        "100 Gram": "678 kcal"
      },
      {
        "Näringsvärde": "Energi (kJ)",
        "100 Gram": "2789 kJ"
      },
      {
        "Näringsvärde": "Fett",
        "100 Gram": "75 g"
      },
      {
        "Näringsvärde": "Varav fleromättat fett",
        "100 Gram": "8.7 g"
      },
      {
        "Näringsvärde": "Varav mättat fett",
        "100 Gram": "33 g"
      },
      {
        "Näringsvärde": "Varav enkelomättat fett",
        "100 Gram": "28 g"
      },
      {
        "Näringsvärde": "Kolhydrat",
        "100 Gram": "0.4 g"
      },
      {
        "Näringsvärde": "Varav sockerarter",
        "100 Gram": "0.4 g"
      },
      {
        "Näringsvärde": "Protein",
        "100 Gram": "0.4 g"
      },
      {
        "Näringsvärde": "Salt",
        "100 Gram": "1.8 g"
      },
      {
        "Näringsvärde": "Vitamin A",
        "100 Gram": "900 µg",
        "% av DRI(*)": "113"
      },
      {
        "Näringsvärde": "Vitamin D",
        "100 Gram": "20 µg",
        "% av DRI(*)": "400"
      }
    ],
    "nutritionUnitText": "Näringsvärde per 100 gram",
    "categories": {
      "mainCategory": "Mejeri & Ost",
      "subCategories": [
        {
          "name": "Smör & Margarin",
          "subSubCategories": [
            "Bordsask smör"
          ]
        }
      ]
    }
  },
  {
    "name": "Mjölkdryck Laktosfri 3% 1,5l Valio",
    "weightText": "1.5 l",
    "caPart": "",
    "weightValue": 1.5,
    "weightUnit": "l",
    "comparePrice": "13,33 kr/l",
    "currentPrice": 20,
    "attributes": [
      "Laktosfritt"
    ],
    "imgUrl": "https://handlaprivatkund.ica.se/images-v3/bf7a00ca-390e-4769-865f-dc369586872e/a364a855-5986-469d-8b35-59b0d1258efd/500x500.jpg",
    "productInformation": "Hemligheten bakom vår goda mjölkdryck är enkel. Vi har låtit alla naturliga smaker, vitaminer och mineraler vara kvar och endast tagit bort all laktos - för en lättare magkänsla. Fetthalt 3%. Njut av vår goda laktosfria mjölk till maten, frukost eller i kaffet.",
    "countryText": "",
    "companyText": "Valio",
    "ingrediensText": "MJÖLK, vitamin D, laktas- och proteasenzym.",
    "storage": "Förvaras vid högst +8°C. Öppnad förpackning är hållbar 4-5 dagar i kylskåp.",
    "allergens": "Innehåller Mjölk",
    "usage": "",
    "nutrition": [
      {
        "Näringsvärde": "Energi (kcal)",
        "100 Gram": "52 kcal"
      },
      {
        "Näringsvärde": "Energi (kJ)",
        "100 Gram": "218 kJ"
      },
      {
        "Näringsvärde": "Fett",
        "100 Gram": "3 g"
      },
      {
        "Näringsvärde": "Varav mättat fett",
        "100 Gram": "1.8 g"
      },
      {
        "Näringsvärde": "Kolhydrat",
        "100 Gram": "3.1 g"
      },
      {
        "Näringsvärde": "Varav sockerarter",
        "100 Gram": "3.1 g"
      },
      {
        "Näringsvärde": "Protein",
        "100 Gram": "3.2 g"
      },
      {
        "Näringsvärde": "Salt",
        "100 Gram": "0.1 g"
      },
      {
        "Näringsvärde": "Vitamin B12",
        "100 Gram": "0.4 µg",
        "% av DRI(*)": "16"
      },
      {
        "Näringsvärde": "Vitamin D",
        "100 Gram": "2 µg",
        "% av DRI(*)": "40"
      },
      {
        "Näringsvärde": "Riboflavin",
        "100 Gram": "0.18 mg",
        "% av DRI(*)": "12"
      },
      {
        "Näringsvärde": "Kalcium",
        "100 Gram": "120 mg",
        "% av DRI(*)": "15"
      },
      {
        "Näringsvärde": "Jod",
        "100 Gram": "16 µg",
        "% av DRI(*)": "10"
      }
    ],
    "nutritionUnitText": "Näringsvärde per 100 gram",
    "categories": {
      "mainCategory": "Mejeri & Ost",
      "subCategories": [
        {
          "name": "Mjölk",
          "subSubCategories": [
            "Standardmjölk",
            "Standardmjölk, laktosfri"
          ]
        }
      ]
    }
  },
  {
    "name": "Smör & Raps Normalsaltat Laktosfri 70% 500g Bregott®",
    "weightText": "0.5 kg",
    "caPart": "",
    "weightValue": 0.5,
    "weightUnit": "kg",
    "comparePrice": "90,00 kr/kg",
    "currentPrice": 45,
    "attributes": [
      "Ursprungsland Sverige",
      "Laktosfritt"
    ],
    "imgUrl": "https://handlaprivatkund.ica.se/images-v3/bf7a00ca-390e-4769-865f-dc369586872e/e6a8de49-8d97-44c4-b2b3-0e4b0eca2889/500x500.jpg",
    "productInformation": "Naturligt gott, helt enkelt men utan laktos! Bregott® Laktosfri är kärnat till smör av svensk grädde blandat med rapsolja och en nypa salt. Grädden finns med för den goda smakens skull och rapsoljan gör det lättare att bre på brödet. Bregott® Laktosfri gör sig allra bäst på smörgåsen men passar också att steka i och baka med. Symbolen med den blågula gräddkannan garanterar att produkten är gjord på 100 procent svensk grädde.",
    "countryText": "Sverige",
    "companyText": "Bregott",
    "ingrediensText": "SMÖR (pastöriserad GRÄDDE, mjölksyrakultur), rapsolja, vatten, salt, laktasenzym, vitamin A och D.",
    "storage": "Bör förvaras vid högst +8ºC.",
    "allergens": "Innehåller Mjölk",
    "usage": "",
    "nutrition": [
      {
        "Näringsvärde": "Energi (kcal)",
        "100 Gram": "633 kcal"
      },
      {
        "Näringsvärde": "Energi (kJ)",
        "100 Gram": "2602 kJ"
      },
      {
        "Näringsvärde": "Fett",
        "100 Gram": "70 g"
      },
      {
        "Näringsvärde": "Varav fleromättat fett",
        "100 Gram": "9 g"
      },
      {
        "Näringsvärde": "Varav mättat fett",
        "100 Gram": "29 g"
      },
      {
        "Näringsvärde": "Varav enkelomättat fett",
        "100 Gram": "27 g"
      },
      {
        "Näringsvärde": "Kolhydrat",
        "100 Gram": "0.4 g"
      },
      {
        "Näringsvärde": "Varav sockerarter",
        "100 Gram": "0.4 g"
      },
      {
        "Näringsvärde": "Protein",
        "100 Gram": "0.3 g"
      },
      {
        "Näringsvärde": "Salt",
        "100 Gram": "1.2 g"
      },
      {
        "Näringsvärde": "Vitamin A",
        "100 Gram": "900 µg",
        "% av DRI(*)": "113"
      },
      {
        "Näringsvärde": "Vitamin D",
        "100 Gram": "20 µg",
        "% av DRI(*)": "400"
      }
    ],
    "nutritionUnitText": "Näringsvärde per 100 gram",
    "categories": {
      "mainCategory": "Mejeri & Ost",
      "subCategories": [
        {
          "name": "Smör & Margarin",
          "subSubCategories": [
            "Laktosfritt smör & margarin"
          ]
        }
      ]
    }
  },
  {
    "name": "Familjefavoriter Port salut mild 26% ca 750g Arla",
    "weightText": "Ca 0.75 kg",
    "caPart": "Ca",
    "weightValue": 0.75,
    "weightUnit": "kg",
    "comparePrice": "79,90 kr/kg",
    "currentPrice": 59.93,
    "attributes": [],
    "imgUrl": "https://handlaprivatkund.ica.se/images-v3/bf7a00ca-390e-4769-865f-dc369586872e/3f7f2105-1229-4248-a5eb-2823efc55f32/500x500.jpg",
    "productInformation": "Arla® Familjefavoriter - milda och goda ostar för hela familjen. Ost som är enkel att hyvla och skära, perfekt som pålägg eller att skära i bitar till fredagsmyset. Port Salut ost har smidig konsistens med gräddig smak, fetthalten är 26%. Tips: när du närmar dig slutet av osten och den blir lite svårare att hyvla, riv och frys in. Supersmidigt att plocka fram när det är dags för tacopaj! Vår Port Salut är tillverkad i Vium, Danmark, av mjölk från danska Arlagårdar.",
    "countryText": "",
    "companyText": "Arla",
    "ingrediensText": "Pastöriserad MJÖLK, salt, syrningskultur, ystenzym, färgämne E160b.",
    "storage": "",
    "allergens": "",
    "usage": "",
    "nutrition": [
      {
        "Näringsvärde": "Energi (kcal)",
        "100 Gram": "340 kcal"
      },
      {
        "Näringsvärde": "Energi (kJ)",
        "100 Gram": "1411 kJ"
      },
      {
        "Näringsvärde": "Fett",
        "100 Gram": "26 g"
      },
      {
        "Näringsvärde": "Varav mättat fett",
        "100 Gram": "17 g"
      },
      {
        "Näringsvärde": "Kolhydrat",
        "100 Gram": "0 g"
      },
      {
        "Näringsvärde": "Varav sockerarter",
        "100 Gram": "0 g"
      },
      {
        "Näringsvärde": "Protein",
        "100 Gram": "25 g"
      },
      {
        "Näringsvärde": "Salt",
        "100 Gram": "1.6 g"
      },
      {
        "Näringsvärde": "Vitamin B12",
        "100 Gram": "1.4 µg",
        "% av DRI(*)": "56"
      },
      {
        "Näringsvärde": "Kalcium",
        "100 Gram": "751 mg",
        "% av DRI(*)": "94"
      }
    ],
    "nutritionUnitText": "Näringsvärde per 100 gram",
    "categories": {
      "mainCategory": "Mejeri & Ost",
      "subCategories": [
        {
          "name": "Ost",
          "subSubCategories": [
            "Påläggsost",
            "Övrig hårdost"
          ]
        }
      ]
    }
  },
  {
    "name": "Familjefavoriter Gräddis ost mild ca 1kg Arla®",
    "weightText": "Ca 1 kg",
    "caPart": "Ca",
    "weightValue": 1,
    "weightUnit": "kg",
    "comparePrice": "79,90 kr/kg",
    "currentPrice": 79.9,
    "attributes": [],
    "imgUrl": "https://handlaprivatkund.ica.se/images-v3/bf7a00ca-390e-4769-865f-dc369586872e/45bae446-4932-476a-ab2d-7aabd790548b/500x500.jpg",
    "productInformation": "Arla® Familjefavoriter - milda och goda ostar för hela familjen. Ost som är enkel att hyvla och skära, perfekt på mackan eller att skära i bitar till fredagsmyset. Gräddis är en ost med krämig konsistens och gräddig smak, fetthalten är 31%. Tips: när du närmar dig slutet av osten och den blir lite svårare att hyvla, riv och frys in. Supersmidigt att plocka fram till nästa pizzatillfälle! Gräddis är tillverkad i Vium, Danmark, av mjölk från danska Arlagårdar.",
    "countryText": "",
    "companyText": "Arla",
    "ingrediensText": "Pastöriserad MJÖLK, salt, syrningskultur, ystenzym.",
    "storage": "",
    "allergens": "",
    "usage": "",
    "nutrition": [
      {
        "Näringsvärde": "Energi (kcal)",
        "100 Gram": "370 kcal"
      },
      {
        "Näringsvärde": "Energi (kJ)",
        "100 Gram": "1530 kJ"
      },
      {
        "Näringsvärde": "Fett",
        "100 Gram": "30 g"
      },
      {
        "Näringsvärde": "Varav mättat fett",
        "100 Gram": "19 g"
      },
      {
        "Näringsvärde": "Kolhydrat",
        "100 Gram": "0 g"
      },
      {
        "Näringsvärde": "Varav sockerarter",
        "100 Gram": "0 g"
      },
      {
        "Näringsvärde": "Protein",
        "100 Gram": "24 g"
      },
      {
        "Näringsvärde": "Salt",
        "100 Gram": "1.6 g"
      },
      {
        "Näringsvärde": "Vitamin B12",
        "100 Gram": "1.4 µg",
        "% av DRI(*)": "56"
      },
      {
        "Näringsvärde": "Kalcium",
        "100 Gram": "707 mg",
        "% av DRI(*)": "90"
      }
    ],
    "nutritionUnitText": "Näringsvärde per 100 gram",
    "categories": {
      "mainCategory": "Mejeri & Ost",
      "subCategories": [
        {
          "name": "Ost",
          "subSubCategories": [
            "Påläggsost"
          ]
        }
      ]
    }
  },
  {
    "name": "Vaniljyoghurt Hallon slät 2,1% 1000g Valio",
    "weightText": "1 kg",
    "caPart": "",
    "weightValue": 1,
    "weightUnit": "kg",
    "comparePrice": "20,00 kr/kg",
    "currentPrice": 20,
    "attributes": [],
    "imgUrl": "https://handlaprivatkund.ica.se/images-v3/bf7a00ca-390e-4769-865f-dc369586872e/ebbaa52d-51cf-4c5f-8113-567ee5868566/500x500.jpg",
    "productInformation": "Slät och krämig vaniljyoghurt med smak av hallon. Yoghurten är varsamt sockrad med 30 % mindre tillsatt socker än vanliga smaksatta yoghurtar. Passar utmärkt till frukost och mellanmål.",
    "countryText": "",
    "companyText": "Valio",
    "ingrediensText": "Högpastöriserad MJÖLK, socker 5,2%, hallon 1,8%, modifierad potatisstärkelse, aromer, vaniljextrakt, mald vaniljstång, färgämne (rödbetsrött), koncentrerad fläderbärsjuice, yoghurtkultur, Lactobacillus acidophilus, Bifidobacterium sp. och vitamin D.",
    "storage": "Förvaras vid högst +8°C. Öppnad förpackning är hållbar 4-5 dagar i kylskåp.",
    "allergens": "",
    "usage": "Omskakas före användning.",
    "nutrition": [
      {
        "Näringsvärde": "Energi (kcal)",
        "100 Gram": "76 kcal"
      },
      {
        "Näringsvärde": "Energi (kJ)",
        "100 Gram": "320 kJ"
      },
      {
        "Näringsvärde": "Fett",
        "100 Gram": "2.2 g"
      },
      {
        "Näringsvärde": "Varav mättat fett",
        "100 Gram": "1.3 g"
      },
      {
        "Näringsvärde": "Kolhydrat",
        "100 Gram": "9.6 g"
      },
      {
        "Näringsvärde": "Varav sockerarter",
        "100 Gram": "9.4 g"
      },
      {
        "Näringsvärde": "Protein",
        "100 Gram": "3.8 g"
      },
      {
        "Näringsvärde": "Salt",
        "100 Gram": "0.1 g"
      },
      {
        "Näringsvärde": "Vitamin B12",
        "100 Gram": "0.4 µg",
        "% av DRI(*)": "16"
      },
      {
        "Näringsvärde": "Vitamin D",
        "100 Gram": "1 µg",
        "% av DRI(*)": "20"
      },
      {
        "Näringsvärde": "Kalcium",
        "100 Gram": "120 mg",
        "% av DRI(*)": "15"
      }
    ],
    "nutritionUnitText": "Näringsvärde per 100 gram",
    "categories": {
      "mainCategory": "Mejeri & Ost",
      "subCategories": [
        {
          "name": "Yoghurt",
          "subSubCategories": [
            "Smaksatt yoghurt"
          ]
        }
      ]
    }
  },
  {
    "name": "Familjefavoriter Gouda ost mild ca 1,2kg Arla®",
    "weightText": "Ca 1.2 kg",
    "caPart": "Ca",
    "weightValue": 1.2,
    "weightUnit": "kg",
    "comparePrice": "79,90 kr/kg",
    "currentPrice": 95.88,
    "attributes": [
      "Ursprungsland Sverige"
    ],
    "imgUrl": "https://handlaprivatkund.ica.se/images-v3/bf7a00ca-390e-4769-865f-dc369586872e/d9e4ae75-d84d-42fc-832d-cf9fd53d059c/500x500.jpg",
    "productInformation": "Arla® Familjefavoriter - milda och goda ostar för hela familjen. Vår Gouda ost är len i konsistensen och har god sälta och lite syrlighet, fetthalten är 28%. Arla® Familjefavoriter är enkla att hyvla och skära, perfekt pålägg på frukostmackan eller att skära i bitar till fredagsmyset. Tips: när du närmar dig slutet av osten och den blir svårare att hyvla, riv och frys in. Supersmidigt att plocka fram till nästa pizzatillfälle! Symbolen med den blågula mjölkkannan innebär att osten är gjord på 100 procent svensk mjölk.",
    "countryText": "Sverige",
    "companyText": "Arla",
    "ingrediensText": "Pastöriserad MJÖLK, salt, syrningskultur, ystenzym, kalciumklorid.",
    "storage": "",
    "allergens": "",
    "usage": "",
    "nutrition": [
      {
        "Näringsvärde": "Energi (kcal)",
        "100 Gram": "354 kcal"
      },
      {
        "Näringsvärde": "Energi (kJ)",
        "100 Gram": "1471 kJ"
      },
      {
        "Näringsvärde": "Fett",
        "100 Gram": "28 g"
      },
      {
        "Näringsvärde": "Varav mättat fett",
        "100 Gram": "18 g"
      },
      {
        "Näringsvärde": "Kolhydrat",
        "100 Gram": "0 g"
      },
      {
        "Näringsvärde": "Varav sockerarter",
        "100 Gram": "0 g"
      },
      {
        "Näringsvärde": "Protein",
        "100 Gram": "25 g"
      },
      {
        "Näringsvärde": "Salt",
        "100 Gram": "1.4 g"
      }
    ],
    "nutritionUnitText": "Näringsvärde per 100 gram",
    "categories": {
      "mainCategory": "Mejeri & Ost",
      "subCategories": [
        {
          "name": "Ost",
          "subSubCategories": [
            "Påläggsost",
            "Gouda & edamer"
          ]
        }
      ]
    }
  },
  {
    "name": "Creamy Blue Blåmögelost 42% 150g Castello®",
    "weightText": "0.15 kg",
    "caPart": "",
    "weightValue": 0.15,
    "weightUnit": "kg",
    "comparePrice": "193,33 kr/kg",
    "currentPrice": 29,
    "attributes": [],
    "imgUrl": "https://handlaprivatkund.ica.se/images-v3/bf7a00ca-390e-4769-865f-dc369586872e/10ddfb20-c5c6-4c08-8144-a1f504064559/500x500.jpg",
    "productInformation": "Castello® Blue är en krämig ädelost med mild doft och rikligt blåmögelmarmorerad snittyta. Osten kallas även blåmögel och blue cheese. Konsistensen är len, krämig och bredbar. Smaken är mild med tydlig sälta och beska och den utvecklas utan att bli stark. Den långa mogna eftersmaken har inslag av grapefrukt. Castello® Blue är en utmärkt dessertost till din ostbricka. Osten smakar särskilt gott till rågbröd eller rågkex, mogna päron & plommon eller söt marmelad. Servera med humlearomatiskt öl med beska eller ett bärigt och mjukt rött vin.",
    "countryText": "",
    "companyText": "Castello",
    "ingrediensText": "Pastöriserad MJÖLK och GRÄDDE, salt, syrningskultur, ystenzym, blåmögelkultur, mognadskultur.",
    "storage": "",
    "allergens": "",
    "usage": "",
    "nutrition": [
      {
        "Näringsvärde": "Energi (kcal)",
        "100 Gram": "431 kcal"
      },
      {
        "Näringsvärde": "Energi (kJ)",
        "100 Gram": "1779 kJ"
      },
      {
        "Näringsvärde": "Fett",
        "100 Gram": "42 g"
      },
      {
        "Näringsvärde": "Varav mättat fett",
        "100 Gram": "27 g"
      },
      {
        "Näringsvärde": "Kolhydrat",
        "100 Gram": "0.5 g"
      },
      {
        "Näringsvärde": "Varav sockerarter",
        "100 Gram": "0.5 g"
      },
      {
        "Näringsvärde": "Protein",
        "100 Gram": "13 g"
      },
      {
        "Näringsvärde": "Salt",
        "100 Gram": "1.6 g"
      }
    ],
    "nutritionUnitText": "Näringsvärde per 100 gram",
    "categories": {
      "mainCategory": "Mejeri & Ost",
      "subCategories": [
        {
          "name": "Ost",
          "subSubCategories": [
            "Dessertost",
            "Blåmögelost"
          ]
        }
      ]
    }
  },
  {
    "name": "Vaniljyoghurt 2,1% 1000g Valio",
    "weightText": "1 kg",
    "caPart": "",
    "weightValue": 1,
    "weightUnit": "kg",
    "comparePrice": "20,00 kr/kg",
    "currentPrice": 20,
    "attributes": [],
    "imgUrl": "https://handlaprivatkund.ica.se/images-v3/bf7a00ca-390e-4769-865f-dc369586872e/0807a413-7d7d-4308-9ecf-c2bbfb3e0f40/500x500.jpg",
    "productInformation": "Originalet! Valios krämiga vaniljyoghurt original. Yoghurten är varsamt sockrad med 30% mindre tillsatt socker än vanliga smaksatta yoghurtar. Passar utmärkt både till frukost och mellanmål.",
    "countryText": "",
    "companyText": "Valio",
    "ingrediensText": "Högpastöriserad MJÖLK, vatten, socker 5,2%, modifierad potatisstärkelse, aromer, vaniljextrakt, mald vaniljstång, yoghurtkultur, Lactobacillus acidophilus, Bifidobacterium sp. och vitamin D.",
    "storage": "Förvaras vid högst +8°C. Öppnad förpackning är hållbar 4-5 dagar i kylskåp.",
    "allergens": "",
    "usage": "Omskakas före användning.",
    "nutrition": [
      {
        "Näringsvärde": "Energi (kcal)",
        "100 Gram": "74 kcal"
      },
      {
        "Näringsvärde": "Energi (kJ)",
        "100 Gram": "311 kJ"
      },
      {
        "Näringsvärde": "Fett",
        "100 Gram": "2.1 g"
      },
      {
        "Näringsvärde": "Varav mättat fett",
        "100 Gram": "1.2 g"
      },
      {
        "Näringsvärde": "Kolhydrat",
        "100 Gram": "9.5 g"
      },
      {
        "Näringsvärde": "Varav sockerarter",
        "100 Gram": "9.2 g"
      },
      {
        "Näringsvärde": "Protein",
        "100 Gram": "3.6 g"
      },
      {
        "Näringsvärde": "Salt",
        "100 Gram": "0.1 g"
      },
      {
        "Näringsvärde": "Vitamin B12",
        "100 Gram": "0.4 µg",
        "% av DRI(*)": "16"
      },
      {
        "Näringsvärde": "Vitamin D",
        "100 Gram": "1 µg",
        "% av DRI(*)": "20"
      },
      {
        "Näringsvärde": "Kalcium",
        "100 Gram": "120 mg",
        "% av DRI(*)": "15"
      }
    ],
    "nutritionUnitText": "Näringsvärde per 100 gram",
    "categories": {
      "mainCategory": "Mejeri & Ost",
      "subCategories": [
        {
          "name": "Yoghurt",
          "subSubCategories": [
            "Smaksatt yoghurt"
          ]
        }
      ]
    }
  },
  {
    "name": "Lättmjölkdryck Laktosfri 0,5% 1,5l Valio",
    "weightText": "1.5 l",
    "caPart": "",
    "weightValue": 1.5,
    "weightUnit": "l",
    "comparePrice": "13,33 kr/l",
    "currentPrice": 20,
    "attributes": [
      "Nyckelhålet",
      "Laktosfritt"
    ],
    "imgUrl": "https://handlaprivatkund.ica.se/images-v3/bf7a00ca-390e-4769-865f-dc369586872e/ca3b6c3c-fcc0-42c6-b45b-4b1f1d404ed2/500x500.jpg",
    "productInformation": "Hemligheten bakom vår goda mjölkdryck är enkel. Vi har låtit alla naturliga smaker, vitaminer och mineraler vara kvar och endast tagit bort all laktos - för en lättare magkänsla. Fetthalt 0,5%. Njut av vår goda laktosfria mjölk till maten, frukost eller i kaffet.",
    "countryText": "",
    "companyText": "Valio",
    "ingrediensText": "LÄTTMJÖLK, vitamin D, laktas- och proteasenzym.",
    "storage": "Förvaras vid högst +8°C. Öppnad förpackning är hållbar 4-5 dagar i kylskåp.",
    "allergens": "Innehåller Mjölk",
    "usage": "",
    "nutrition": [
      {
        "Näringsvärde": "Energi (kcal)",
        "100 Gram": "30 kcal"
      },
      {
        "Näringsvärde": "Energi (kJ)",
        "100 Gram": "127 kJ"
      },
      {
        "Näringsvärde": "Fett",
        "100 Gram": "0.5 g"
      },
      {
        "Näringsvärde": "Varav mättat fett",
        "100 Gram": "0.3 g"
      },
      {
        "Näringsvärde": "Kolhydrat",
        "100 Gram": "3.1 g"
      },
      {
        "Näringsvärde": "Varav sockerarter",
        "100 Gram": "3.1 g"
      },
      {
        "Näringsvärde": "Protein",
        "100 Gram": "3.3 g"
      },
      {
        "Näringsvärde": "Salt",
        "100 Gram": "0.1 g"
      },
      {
        "Näringsvärde": "Vitamin B12",
        "100 Gram": "0.4 µg",
        "% av DRI(*)": "16"
      },
      {
        "Näringsvärde": "Vitamin D",
        "100 Gram": "2 µg",
        "% av DRI(*)": "40"
      },
      {
        "Näringsvärde": "Riboflavin",
        "100 Gram": "0.19 mg",
        "% av DRI(*)": "13"
      },
      {
        "Näringsvärde": "Kalcium",
        "100 Gram": "120 mg",
        "% av DRI(*)": "15"
      },
      {
        "Näringsvärde": "Jod",
        "100 Gram": "16 µg",
        "% av DRI(*)": "10"
      }
    ],
    "nutritionUnitText": "Näringsvärde per 100 gram",
    "categories": {
      "mainCategory": "Mejeri & Ost",
      "subCategories": [
        {
          "name": "Mjölk",
          "subSubCategories": [
            "Lättmjölk",
            "Lättmjölk, laktosfri"
          ]
        }
      ]
    }
  },
  {
    "name": "Cheddar mild 32% ca 500g Kvibille",
    "weightText": "Ca 0.5 kg",
    "caPart": "Ca",
    "weightValue": 0.5,
    "weightUnit": "kg",
    "comparePrice": "139,00 kr/kg",
    "currentPrice": 69.5,
    "attributes": [
      "Ursprungsland Sverige",
      "Mjölk från Sverige"
    ],
    "imgUrl": "https://handlaprivatkund.ica.se/images-v3/bf7a00ca-390e-4769-865f-dc369586872e/746caf6a-b5c0-461e-847a-0d1d7a4c2ffb/500x500.jpg",
    "productInformation": "Fyllig och smakrik cheddarost som lagrats i sex till åtta månader. Den är svagt syrlig och aromatisk med tydlig sälta och lång, behaglig eftersmak. Kvibille® Cheddar 6 mån 32% passar utmärkt på såväl ostbricka och buffé som i matlagning och på smörgås. Lagrad cheddar är även en klassiker på julbordet. Kvibille® Cheddar 6 månader tillverkas hantverksmässigt på halländska Kvibille mejeri.",
    "countryText": "Sverige",
    "companyText": "Kvibille",
    "ingrediensText": "Pastöriserad svensk MJÖLK, salt, syrningskultur, ystenzym, konserveringsmedel E251, E202.",
    "storage": "",
    "allergens": "",
    "usage": "",
    "nutrition": [
      {
        "Näringsvärde": "Energi (kcal)",
        "100 Gram": "388 kcal"
      },
      {
        "Näringsvärde": "Energi (kJ)",
        "100 Gram": "1607 kJ"
      },
      {
        "Näringsvärde": "Fett",
        "100 Gram": "32 g"
      },
      {
        "Näringsvärde": "Varav mättat fett",
        "100 Gram": "20 g"
      },
      {
        "Näringsvärde": "Kolhydrat",
        "100 Gram": "0 g"
      },
      {
        "Näringsvärde": "Varav sockerarter",
        "100 Gram": "0 g"
      },
      {
        "Näringsvärde": "Protein",
        "100 Gram": "24 g"
      },
      {
        "Näringsvärde": "Salt",
        "100 Gram": "1.3 g"
      }
    ],
    "nutritionUnitText": "Näringsvärde per 100 gram",
    "categories": {
      "mainCategory": "Mejeri & Ost",
      "subCategories": [
        {
          "name": "Ost",
          "subSubCategories": [
            "Påläggsost",
            "Cheddar"
          ]
        }
      ]
    }
  },
  {
    "name": "Vaniljyoghurt Päron slät 2,1% 1000g Valio",
    "weightText": "1 kg",
    "caPart": "",
    "weightValue": 1,
    "weightUnit": "kg",
    "comparePrice": "20,00 kr/kg",
    "currentPrice": 20,
    "attributes": [],
    "imgUrl": "https://handlaprivatkund.ica.se/images-v3/bf7a00ca-390e-4769-865f-dc369586872e/bc1405b5-0953-4263-9d1d-70d30c2cba48/500x500.jpg",
    "productInformation": "Slät och krämig vaniljyoghurt med smak av päron. Yoghurten är varsamt sockrad med 30 % mindre tillsatt socker än vanliga smaksatta yoghurtar. Passar utmärkt både till frukost och mellanmål.",
    "countryText": "",
    "companyText": "Valio",
    "ingrediensText": "Högpastöriserad MJÖLK, socker 5,2%, päron 1,8%, modifierad potatisstärkelse, aromer, vaniljextrakt, mald vaniljstång, yoghurtkultur, Lactobacillus acidophilus, Bifidobacterium sp. och vitamin D.",
    "storage": "Förvaras vid högst +8°C. Öppnad förpackning är hållbar 4-5 dagar i kylskåp.",
    "allergens": "",
    "usage": "Omskakas före användning.",
    "nutrition": [
      {
        "Näringsvärde": "Energi (kcal)",
        "100 Gram": "76 kcal"
      },
      {
        "Näringsvärde": "Energi (kJ)",
        "100 Gram": "321 kJ"
      },
      {
        "Näringsvärde": "Fett",
        "100 Gram": "2.2 g"
      },
      {
        "Näringsvärde": "Varav mättat fett",
        "100 Gram": "1.3 g"
      },
      {
        "Näringsvärde": "Kolhydrat",
        "100 Gram": "9.7 g"
      },
      {
        "Näringsvärde": "Varav sockerarter",
        "100 Gram": "9.5 g"
      },
      {
        "Näringsvärde": "Protein",
        "100 Gram": "3.8 g"
      },
      {
        "Näringsvärde": "Salt",
        "100 Gram": "0.1 g"
      },
      {
        "Näringsvärde": "Vitamin B12",
        "100 Gram": "0.4 µg",
        "% av DRI(*)": "16"
      },
      {
        "Näringsvärde": "Vitamin D",
        "100 Gram": "1 µg",
        "% av DRI(*)": "20"
      },
      {
        "Näringsvärde": "Kalcium",
        "100 Gram": "120 mg",
        "% av DRI(*)": "15"
      }
    ],
    "nutritionUnitText": "Näringsvärde per 100 gram",
    "categories": {
      "mainCategory": "Mejeri & Ost",
      "subCategories": [
        {
          "name": "Yoghurt",
          "subSubCategories": [
            "Smaksatt yoghurt"
          ]
        }
      ]
    }
  },
  {
    "name": "Vaniljyoghurt Sommarbär 2,1% 1000g Valio",
    "weightText": "1 kg",
    "caPart": "",
    "weightValue": 1,
    "weightUnit": "kg",
    "comparePrice": "20,00 kr/kg",
    "currentPrice": 20,
    "attributes": [],
    "imgUrl": "https://handlaprivatkund.ica.se/images-v3/bf7a00ca-390e-4769-865f-dc369586872e/a1d0c60b-28d3-405b-9167-379fc96a4102/500x500.jpg",
    "productInformation": "Valio Vanilj Klassisk Sommarbär är en krämig och smakrik yoghurt med vårt klassiska recept sedan 2002. I perfekt harmoni, len mjuk vanilj med sommarens godaste bär: jordgubbar och smultron. En perfekt frukost till hela familjen eller som ett gott mellanmål.",
    "countryText": "",
    "companyText": "Valio",
    "ingrediensText": "Högpastöriserad MJÖLK, socker 8,0%, jordgubbar 2,4%, jordgubbspuré 0,7%, smultron 0,4%, modifierad majsstärkelse, förtjockningsmedel (guarkärnmjöl), aromer, vaniljextrakt, färgämne (rödbetsrött), yoghurtkultur, Lactobacillus acidophilus, Bifidobacterium sp. och D-vitamin.",
    "storage": "Förvaras vid högst +8°C. Öppnad förpackning är hållbar 4-5 dagar i kylskåp.",
    "allergens": "",
    "usage": "Omskakas före användning.",
    "nutrition": [
      {
        "Näringsvärde": "Energi (kcal)",
        "100 Gram": "88 kcal"
      },
      {
        "Näringsvärde": "Energi (kJ)",
        "100 Gram": "370 kJ"
      },
      {
        "Näringsvärde": "Fett",
        "100 Gram": "2.1 g"
      },
      {
        "Näringsvärde": "Varav mättat fett",
        "100 Gram": "1.2 g"
      },
      {
        "Näringsvärde": "Kolhydrat",
        "100 Gram": "13 g"
      },
      {
        "Näringsvärde": "Varav sockerarter",
        "100 Gram": "12 g"
      },
      {
        "Näringsvärde": "Protein",
        "100 Gram": "3.6 g"
      },
      {
        "Näringsvärde": "Salt",
        "100 Gram": "0.1 g"
      },
      {
        "Näringsvärde": "Vitamin B12",
        "100 Gram": "0.4 µg",
        "% av DRI(*)": "16"
      },
      {
        "Näringsvärde": "Vitamin D",
        "100 Gram": "1 µg",
        "% av DRI(*)": "20"
      },
      {
        "Näringsvärde": "Kalcium",
        "100 Gram": "120 mg",
        "% av DRI(*)": "15"
      }
    ],
    "nutritionUnitText": "Näringsvärde per 100 gram",
    "categories": {
      "mainCategory": "Mejeri & Ost",
      "subCategories": [
        {
          "name": "Yoghurt",
          "subSubCategories": [
            "Smaksatt yoghurt"
          ]
        }
      ]
    }
  },
  {
    "name": "Proteinmilkshake Chocolate 330ml Barebells",
    "weightText": "0.33 l",
    "caPart": "",
    "weightValue": 0.33,
    "weightUnit": "l",
    "comparePrice": "77,27 kr/l",
    "currentPrice": 25.5,
    "attributes": [
      "Laktosfritt"
    ],
    "imgUrl": "https://handlaprivatkund.ica.se/images-v3/bf7a00ca-390e-4769-865f-dc369586872e/9e02c287-d751-433b-8e1f-9bd07bd60b9e/500x500.jpg",
    "productInformation": "Proteinrik milkshake med smak av choklad. Innehåller sötningsmedel.",
    "countryText": "",
    "companyText": "Barebells",
    "ingrediensText": "MJÖLK/MÆLK (64 %), MJÖLK-/MÆLK-/MELKPROTEINKONCENTRAT (31 %), vatten/vand, kakao (1 %), stabiliseringsmedel/stabilisator (cellulosa, cellulosagummi, karragenan), surhetsreglerande medel (natriumfosfat), sötningsmedel/sødestoffer (acesulfam-K, sukralos), laktas, aromer/aromaer.",
    "storage": "",
    "allergens": "Innehåller Mjölk",
    "usage": "",
    "nutrition": [
      {
        "Näringsvärde": "Energi (kcal)",
        "100 Milliliter": "57 kcal"
      },
      {
        "Näringsvärde": "Energi (kJ)",
        "100 Milliliter": "240 kJ"
      },
      {
        "Näringsvärde": "Fett",
        "100 Milliliter": "1.3 g"
      },
      {
        "Näringsvärde": "Varav mättat fett",
        "100 Milliliter": "0.8 g"
      },
      {
        "Näringsvärde": "Kolhydrat",
        "100 Milliliter": "3.6 g"
      },
      {
        "Näringsvärde": "Varav sockerarter",
        "100 Milliliter": "3.5 g"
      },
      {
        "Näringsvärde": "Protein",
        "100 Milliliter": "7.3 g"
      },
      {
        "Näringsvärde": "Salt",
        "100 Milliliter": "0.2 g"
      },
      {
        "Näringsvärde": "Natrium",
        "100 Milliliter": "80 mg"
      }
    ],
    "nutritionUnitText": "",
    "categories": {
      "mainCategory": "Mejeri & Ost",
      "subCategories": [
        {
          "name": "Kylda mellanmål & desserter",
          "subSubCategories": [
            "Färdig proteindryck"
          ]
        }
      ]
    }
  },
  {
    "name": "Munkens Svarta skivad ost 31% 150g Wästgöta Kloster",
    "weightText": "0.15 kg",
    "caPart": "",
    "weightValue": 0.15,
    "weightUnit": "kg",
    "comparePrice": "200,00 kr/kg",
    "currentPrice": 30,
    "attributes": [
      "Ursprungsland Sverige"
    ],
    "imgUrl": "https://handlaprivatkund.ica.se/images-v3/bf7a00ca-390e-4769-865f-dc369586872e/78754ce3-343c-4e1c-b068-ab8c40dabe59/500x500.jpg",
    "productInformation": "Wästgöta Kloster® - för god att avstå! Munkens Svarta 31% är en grynpipig hårdost med karaktäristisk smak, rund och balanserad och ett stänk av pigg syrlighet och sälta. Färdigskivad ost är perfekt pålägg och att ta med på utflyken, enklare kan det inte bli! Symbolen med den blågula mjölkkannan garanterar 100 procent svensk mjölk.",
    "countryText": "Sverige",
    "companyText": "Wästgöta Kloster",
    "ingrediensText": "Pastöriserad MJÖLK, salt, syrningskultur, ystenzym, kalciumklorid.",
    "storage": "",
    "allergens": "",
    "usage": "",
    "nutrition": [
      {
        "Näringsvärde": "Energi (kcal)",
        "100 Gram": "384 kcal"
      },
      {
        "Näringsvärde": "Energi (kJ)",
        "100 Gram": "1594 kJ"
      },
      {
        "Näringsvärde": "Fett",
        "100 Gram": "31 g"
      },
      {
        "Näringsvärde": "Varav mättat fett",
        "100 Gram": "20 g"
      },
      {
        "Näringsvärde": "Kolhydrat",
        "100 Gram": "0 g"
      },
      {
        "Näringsvärde": "Varav sockerarter",
        "100 Gram": "0 g"
      },
      {
        "Näringsvärde": "Protein",
        "100 Gram": "25 g"
      },
      {
        "Näringsvärde": "Salt",
        "100 Gram": "1.2 g"
      },
      {
        "Näringsvärde": "Vitamin B12",
        "100 Gram": "1.4 µg",
        "% av DRI(*)": "56"
      },
      {
        "Näringsvärde": "Kalcium",
        "100 Gram": "756 mg",
        "% av DRI(*)": "95"
      }
    ],
    "nutritionUnitText": "Näringsvärde per 100 gram",
    "categories": {
      "mainCategory": "Mejeri & Ost",
      "subCategories": [
        {
          "name": "Ost",
          "subSubCategories": [
            "Påläggsost",
            "Skivad ost"
          ]
        }
      ]
    }
  },
  {
    "name": "Präst mellanlagrad skivad 31% 150g Arla Ko",
    "weightText": "0.15 kg",
    "caPart": "",
    "weightValue": 0.15,
    "weightUnit": "kg",
    "comparePrice": "200,00 kr/kg",
    "currentPrice": 30,
    "attributes": [
      "Ursprungsland Sverige"
    ],
    "imgUrl": "https://handlaprivatkund.ica.se/images-v3/bf7a00ca-390e-4769-865f-dc369586872e/2dff3ae4-a630-4602-867a-8fdfa406b46f/500x500.jpg",
    "productInformation": "Vår goda Arla Ko® Präst® 31% skivad är härligt gräddig, med inslag av sälta, behaglig beska och sötma. En skivad ost, perfekt som pålägg. Präst® har sina rötter i 1700-talets Småland. Namnet kommer av att osten fungerade som betalningsmedel när det var dags att betala kyrkoskatt till prästen. Vid ystningen tillsatte man lite extra grädde för att blidka prästen och än i dag är Präst® lite fetare än andra ostar. Vår Präst® görs på Kalmar mejeri på färsk mjölk från Öland och Småland. Varumärket Arla Ko® garanterar att osten är gjord på 100 procent svensk mjölk.",
    "countryText": "Sverige",
    "companyText": "Arla Ko",
    "ingrediensText": "Pastöriserad MJÖLK, salt, syrningskultur, ystenzym, kalciumklorid, konserveringsmedel E202.",
    "storage": "",
    "allergens": "",
    "usage": "",
    "nutrition": [
      {
        "Näringsvärde": "Energi (kcal)",
        "100 Gram": "384 kcal"
      },
      {
        "Näringsvärde": "Energi (kJ)",
        "100 Gram": "1594 kJ"
      },
      {
        "Näringsvärde": "Fett",
        "100 Gram": "31 g"
      },
      {
        "Näringsvärde": "Varav mättat fett",
        "100 Gram": "20 g"
      },
      {
        "Näringsvärde": "Kolhydrat",
        "100 Gram": "0 g"
      },
      {
        "Näringsvärde": "Varav sockerarter",
        "100 Gram": "0 g"
      },
      {
        "Näringsvärde": "Protein",
        "100 Gram": "25 g"
      },
      {
        "Näringsvärde": "Salt",
        "100 Gram": "1.2 g"
      },
      {
        "Näringsvärde": "Vitamin B12",
        "100 Gram": "1.4 µg",
        "% av DRI(*)": "56"
      },
      {
        "Näringsvärde": "Kalcium",
        "100 Gram": "756 mg",
        "% av DRI(*)": "95"
      }
    ],
    "nutritionUnitText": "Näringsvärde per 100 gram",
    "categories": {
      "mainCategory": "Mejeri & Ost",
      "subCategories": [
        {
          "name": "Ost",
          "subSubCategories": [
            "Påläggsost",
            "Skivad ost"
          ]
        }
      ]
    }
  },
  {
    "name": "Ost Mild & Krämig 17% skivad 150g Arla",
    "weightText": "0.15 kg",
    "caPart": "",
    "weightValue": 0.15,
    "weightUnit": "kg",
    "comparePrice": "200,00 kr/kg",
    "currentPrice": 30,
    "attributes": [
      "Nyckelhålet",
      "Ursprungsland Sverige"
    ],
    "imgUrl": "https://handlaprivatkund.ica.se/images-v3/bf7a00ca-390e-4769-865f-dc369586872e/a5311b99-a00e-4d91-a3d8-8ca6bc63adb8/500x500.jpg",
    "productInformation": "Information från leverantör \n Arla® Naturligt Näringsrik Ost – Mild&Krämig 17% – är en ost med mild och krämig smak och smidig konsistens. Osten är naturligt näringsrik med ett högt innehåll av protein (29%), kalcium, vitamin B12 och zink. Färdiga skivor är perfekta som pålägg, ostrullar, eller som snack. Du kan enkelt fylla på med näringsämnen och energi för en aktiv livsstil, utan att kompromissa med smaken. Osten är nyckelhålsmärkt för dig som söker magrare ost (17% fetthalt) och är gjord på 100 pro-cent svensk mjölk.",
    "countryText": "Sverige",
    "companyText": "Arla",
    "ingrediensText": "Pastöriserad MJÖLK, salt, syrningskultur, ystenzym, kalciumklorid.",
    "storage": "",
    "allergens": "",
    "usage": "",
    "nutrition": [
      {
        "Näringsvärde": "Energi (kcal)",
        "100 Gram": "274 kcal"
      },
      {
        "Näringsvärde": "Energi (kJ)",
        "100 Gram": "1142 kJ"
      },
      {
        "Näringsvärde": "Fett",
        "100 Gram": "17 g"
      },
      {
        "Näringsvärde": "Varav mättat fett",
        "100 Gram": "11 g"
      },
      {
        "Näringsvärde": "Kolhydrat",
        "100 Gram": "0 g"
      },
      {
        "Näringsvärde": "Varav sockerarter",
        "100 Gram": "0 g"
      },
      {
        "Näringsvärde": "Protein",
        "100 Gram": "29 g"
      },
      {
        "Näringsvärde": "Salt",
        "100 Gram": "1.2 g"
      },
      {
        "Näringsvärde": "Vitamin B12",
        "100 Gram": "1.8 µg",
        "% av DRI(*)": "72"
      },
      {
        "Näringsvärde": "Kalcium",
        "100 Gram": "872 mg",
        "% av DRI(*)": "109"
      },
      {
        "Näringsvärde": "Zink",
        "100 Gram": "4.3 mg",
        "% av DRI(*)": "43"
      }
    ],
    "nutritionUnitText": "Näringsvärde per 100 gram",
    "categories": {
      "mainCategory": "Mejeri & Ost",
      "subCategories": [
        {
          "name": "Ost",
          "subSubCategories": [
            "Påläggsost",
            "Skivad ost"
          ]
        }
      ]
    }
  },
  {
    "name": "Cheddar Krämig Lagrad utan vax ca 750g Kvibille",
    "weightText": "Ca 0.75 kg",
    "caPart": "Ca",
    "weightValue": 0.75,
    "weightUnit": "kg",
    "comparePrice": "139,00 kr/kg",
    "currentPrice": 104.25,
    "attributes": [
      "Ursprungsland Sverige",
      "Mjölk från Sverige"
    ],
    "imgUrl": "https://handlaprivatkund.ica.se/images-v3/bf7a00ca-390e-4769-865f-dc369586872e/d134547f-fb74-41ea-abc4-a7b6dce5ac76/500x500.jpg",
    "productInformation": "Krämig cheddarost med mogen och intensiv smak. Att den är krämigare än en klassisk cheddar beror på att den inte lagras med bomullsväv som drar ut vätskan ur osten. Smaken är rik med en härlig balans av syra och sötma. Osten passar utmärkt på såväl ostbricka och buffé som i matlagning och på smörgås. Kvibille Cheddar tillverkas hantverksmässigt på halländska Kvibille mejeri.",
    "countryText": "Sverige",
    "companyText": "Kvibille",
    "ingrediensText": "Pastöriserad svensk MJÖLK, salt, syrningskultur, ystenzym, konserveringsmedel E251, E202.",
    "storage": "",
    "allergens": "",
    "usage": "",
    "nutrition": [
      {
        "Näringsvärde": "Energi (kcal)",
        "100 Gram": "388 kcal"
      },
      {
        "Näringsvärde": "Energi (kJ)",
        "100 Gram": "1607 kJ"
      },
      {
        "Näringsvärde": "Fett",
        "100 Gram": "32 g"
      },
      {
        "Näringsvärde": "Varav mättat fett",
        "100 Gram": "20 g"
      },
      {
        "Näringsvärde": "Kolhydrat",
        "100 Gram": "0 g"
      },
      {
        "Näringsvärde": "Varav sockerarter",
        "100 Gram": "0 g"
      },
      {
        "Näringsvärde": "Protein",
        "100 Gram": "24 g"
      },
      {
        "Näringsvärde": "Salt",
        "100 Gram": "1.3 g"
      }
    ],
    "nutritionUnitText": "Näringsvärde per 100 gram",
    "categories": {
      "mainCategory": "Mejeri & Ost",
      "subCategories": [
        {
          "name": "Ost",
          "subSubCategories": [
            "Påläggsost",
            "Cheddar"
          ]
        }
      ]
    }
  },
  {
    "name": "Smör & Raps Normalsaltat Mindre 40% 500g Bregott®",
    "weightText": "0.5 kg",
    "caPart": "",
    "weightValue": 0.5,
    "weightUnit": "kg",
    "comparePrice": "90,00 kr/kg",
    "currentPrice": 45,
    "attributes": [
      "Ursprungsland Sverige"
    ],
    "imgUrl": "https://handlaprivatkund.ica.se/images-v3/bf7a00ca-390e-4769-865f-dc369586872e/7a904005-e4e6-4ba8-b164-c2cc0bc81717/500x500.jpg",
    "productInformation": "Mycket smak med lägre fetthalt. Bregott® Mindre är ett smakrikt alternativ med god och fyllig smak, men med betydligt mindre fett. Grädden finns med för den goda smakens skull och rapsoljan gör det lättare att bre på brödet. Bregott® Mindre gör sig allra bäst på smörgåsen. Symbolen med den blågula gräddkannan garanterar att produkten är gjord på 100 procent svensk grädde.",
    "countryText": "Sverige",
    "companyText": "Bregott",
    "ingrediensText": "Vatten, SMÖR (pastöriserad GRÄDDE, mjölksyrakultur), rapsolja, modifierad stärkelse, salt, konserveringsmedel (kaliumsorbat), vitamin A och D.",
    "storage": "Bör förvaras vid högst +8ºC. Lägsta förvaringstemperatur 2°C Högsta förvaringstemperatur 8°C",
    "allergens": "Innehåller Mjölk",
    "usage": "",
    "nutrition": [
      {
        "Näringsvärde": "Energi (kcal)",
        "100 Gram": "381 kcal"
      },
      {
        "Näringsvärde": "Energi (kJ)",
        "100 Gram": "1568 kJ"
      },
      {
        "Näringsvärde": "Fett",
        "100 Gram": "40 g"
      },
      {
        "Näringsvärde": "Varav fleromättat fett",
        "100 Gram": "5.7 g"
      },
      {
        "Näringsvärde": "Varav mättat fett",
        "100 Gram": "15 g"
      },
      {
        "Näringsvärde": "Varav enkelomättat fett",
        "100 Gram": "16 g"
      },
      {
        "Näringsvärde": "Kolhydrat",
        "100 Gram": "4.9 g"
      },
      {
        "Näringsvärde": "Varav sockerarter",
        "100 Gram": "0.4 g"
      },
      {
        "Näringsvärde": "Protein",
        "100 Gram": "0.3 g"
      },
      {
        "Näringsvärde": "Salt",
        "100 Gram": "1 g"
      },
      {
        "Näringsvärde": "Vitamin A",
        "100 Gram": "900 µg",
        "% av DRI(*)": "113"
      },
      {
        "Näringsvärde": "Vitamin D",
        "100 Gram": "20 µg",
        "% av DRI(*)": "400"
      }
    ],
    "nutritionUnitText": "Näringsvärde per 100 gram",
    "categories": {
      "mainCategory": "Mejeri & Ost",
      "subCategories": [
        {
          "name": "Smör & Margarin",
          "subSubCategories": [
            "Bordsask smör"
          ]
        }
      ]
    }
  },
  {
    "name": "Vaniljyoghurt Passionsfrukt Slät 2,2% 1000g Valio",
    "weightText": "1 kg",
    "caPart": "",
    "weightValue": 1,
    "weightUnit": "kg",
    "comparePrice": "20,00 kr/kg",
    "currentPrice": 20,
    "attributes": [],
    "imgUrl": "https://handlaprivatkund.ica.se/images-v3/bf7a00ca-390e-4769-865f-dc369586872e/7d143101-7b2b-45d0-bfcd-fb3964a0d94c/500x500.jpg",
    "productInformation": "",
    "countryText": "",
    "companyText": "Valio",
    "ingrediensText": "Högpastöriserad MJÖLK, socker 5,2 %, passionsfruktsjuice från koncentrat 2,0 %, modifierad stärkelse, aromer, färgämne (karotener), vaniljextrakt, mald vaniljstång, yoghurtkultur, Lactobacillus acidophilus, Bifidobacterium sp. och vitamin D.",
    "storage": "Förvaras vid högst +8°C. Öppnad förpackning är hållbar 4-5 dagar i kylskåp.",
    "allergens": "",
    "usage": "Omskakas före användning.",
    "nutrition": [
      {
        "Näringsvärde": "Energi (kcal)",
        "100 Gram": "76 kcal"
      },
      {
        "Näringsvärde": "Energi (kJ)",
        "100 Gram": "321 kJ"
      },
      {
        "Näringsvärde": "Fett",
        "100 Gram": "2.2 g"
      },
      {
        "Näringsvärde": "Varav mättat fett",
        "100 Gram": "1.3 g"
      },
      {
        "Näringsvärde": "Kolhydrat",
        "100 Gram": "9.7 g"
      },
      {
        "Näringsvärde": "Varav sockerarter",
        "100 Gram": "9.5 g"
      },
      {
        "Näringsvärde": "Protein",
        "100 Gram": "3.8 g"
      },
      {
        "Näringsvärde": "Salt",
        "100 Gram": "0.11 g"
      },
      {
        "Näringsvärde": "Vitamin D",
        "100 Gram": "1 µg",
        "% av DRI(*)": "20"
      },
      {
        "Näringsvärde": "Kalcium",
        "100 Gram": "120 mg",
        "% av DRI(*)": "15"
      }
    ],
    "nutritionUnitText": "Näringsvärde per 100 gram",
    "categories": {
      "mainCategory": "Mejeri & Ost",
      "subCategories": [
        {
          "name": "Yoghurt",
          "subSubCategories": [
            "Smaksatt yoghurt"
          ]
        }
      ]
    }
  },
  {
    "name": "Yoghurt Vanilj 2,1% 1l Valio",
    "weightText": "1 kg",
    "caPart": "",
    "weightValue": 1,
    "weightUnit": "kg",
    "comparePrice": "20,00 kr/kg",
    "currentPrice": 20,
    "attributes": [],
    "imgUrl": "https://handlaprivatkund.ica.se/images-v3/bf7a00ca-390e-4769-865f-dc369586872e/b51e93df-78d7-4675-b96f-bb5b9986c720/500x500.jpg",
    "productInformation": "Valio Vanilj ? Klassisk Original är en krämig och smakrik vaniljyoghurt med vårt klassiska recept sedan 2002. Vi erbjuder favoriten Valio Vanilj ? Original med 30 % mindre tillsatt socker än vanliga smaksatta yoghurter och nu också Valio Vanilj ? Klassisk Original ? Valio Vanilj för alla smaker! Passar utmärkt både till frukost och mellanmål.",
    "countryText": "",
    "companyText": "Valio",
    "ingrediensText": "Högpastöriserad MJÖLK, vatten, socker 8%, förtjockningsmedel (modifierad majsstärkelse, guarkärnmjöl), aromer, vaniljextrakt, yoghurtkultur, Lactobacillus acidophilus, Bifidobacterium sp. och D-vitamin.",
    "storage": "Förvaras vid högst +8°C. Öppnad förpackning är hållbar 4-5 dagar i kylskåp.",
    "allergens": "",
    "usage": "Omskakas före användning.",
    "nutrition": [
      {
        "Näringsvärde": "Energi (kcal)",
        "100 Gram": "85 kcal"
      },
      {
        "Näringsvärde": "Energi (kJ)",
        "100 Gram": "353 kJ"
      },
      {
        "Näringsvärde": "Fett",
        "100 Gram": "2.1 g"
      },
      {
        "Näringsvärde": "Varav mättat fett",
        "100 Gram": "1.2 g"
      },
      {
        "Näringsvärde": "Kolhydrat",
        "100 Gram": "12 g"
      },
      {
        "Näringsvärde": "Varav sockerarter",
        "100 Gram": "12 g"
      },
      {
        "Näringsvärde": "Protein",
        "100 Gram": "3.6 g"
      },
      {
        "Näringsvärde": "Salt",
        "100 Gram": "0.1 g"
      },
      {
        "Näringsvärde": "Vitamin B12",
        "100 Gram": "0.4 µg",
        "% av DRI(*)": "16"
      },
      {
        "Näringsvärde": "Vitamin D",
        "100 Gram": "1 µg",
        "% av DRI(*)": "20"
      },
      {
        "Näringsvärde": "Kalcium",
        "100 Gram": "120 mg",
        "% av DRI(*)": "15"
      }
    ],
    "nutritionUnitText": "Näringsvärde per 100 gram",
    "categories": {
      "mainCategory": "Mejeri & Ost",
      "subCategories": [
        {
          "name": "Yoghurt",
          "subSubCategories": [
            "Smaksatt yoghurt"
          ]
        }
      ]
    }
  },
  {
    "name": "Vaniljyoghurt Morotskaka 2,2% 1000g Valio",
    "weightText": "1 kg",
    "caPart": "",
    "weightValue": 1,
    "weightUnit": "kg",
    "comparePrice": "20,00 kr/kg",
    "currentPrice": 20,
    "attributes": [],
    "imgUrl": "https://handlaprivatkund.ica.se/images-v3/bf7a00ca-390e-4769-865f-dc369586872e/7a41b80c-7a34-4541-bbf9-b25289f54f3f/500x500.jpg",
    "productInformation": "Njut av en god och härligt krämig vaniljyoghurt med smak av morotskaka, en dröm för alla som letar efter en yoghurt med det lilla extra! Denna limited edition yoghurt är lika god till frukost, mellanmål eller varför inte som en efterrätt på kvällen. Innehåller även bakteriekulturerna Acidophilus och Bifido samt vitamin D.",
    "countryText": "",
    "companyText": "Valio",
    "ingrediensText": "Högpastöriserad MJÖLK, socker 5,2 %, morotsjuice från koncentrat 5,0 %, modifierad stärkelse, aromer, vaniljextrakt, mald vaniljstång, kanel, kardemumma, yoghurtkultur, Lactobacillus acidophilus, Bifidobacterium sp. och D-vitamin.",
    "storage": "Förvaras vid högst +8°C. Öppnad förpackning är hållbar 4-5 dagar i kylskåp. Lägsta förvaringstemperatur 2°C Högsta förvaringstemperatur 8°C",
    "allergens": "",
    "usage": "Omskakas före användning.",
    "nutrition": [
      {
        "Näringsvärde": "Energi (kcal)",
        "100 Gram": "76 kcal"
      },
      {
        "Näringsvärde": "Energi (kJ)",
        "100 Gram": "321 kJ"
      },
      {
        "Näringsvärde": "Fett",
        "100 Gram": "2.2 g"
      },
      {
        "Näringsvärde": "Varav mättat fett",
        "100 Gram": "1.3 g"
      },
      {
        "Näringsvärde": "Kolhydrat",
        "100 Gram": "9.7 g"
      },
      {
        "Näringsvärde": "Varav sockerarter",
        "100 Gram": "9.5 g"
      },
      {
        "Näringsvärde": "Protein",
        "100 Gram": "3.8 g"
      },
      {
        "Näringsvärde": "Salt",
        "100 Gram": "0.1 g"
      },
      {
        "Näringsvärde": "Vitamin D",
        "100 Gram": "1 µg",
        "% av DRI(*)": "20"
      },
      {
        "Näringsvärde": "Kalcium",
        "100 Gram": "120 mg",
        "% av DRI(*)": "15"
      }
    ],
    "nutritionUnitText": "Näringsvärde per 100 gram",
    "categories": {
      "mainCategory": "Mejeri & Ost",
      "subCategories": [
        {
          "name": "Yoghurt",
          "subSubCategories": [
            "Smaksatt yoghurt"
          ]
        }
      ]
    }
  },
  {
    "name": "Vaniljyoghurt Blåbär 2,1% 1000g Valio",
    "weightText": "1 kg",
    "caPart": "",
    "weightValue": 1,
    "weightUnit": "kg",
    "comparePrice": "20,00 kr/kg",
    "currentPrice": 20,
    "attributes": [],
    "imgUrl": "https://handlaprivatkund.ica.se/images-v3/bf7a00ca-390e-4769-865f-dc369586872e/e2932fe4-0cf3-492d-a701-b329315d6a85/500x500.jpg",
    "productInformation": "Blåbär har en frisk och lite söt smak. Bäret är rikt på vitaminer och antioxidanter, och det är antioxidanten antocyanin som ger blåbären sin blå färg. Yoghurten är varsamt sockrad med 30 % mindre tillsatt socker än vanliga smaksatta yoghurtar. Passar utmärkt till frukost eller mellanmål.",
    "countryText": "",
    "companyText": "Valio",
    "ingrediensText": "Högpastöriserad MJÖLK, vatten, socker 5,2%, blåbär 3%, lingon 0,5%, modifierad potatisstärkelse, aromer, vaniljextrakt, mald vaniljstång, yoghurtkultur, Lactobacillus acidophilus, Bifidobacterium sp. och vitamin D.",
    "storage": "Förvaras vid högst +8°C. Öppnad förpackning är hållbar 4-5 dagar i kylskåp.",
    "allergens": "",
    "usage": "Omskakas före användning.",
    "nutrition": [
      {
        "Näringsvärde": "Energi (kcal)",
        "100 Gram": "74 kcal"
      },
      {
        "Näringsvärde": "Energi (kJ)",
        "100 Gram": "313 kJ"
      },
      {
        "Näringsvärde": "Fett",
        "100 Gram": "2.1 g"
      },
      {
        "Näringsvärde": "Varav mättat fett",
        "100 Gram": "1.2 g"
      },
      {
        "Näringsvärde": "Kolhydrat",
        "100 Gram": "9.7 g"
      },
      {
        "Näringsvärde": "Varav sockerarter",
        "100 Gram": "9.5 g"
      },
      {
        "Näringsvärde": "Protein",
        "100 Gram": "3.6 g"
      },
      {
        "Näringsvärde": "Salt",
        "100 Gram": "0.1 g"
      },
      {
        "Näringsvärde": "Vitamin B12",
        "100 Gram": "0.4 µg",
        "% av DRI(*)": "16"
      },
      {
        "Näringsvärde": "Vitamin D",
        "100 Gram": "1 µg",
        "% av DRI(*)": "20"
      },
      {
        "Näringsvärde": "Kalcium",
        "100 Gram": "120 mg",
        "% av DRI(*)": "15"
      }
    ],
    "nutritionUnitText": "Näringsvärde per 100 gram",
    "categories": {
      "mainCategory": "Mejeri & Ost",
      "subCategories": [
        {
          "name": "Yoghurt",
          "subSubCategories": [
            "Smaksatt yoghurt"
          ]
        }
      ]
    }
  },
  {
    "name": "White Vitmögelost 39% 150g Castello®",
    "weightText": "0.15 kg",
    "caPart": "",
    "weightValue": 0.15,
    "weightUnit": "kg",
    "comparePrice": "193,33 kr/kg",
    "currentPrice": 29,
    "attributes": [],
    "imgUrl": "https://handlaprivatkund.ica.se/images-v3/bf7a00ca-390e-4769-865f-dc369586872e/07ebfcf4-0884-4090-98ee-6012196438c5/500x500.jpg",
    "productInformation": "Aromatiskt och friskt syrligt doftande vitmögelost med tydligt inslag av honung och sommaräng. Ostens skal är matt vitt, snittytan är krämvit och konsistensen mjukt krämig. Castello® Creamy White 39 % har en fyllig smak med tydlig syrlighet och toner av smör, grädde och aningen beska. Eftersmaken är lång, mild och balanserad. Castello White smakar utmärkt till exempelvis stenugnsbakat bröd, nötter, päron, plommon och persikor. Självklart är det även en trevlig ost till ostbricka.",
    "countryText": "",
    "companyText": "Castello",
    "ingrediensText": "Pastöriserad MJÖLK och GRÄDDE, salt, syrningskultur, ystenzym, vitmögelkultur.",
    "storage": "",
    "allergens": "",
    "usage": "",
    "nutrition": [
      {
        "Näringsvärde": "Energi (kcal)",
        "100 Gram": "410 kcal"
      },
      {
        "Näringsvärde": "Energi (kJ)",
        "100 Gram": "1692 kJ"
      },
      {
        "Näringsvärde": "Fett",
        "100 Gram": "39 g"
      },
      {
        "Näringsvärde": "Varav mättat fett",
        "100 Gram": "25 g"
      },
      {
        "Näringsvärde": "Kolhydrat",
        "100 Gram": "0.5 g"
      },
      {
        "Näringsvärde": "Varav sockerarter",
        "100 Gram": "0.5 g"
      },
      {
        "Näringsvärde": "Protein",
        "100 Gram": "14 g"
      },
      {
        "Näringsvärde": "Salt",
        "100 Gram": "1.5 g"
      }
    ],
    "nutritionUnitText": "Näringsvärde per 100 gram",
    "categories": {
      "mainCategory": "Mejeri & Ost",
      "subCategories": [
        {
          "name": "Ost",
          "subSubCategories": [
            "Dessertost",
            "Vitmögelost"
          ]
        }
      ]
    }
  },
  {
    "name": "Marquis Kittost 42% 150g Castello®",
    "weightText": "0.15 kg",
    "caPart": "",
    "weightValue": 0.15,
    "weightUnit": "kg",
    "comparePrice": "193,33 kr/kg",
    "currentPrice": 29,
    "attributes": [],
    "imgUrl": "https://handlaprivatkund.ica.se/images-v3/bf7a00ca-390e-4769-865f-dc369586872e/18625030-d63e-4386-bd0d-73b8c42f5d42/500x500.jpg",
    "productInformation": "Ost av typen Castello® Marquis, perfekt på ostbricka. Njut av en fyllig, aromatisk ost med smakinslag av svamp, smör och sälta. Eftersmaken är något syrlig med en ton av beska. Doften för tankarna till varm mjölk och rotfrukter. Castello® Marquis 42% har vitmögelpudrad orange yta, svagt gul snittyta och tydliga strängar av vitt mögel. Dessertosten har en mjuk och krämig konsistens.",
    "countryText": "",
    "companyText": "Castello",
    "ingrediensText": "Pastöriserad MJÖLK och GRÄDDE, salt, syrningskultur, ystenzym, mögelkultur, mogningskultur, rödkittkultur.",
    "storage": "",
    "allergens": "",
    "usage": "",
    "nutrition": [
      {
        "Näringsvärde": "Energi (kcal)",
        "100 Gram": "433 kcal"
      },
      {
        "Näringsvärde": "Energi (kJ)",
        "100 Gram": "1786 kJ"
      },
      {
        "Näringsvärde": "Fett",
        "100 Gram": "42 g"
      },
      {
        "Näringsvärde": "Varav mättat fett",
        "100 Gram": "27 g"
      },
      {
        "Näringsvärde": "Kolhydrat",
        "100 Gram": "0.5 g"
      },
      {
        "Näringsvärde": "Varav sockerarter",
        "100 Gram": "0.5 g"
      },
      {
        "Näringsvärde": "Protein",
        "100 Gram": "13 g"
      },
      {
        "Näringsvärde": "Salt",
        "100 Gram": "1.6 g"
      }
    ],
    "nutritionUnitText": "Näringsvärde per 100 gram",
    "categories": {
      "mainCategory": "Mejeri & Ost",
      "subCategories": [
        {
          "name": "Ost",
          "subSubCategories": [
            "Dessertost",
            "Kittost"
          ]
        }
      ]
    }
  },
  {
    "name": "Familjefavoriter Edamer mild 23% ca 1,2kg Arla",
    "weightText": "Ca 1.2 kg",
    "caPart": "Ca",
    "weightValue": 1.2,
    "weightUnit": "kg",
    "comparePrice": "79,90 kr/kg",
    "currentPrice": 95.88,
    "attributes": [
      "Ursprungsland Sverige"
    ],
    "imgUrl": "https://handlaprivatkund.ica.se/images-v3/bf7a00ca-390e-4769-865f-dc369586872e/afbdc104-d619-421f-8a52-f2641788555f/500x500.jpg",
    "productInformation": "Arla® Familjefavoriter - milda och goda ostar för hela familjen. Enkla att hyvla och skära, perfekt som pålägg eller att skära i bitar till fredagsmyset. Vår Edamer är fast och smidig i konsistensen och smakar lite salt och smörigt, fetthalten är 23%. Tips: när du närmar dig slutet av osten, och den blir lite svårare att hyvla, riv och frys in. Supersmidigt att plocka fram till nästa pizzatillfälle! Symbolen med den blågula mjölkkannan innebär att osten är gjord på 100 procent svensk mjölk.",
    "countryText": "Sverige",
    "companyText": "Arla",
    "ingrediensText": "Pastöriserad MJÖLK, salt, syrningskultur, ystenzym, kalciumklorid.",
    "storage": "",
    "allergens": "",
    "usage": "",
    "nutrition": [
      {
        "Näringsvärde": "Energi (kcal)",
        "100 Gram": "315 kcal"
      },
      {
        "Näringsvärde": "Energi (kJ)",
        "100 Gram": "1312 kJ"
      },
      {
        "Näringsvärde": "Fett",
        "100 Gram": "23 g"
      },
      {
        "Näringsvärde": "Varav mättat fett",
        "100 Gram": "15 g"
      },
      {
        "Näringsvärde": "Kolhydrat",
        "100 Gram": "0 g"
      },
      {
        "Näringsvärde": "Varav sockerarter",
        "100 Gram": "0 g"
      },
      {
        "Näringsvärde": "Protein",
        "100 Gram": "27 g"
      },
      {
        "Näringsvärde": "Salt",
        "100 Gram": "1.4 g"
      },
      {
        "Näringsvärde": "Vitamin B12",
        "100 Gram": "1.6 µg",
        "% av DRI(*)": "64"
      },
      {
        "Näringsvärde": "Kalcium",
        "100 Gram": "805 mg",
        "% av DRI(*)": "101"
      }
    ],
    "nutritionUnitText": "Näringsvärde per 100 gram",
    "categories": {
      "mainCategory": "Mejeri & Ost",
      "subCategories": [
        {
          "name": "Ost",
          "subSubCategories": [
            "Påläggsost",
            "Gouda & edamer"
          ]
        }
      ]
    }
  },
  {
    "name": "Cheddar krämig mild utan vax ca 750g Kvibille®",
    "weightText": "Ca 0.75 kg",
    "caPart": "Ca",
    "weightValue": 0.75,
    "weightUnit": "kg",
    "comparePrice": "139,00 kr/kg",
    "currentPrice": 104.25,
    "attributes": [
      "Ursprungsland Sverige",
      "Mjölk från Sverige"
    ],
    "imgUrl": "https://handlaprivatkund.ica.se/images-v3/bf7a00ca-390e-4769-865f-dc369586872e/616efa68-1fb5-42a9-bbf4-a1db6ccc9d19/500x500.jpg",
    "productInformation": "Mild cheddarost med krämigt len smak och en härlig balans av syra och sötma. Att den är krämigare än en klassisk lagrad cheddar beror på att den inte lagras med bomullsväv som drar ut vätskan ur osten. Kvibille® Cheddar Krämig Mild 32% är speciellt lämpad för smörgås, men fungerar även fint i matlagning och som lagrad hårdost till ostbrickan. Kvibille® Cheddar tillverkas hantverksmässigt på halländska Kvibille mejeri.",
    "countryText": "Sverige",
    "companyText": "Kvibille",
    "ingrediensText": "Pastöriserad svensk MJÖLK, salt, syrningskultur, ystenzym, konserveringsmedel E251, E202.",
    "storage": "",
    "allergens": "",
    "usage": "",
    "nutrition": [
      {
        "Näringsvärde": "Energi (kcal)",
        "100 Gram": "388 kcal"
      },
      {
        "Näringsvärde": "Energi (kJ)",
        "100 Gram": "1607 kJ"
      },
      {
        "Näringsvärde": "Fett",
        "100 Gram": "32 g"
      },
      {
        "Näringsvärde": "Varav mättat fett",
        "100 Gram": "20 g"
      },
      {
        "Näringsvärde": "Kolhydrat",
        "100 Gram": "0 g"
      },
      {
        "Näringsvärde": "Varav sockerarter",
        "100 Gram": "0 g"
      },
      {
        "Näringsvärde": "Protein",
        "100 Gram": "24 g"
      },
      {
        "Näringsvärde": "Salt",
        "100 Gram": "1.3 g"
      }
    ],
    "nutritionUnitText": "Näringsvärde per 100 gram",
    "categories": {
      "mainCategory": "Jul",
      "subCategories": [
        {
          "name": "Julmat",
          "subSubCategories": [
            "Julbröd & Ost"
          ]
        }
      ]
    }
  },
  {
    "name": "Yoghurt Vanilj Melon 2,1% 1000g Valio",
    "weightText": "1 kg",
    "caPart": "",
    "weightValue": 1,
    "weightUnit": "kg",
    "comparePrice": "20,00 kr/kg",
    "currentPrice": 20,
    "attributes": [],
    "imgUrl": "https://handlaprivatkund.ica.se/images-v3/bf7a00ca-390e-4769-865f-dc369586872e/9fcac6b9-c86a-4151-9e66-278906b70a04/500x500.jpg",
    "productInformation": "",
    "countryText": "",
    "companyText": "Valio",
    "ingrediensText": "Högpastöriserad MJÖLK, socker 5,2 %, vattenmelonjuice från koncentrat 1,8 %, modifierad potatisstärkelse, svart morotsjuicekoncentrat, aromer, vaniljextrakt, mald vaniljstång, yoghurtkultur, Lactobacillus acidofilus, Bifidobacterium sp. och vitamin D.",
    "storage": "Förvaras vid högst +8°C. Öppnad förpackning är hållbar 4-5 dagar i kylskåp.",
    "allergens": "",
    "usage": "Omskakas före användning.",
    "nutrition": [
      {
        "Näringsvärde": "Energi (kcal)",
        "100 Gram": "76 kcal"
      },
      {
        "Näringsvärde": "Energi (kJ)",
        "100 Gram": "320 kJ"
      },
      {
        "Näringsvärde": "Fett",
        "100 Gram": "2.2 g"
      },
      {
        "Näringsvärde": "Varav mättat fett",
        "100 Gram": "1.3 g"
      },
      {
        "Näringsvärde": "Kolhydrat",
        "100 Gram": "9.6 g"
      },
      {
        "Näringsvärde": "Varav sockerarter",
        "100 Gram": "9.4 g"
      },
      {
        "Näringsvärde": "Protein",
        "100 Gram": "3.8 g"
      },
      {
        "Näringsvärde": "Salt",
        "100 Gram": "0.1 g"
      },
      {
        "Näringsvärde": "Vitamin B12",
        "100 Gram": "0.4 µg",
        "% av DRI(*)": "16"
      },
      {
        "Näringsvärde": "Vitamin D",
        "100 Gram": "1 µg",
        "% av DRI(*)": "20"
      },
      {
        "Näringsvärde": "Kalcium",
        "100 Gram": "120 mg",
        "% av DRI(*)": "15"
      }
    ],
    "nutritionUnitText": "Näringsvärde per 100 gram",
    "categories": {
      "mainCategory": "Mejeri & Ost",
      "subCategories": [
        {
          "name": "Yoghurt",
          "subSubCategories": [
            "Smaksatt yoghurt"
          ]
        }
      ]
    }
  },
  {
    "name": "Organic Blue Eko blåmögelost 150g Castello®",
    "weightText": "0.15 kg",
    "caPart": "",
    "weightValue": 0.15,
    "weightUnit": "kg",
    "comparePrice": "193,33 kr/kg",
    "currentPrice": 29,
    "attributes": [
      "EU Ekologiskt",
      "Ekologiskt"
    ],
    "imgUrl": "https://handlaprivatkund.ica.se/images-v3/bf7a00ca-390e-4769-865f-dc369586872e/16715ba1-4cb9-46c6-8fdd-237f4e6788a5/500x500.jpg",
    "productInformation": "Upptäck en ekologisk ost med mild doft och rikligt marmorerad blåmögel med ljust gul snittyta. Castello® Organic Blue är en blåmögelost till ostbrickan. Ostsorten kallas även ädelost och blue cheese. Konsistensen är len, krämig och bredbar. Den har tydlig sälta och beska och den långa mogna eftersmaken har en avslutande smak av grapefrukt. Osten smakar särskilt gott till rostad butternutpumpa, som topping på soppor och sallader eller som dessertost med en söt marmelad på ostbricka.",
    "countryText": "",
    "companyText": "Castello",
    "ingrediensText": "Pastöriserad ekologisk MJÖLK och ekologisk GRÄDDE, salt, syrningskultur, ystenzym, blåmögelkultur, mognadskultur.",
    "storage": "",
    "allergens": "",
    "usage": "",
    "nutrition": [
      {
        "Näringsvärde": "Energi (kcal)",
        "100 Gram": "435 kcal"
      },
      {
        "Näringsvärde": "Energi (kJ)",
        "100 Gram": "1797 kJ"
      },
      {
        "Näringsvärde": "Fett",
        "100 Gram": "42 g"
      },
      {
        "Näringsvärde": "Varav mättat fett",
        "100 Gram": "27 g"
      },
      {
        "Näringsvärde": "Kolhydrat",
        "100 Gram": "0.5 g"
      },
      {
        "Näringsvärde": "Varav sockerarter",
        "100 Gram": "0.5 g"
      },
      {
        "Näringsvärde": "Protein",
        "100 Gram": "13 g"
      },
      {
        "Näringsvärde": "Salt",
        "100 Gram": "1.7 g"
      }
    ],
    "nutritionUnitText": "Näringsvärde per 100 gram",
    "categories": {
      "mainCategory": "Mejeri & Ost",
      "subCategories": [
        {
          "name": "Ost",
          "subSubCategories": [
            "Dessertost",
            "Blåmögelost"
          ]
        }
      ]
    }
  },
  {
    "name": "Proteinmilkshake Strawberry 330ml Barebells",
    "weightText": "0.33 l",
    "caPart": "",
    "weightValue": 0.33,
    "weightUnit": "l",
    "comparePrice": "77,27 kr/l",
    "currentPrice": 25.5,
    "attributes": [
      "Laktosfritt"
    ],
    "imgUrl": "https://handlaprivatkund.ica.se/images-v3/bf7a00ca-390e-4769-865f-dc369586872e/fa5b88af-f342-4610-92d5-5a6b2babc92d/500x500.jpg",
    "productInformation": "Proteinrik milkshake med smak av jordgubb. Innehåller sötningsmedel.",
    "countryText": "",
    "companyText": "Barebells",
    "ingrediensText": "MJÖLK/MÆLK (66%), MJÖLK-/MÆLK-/MELKPROTEINKONCENTRAT (31%), vatten/vand, stabiliseringsmedel/stabilisator (cellulosa, cellulosagummi, karragenan), kakaosmör, aromer/aromaer, surhetsreglerande medel (natriumfosfat), laktas, sötningsmedel/sødestoffer (acesulfam-K, sukralos), färgämne/fargestoff (karoten).",
    "storage": "",
    "allergens": "Innehåller Mjölk",
    "usage": "",
    "nutrition": [
      {
        "Näringsvärde": "Energi (kcal)",
        "100 Milliliter": "58 kcal"
      },
      {
        "Näringsvärde": "Energi (kJ)",
        "100 Milliliter": "245 kJ"
      },
      {
        "Näringsvärde": "Fett",
        "100 Milliliter": "1.4 g"
      },
      {
        "Näringsvärde": "Varav mättat fett",
        "100 Milliliter": "0.9 g"
      },
      {
        "Näringsvärde": "Kolhydrat",
        "100 Milliliter": "3.8 g"
      },
      {
        "Näringsvärde": "Varav sockerarter",
        "100 Milliliter": "3.7 g"
      },
      {
        "Näringsvärde": "Protein",
        "100 Milliliter": "7.3 g"
      },
      {
        "Näringsvärde": "Salt",
        "100 Milliliter": "0.22 g"
      },
      {
        "Näringsvärde": "Natrium",
        "100 Milliliter": "88 mg"
      }
    ],
    "nutritionUnitText": "",
    "categories": {
      "mainCategory": "Mejeri & Ost",
      "subCategories": [
        {
          "name": "Kylda mellanmål & desserter",
          "subSubCategories": [
            "Färdig proteindryck"
          ]
        }
      ]
    }
  },
  {
    "name": "Ost Mild & Fyllig 17% skivad 150g Arla",
    "weightText": "0.15 kg",
    "caPart": "",
    "weightValue": 0.15,
    "weightUnit": "kg",
    "comparePrice": "200,00 kr/kg",
    "currentPrice": 30,
    "attributes": [
      "Nyckelhålet",
      "Ursprungsland Sverige"
    ],
    "imgUrl": "https://handlaprivatkund.ica.se/images-v3/bf7a00ca-390e-4769-865f-dc369586872e/accd0f82-06cb-46b7-b818-5d2f62c7f254/500x500.jpg",
    "productInformation": "Arla® Naturligt Näringsrik Ost – Mild&Fyllig 17% – är en ost med mild och fyllig smak och en fast konsistens. Osten är naturligt näringsrik med ett högt innehåll av protein (29%), kalcium, vitamin B12 och zink. Färdiga skivor är perfekta som pålägg, ostrullar, eller som snack. Du kan enkelt fylla på med näringsämnen och energi för en aktiv livsstil, utan att kompromissa med smaken. Osten är nyckelhålsmärkt för dig som söker magrare ost (17% fetthalt) och är gjord på 100 pro-cent svensk mjölk.",
    "countryText": "Sverige",
    "companyText": "Arla",
    "ingrediensText": "Pastöriserad MJÖLK, salt, syrningskultur, ystenzym, kalciumklorid.",
    "storage": "",
    "allergens": "",
    "usage": "",
    "nutrition": [
      {
        "Näringsvärde": "Energi (kcal)",
        "100 Gram": "274 kcal"
      },
      {
        "Näringsvärde": "Energi (kJ)",
        "100 Gram": "1142 kJ"
      },
      {
        "Näringsvärde": "Fett",
        "100 Gram": "17 g"
      },
      {
        "Näringsvärde": "Varav mättat fett",
        "100 Gram": "11 g"
      },
      {
        "Näringsvärde": "Kolhydrat",
        "100 Gram": "0 g"
      },
      {
        "Näringsvärde": "Varav sockerarter",
        "100 Gram": "0 g"
      },
      {
        "Näringsvärde": "Protein",
        "100 Gram": "29 g"
      },
      {
        "Näringsvärde": "Salt",
        "100 Gram": "1.2 g"
      },
      {
        "Näringsvärde": "Vitamin B12",
        "100 Gram": "1.8 µg",
        "% av DRI(*)": "72"
      },
      {
        "Näringsvärde": "Kalcium",
        "100 Gram": "872 mg",
        "% av DRI(*)": "109"
      },
      {
        "Näringsvärde": "Zink",
        "100 Gram": "4.3 mg",
        "% av DRI(*)": "43"
      }
    ],
    "nutritionUnitText": "Näringsvärde per 100 gram",
    "categories": {
      "mainCategory": "Mejeri & Ost",
      "subCategories": [
        {
          "name": "Ost",
          "subSubCategories": [
            "Påläggsost",
            "Skivad ost"
          ]
        }
      ]
    }
  },
  {
    "name": "Proteinmilkshake Vanilla 330ml Barebells",
    "weightText": "0.33 l",
    "caPart": "",
    "weightValue": 0.33,
    "weightUnit": "l",
    "comparePrice": "77,27 kr/l",
    "currentPrice": 25.5,
    "attributes": [
      "Laktosfritt"
    ],
    "imgUrl": "https://handlaprivatkund.ica.se/images-v3/bf7a00ca-390e-4769-865f-dc369586872e/229f0c61-a19d-4dbe-a39a-6d1faec866c9/500x500.jpg",
    "productInformation": "Proteinrik milkshake med smak av vanilj. Innehåller sötningsmedel.",
    "countryText": "",
    "companyText": "Barebells",
    "ingrediensText": "MJÖLK (66%), MJÖLKPROTEINKONCENTRAT (31%), vatten, stabiliseringsmedel (cellulosa, cellulosagummi, karragenan), kakaosmör, aromer, surhetsreglerande medel (natriumfosfat), laktas, sötningsmedel (acesulfam-K, sukralos), färgämne (karoten).",
    "storage": "Kan förvaras i rumstemperatur. Öppnad förpackning förvaras i kylskåp och bör förtäras inom 24 timmar. Lägsta förvaringstemperatur 5°C Högsta förvaringstemperatur 22°C",
    "allergens": "Innehåller Mjölk",
    "usage": "",
    "nutrition": [
      {
        "Näringsvärde": "Energi (kcal)",
        "100 Milliliter": "58 kcal"
      },
      {
        "Näringsvärde": "Energi (kJ)",
        "100 Milliliter": "245 kJ"
      },
      {
        "Näringsvärde": "Fett",
        "100 Milliliter": "1.4 g"
      },
      {
        "Näringsvärde": "Varav mättat fett",
        "100 Milliliter": "0.9 g"
      },
      {
        "Näringsvärde": "Kolhydrat",
        "100 Milliliter": "3.8 g"
      },
      {
        "Näringsvärde": "Varav sockerarter",
        "100 Milliliter": "3.8 g"
      },
      {
        "Näringsvärde": "Protein",
        "100 Milliliter": "7.3 g"
      },
      {
        "Näringsvärde": "Salt",
        "100 Milliliter": "0.22 g"
      },
      {
        "Näringsvärde": "Natrium",
        "100 Milliliter": "88 mg"
      }
    ],
    "nutritionUnitText": "Näringsvärde per 100 milliliter",
    "categories": {
      "mainCategory": "Mejeri & Ost",
      "subCategories": [
        {
          "name": "Mjölk",
          "subSubCategories": [
            "Smaksatt mjölk",
            "Smaksatt mjölk, laktos"
          ]
        }
      ]
    }
  },
  {
    "name": "Familjefavoriter Jämtgård ost mild ca 1,2kg Arla®",
    "weightText": "Ca 1.2 kg",
    "caPart": "Ca",
    "weightValue": 1.2,
    "weightUnit": "kg",
    "comparePrice": "79,90 kr/kg",
    "currentPrice": 95.88,
    "attributes": [
      "Ursprungsland Sverige"
    ],
    "imgUrl": "https://handlaprivatkund.ica.se/images-v3/bf7a00ca-390e-4769-865f-dc369586872e/e0e40357-597b-4dc0-bf8b-bd8975041ba6/500x500.jpg",
    "productInformation": "Arla® Familjefavoriter - milda och goda ostar för hela familjen. Ost som är enkel att hyvla och skära, perfekt som pålägg eller att skära i bitar till fredagsmyset. Jämtgård är fast i konsistensen och har lite mer smak, lätt syrlig, fetthalten är 28%. Tips: när du närmar dig slutet av osten och den blir lite svårare att hyvla, riv och frys in. Supersmidigt att plocka fram när det är dags för toast! Symbolen med den blågula mjölkkannan innebär att osten är gjord på 100 procent svensk mjölk.",
    "countryText": "Sverige",
    "companyText": "Arla",
    "ingrediensText": "Pastöriserad MJÖLK, salt, syrningskultur, ystenzym, kalciumklorid.",
    "storage": "",
    "allergens": "",
    "usage": "",
    "nutrition": [
      {
        "Näringsvärde": "Energi (kcal)",
        "100 Gram": "354 kcal"
      },
      {
        "Näringsvärde": "Energi (kJ)",
        "100 Gram": "1471 kJ"
      },
      {
        "Näringsvärde": "Fett",
        "100 Gram": "28 g"
      },
      {
        "Näringsvärde": "Varav mättat fett",
        "100 Gram": "18 g"
      },
      {
        "Näringsvärde": "Kolhydrat",
        "100 Gram": "0 g"
      },
      {
        "Näringsvärde": "Varav sockerarter",
        "100 Gram": "0 g"
      },
      {
        "Näringsvärde": "Protein",
        "100 Gram": "25 g"
      },
      {
        "Näringsvärde": "Salt",
        "100 Gram": "1.4 g"
      },
      {
        "Näringsvärde": "Vitamin B12",
        "100 Gram": "1.5 µg",
        "% av DRI(*)": "60"
      },
      {
        "Näringsvärde": "Kalcium",
        "100 Gram": "740 mg",
        "% av DRI(*)": "93"
      }
    ],
    "nutritionUnitText": "Näringsvärde per 100 gram",
    "categories": {
      "mainCategory": "Mejeri & Ost",
      "subCategories": [
        {
          "name": "Ost",
          "subSubCategories": [
            "Påläggsost",
            "Hushåll"
          ]
        }
      ]
    }
  },
  {
    "name": "Cheddar lagrad XL 32% ca 500g Kvibille",
    "weightText": "Ca 0.5 kg",
    "caPart": "Ca",
    "weightValue": 0.5,
    "weightUnit": "kg",
    "comparePrice": "138,99 kr/kg",
    "currentPrice": 69.5,
    "attributes": [
      "Ursprungsland Sverige",
      "Mjölk från Sverige"
    ],
    "imgUrl": "https://handlaprivatkund.ica.se/images-v3/bf7a00ca-390e-4769-865f-dc369586872e/323546ce-174c-436a-b738-a1fa58bf20da/500x500.jpg",
    "productInformation": "Aromatisk, smakrik och lagrad cheddar. Osten har lagrats i minst ett år, vilket ger en kraftig, fyllig och mogen smak med betydande sälta, frisk syra och brända toner. Den långa, balanserade eftersmaken kittlar på tungan. Kvibille® Cheddar 12 mån 32% passar utmärkt till ostbricka och är en klassiker på julbordet. Lagrad cheddar är också perfekt i matlagning. Kvibille® Cheddar 12 månader tillverkas hantverksmässigt på Kvibille mejeri i Halland.",
    "countryText": "Sverige",
    "companyText": "Kvibille",
    "ingrediensText": "Pastöriserad svensk MJÖLK, salt, syrningskultur, ystenzym, konserveringsmedel E251, E202.",
    "storage": "Lägsta förvaringstemperatur 2°C Högsta förvaringstemperatur 10°C",
    "allergens": "",
    "usage": "",
    "nutrition": [
      {
        "Näringsvärde": "Energi (kcal)",
        "100 Gram": "388 kcal"
      },
      {
        "Näringsvärde": "Energi (kJ)",
        "100 Gram": "1607 kJ"
      },
      {
        "Näringsvärde": "Fett",
        "100 Gram": "32 g"
      },
      {
        "Näringsvärde": "Varav mättat fett",
        "100 Gram": "20 g"
      },
      {
        "Näringsvärde": "Kolhydrat",
        "100 Gram": "0 g"
      },
      {
        "Näringsvärde": "Varav sockerarter",
        "100 Gram": "0 g"
      },
      {
        "Näringsvärde": "Protein",
        "100 Gram": "24 g"
      },
      {
        "Näringsvärde": "Salt",
        "100 Gram": "1.3 g"
      }
    ],
    "nutritionUnitText": "",
    "categories": {
      "mainCategory": "Mejeri & Ost",
      "subCategories": [
        {
          "name": "Ost",
          "subSubCategories": [
            "Påläggsost",
            "Cheddar"
          ]
        }
      ]
    }
  },
  {
    "name": "Billinge ost skivad 150 g Arla",
    "weightText": "0.15 kg",
    "caPart": "",
    "weightValue": 0.15,
    "weightUnit": "kg",
    "comparePrice": "200,00 kr/kg",
    "currentPrice": 30,
    "attributes": [
      "Ursprungsland Sverige"
    ],
    "imgUrl": "https://handlaprivatkund.ica.se/images-v3/bf7a00ca-390e-4769-865f-dc369586872e/6ce28487-f189-4505-8a05-e29006228e62/500x500.jpg",
    "productInformation": ".Vår goda Arla® Billinge 26% är mild med toner av nötighet och en behagligt frisk efter-smak. Den är kantfri, smidig och rundpipig och passar perfekt som pålägg eller snygga ostrullar tack vare den smidiga konsistensen.Symbolen med den blågula mjölkkannan garanterar 100 procent svensk mjölk.",
    "countryText": "Sverige",
    "companyText": "Arla",
    "ingrediensText": "Pastöriserad MJÖLK, salt, syrningskultur, ystenzym, kalciumklorid.",
    "storage": "",
    "allergens": "",
    "usage": "",
    "nutrition": [
      {
        "Näringsvärde": "Energi (kcal)",
        "100 Gram": "343 kcal"
      },
      {
        "Näringsvärde": "Energi (kJ)",
        "100 Gram": "1424 kJ"
      },
      {
        "Näringsvärde": "Fett",
        "100 Gram": "26 g"
      },
      {
        "Näringsvärde": "Varav mättat fett",
        "100 Gram": "17 g"
      },
      {
        "Näringsvärde": "Kolhydrat",
        "100 Gram": "0 g"
      },
      {
        "Näringsvärde": "Varav sockerarter",
        "100 Gram": "0 g"
      },
      {
        "Näringsvärde": "Protein",
        "100 Gram": "26 g"
      },
      {
        "Näringsvärde": "Salt",
        "100 Gram": "1.2 g"
      },
      {
        "Näringsvärde": "Vitamin B12",
        "100 Gram": "1.6 µg",
        "% av DRI(*)": "64"
      },
      {
        "Näringsvärde": "Kalcium",
        "100 Gram": "782 mg",
        "% av DRI(*)": "98"
      }
    ],
    "nutritionUnitText": "Näringsvärde per 100 gram",
    "categories": {
      "mainCategory": "Mejeri & Ost",
      "subCategories": [
        {
          "name": "Ost",
          "subSubCategories": [
            "Påläggsost",
            "Skivad ost"
          ]
        }
      ]
    }
  },
  {
    "name": "Vaniljyoghurt Banan 2,2% 1000g Valio",
    "weightText": "1 kg",
    "caPart": "",
    "weightValue": 1,
    "weightUnit": "kg",
    "comparePrice": "20,00 kr/kg",
    "currentPrice": 20,
    "attributes": [],
    "imgUrl": "https://handlaprivatkund.ica.se/images-v3/bf7a00ca-390e-4769-865f-dc369586872e/52b6cee1-4dc0-4f46-936f-0c6530420409/500x500.jpg",
    "productInformation": "Slät och krämig vaniljyoghurt med smak av banan. Yoghurten är varsamt sockrad med 30 % mindre tillsatt socker än vanliga smaksatta yoghurtar. Innehåller Acidophilus och Bifido.",
    "countryText": "",
    "companyText": "Valio",
    "ingrediensText": "Högpastöriserad MJÖLK, socker 5,2 %, bananpuré 1,8 %, modifierad stärkelse, aromer, safflorextrakt, vaniljextrakt, mald vaniljstång, yoghurtkultur, Lactobacillus acidophilus, Bifidobacterium sp. och vitamin D.",
    "storage": "Förvaras vid högst +8°C. Öppnad förpackning är hållbar 4-5 dagar i kylskåp.",
    "allergens": "",
    "usage": "Omskakas före användning.",
    "nutrition": [
      {
        "Näringsvärde": "Energi (kcal)",
        "100 Gram": "76 kcal"
      },
      {
        "Näringsvärde": "Energi (kJ)",
        "100 Gram": "323 kJ"
      },
      {
        "Näringsvärde": "Fett",
        "100 Gram": "2.2 g"
      },
      {
        "Näringsvärde": "Varav mättat fett",
        "100 Gram": "1.3 g"
      },
      {
        "Näringsvärde": "Kolhydrat",
        "100 Gram": "9.8 g"
      },
      {
        "Näringsvärde": "Varav sockerarter",
        "100 Gram": "9.7 g"
      },
      {
        "Näringsvärde": "Protein",
        "100 Gram": "3.8 g"
      },
      {
        "Näringsvärde": "Salt",
        "100 Gram": "0.1 g"
      },
      {
        "Näringsvärde": "Vitamin D",
        "100 Gram": "1 µg",
        "% av DRI(*)": "20"
      },
      {
        "Näringsvärde": "Kalcium",
        "100 Gram": "120 mg",
        "% av DRI(*)": "15"
      }
    ],
    "nutritionUnitText": "Näringsvärde per 100 gram",
    "categories": {
      "mainCategory": "Mejeri & Ost",
      "subCategories": [
        {
          "name": "Yoghurt",
          "subSubCategories": [
            "Smaksatt yoghurt"
          ]
        }
      ]
    }
  },
  {
    "name": "Herrgård mild skivad 28% 150g Arla Ko",
    "weightText": "0.15 kg",
    "caPart": "",
    "weightValue": 0.15,
    "weightUnit": "kg",
    "comparePrice": "200,00 kr/kg",
    "currentPrice": 30,
    "attributes": [
      "Ursprungsland Sverige"
    ],
    "imgUrl": "https://handlaprivatkund.ica.se/images-v3/bf7a00ca-390e-4769-865f-dc369586872e/6a66ac6b-2e15-4c8d-9320-31123faac3e0/500x500.jpg",
    "productInformation": "Vår goda Arla Ko® Herrgård® är mild och gräddig med karakteristiskt inslag av sötma och hasselnöt. Färdigskivad Herrgård® som passar perfekt som pålägg. Herrgård® började tillverkas på 1800-talet och är än idag en av de mest omtyckta ostarna i Sverige. Vår Arla Ko® Herrgård® görs på Kalmar mejeri på färsk mjölk från Öland och Småland. Varumärket Arla Ko® garanterar att osten är gjord på 100 procent svensk mjölk.",
    "countryText": "Sverige",
    "companyText": "Arla Ko",
    "ingrediensText": "Pastöriserad MJÖLK, salt, syrningskultur, ystenzym, kalciumklorid, konserveringsmedel E202.",
    "storage": "",
    "allergens": "",
    "usage": "",
    "nutrition": [
      {
        "Näringsvärde": "Energi (kcal)",
        "100 Gram": "360 kcal"
      },
      {
        "Näringsvärde": "Energi (kJ)",
        "100 Gram": "1493 kJ"
      },
      {
        "Näringsvärde": "Fett",
        "100 Gram": "28 g"
      },
      {
        "Näringsvärde": "Varav mättat fett",
        "100 Gram": "18 g"
      },
      {
        "Näringsvärde": "Kolhydrat",
        "100 Gram": "0 g"
      },
      {
        "Näringsvärde": "Varav sockerarter",
        "100 Gram": "0 g"
      },
      {
        "Näringsvärde": "Protein",
        "100 Gram": "26 g"
      },
      {
        "Näringsvärde": "Salt",
        "100 Gram": "1.2 g"
      }
    ],
    "nutritionUnitText": "Näringsvärde per 100 gram",
    "categories": {
      "mainCategory": "Mejeri & Ost",
      "subCategories": [
        {
          "name": "Ost",
          "subSubCategories": [
            "Påläggsost",
            "Skivad ost"
          ]
        }
      ]
    }
  },
  {
    "name": "Familjefavoriter Storsjö ost mild ca 1,2kg Arla®",
    "weightText": "Ca 1.2 kg",
    "caPart": "Ca",
    "weightValue": 1.2,
    "weightUnit": "kg",
    "comparePrice": "79,90 kr/kg",
    "currentPrice": 95.88,
    "attributes": [
      "Ursprungsland Sverige"
    ],
    "imgUrl": "https://handlaprivatkund.ica.se/images-v3/bf7a00ca-390e-4769-865f-dc369586872e/46289e6d-321b-497a-a27f-71c2351f4479/500x500.jpg",
    "productInformation": "Arla® Familjefavoriter - milda och goda ostar för hela familjen. Ost som är enkel att hyvla och skära, perfekt som pålägg eller att skära i bitar till fredagsmyset. Familjefavoriter Storsjö 31% är fast i konsistensen och smakar fylligt. Tips: när du närmar dig slutet av osten och den blir lite svårare att hyvla, riv och frys in. Supersmidigt att plocka fram när det är dags för toast! Symbolen med den blågula mjölkkannan innebär att osten är gjord 100 procent svensk mjölk.",
    "countryText": "Sverige",
    "companyText": "Arla",
    "ingrediensText": "Pastöriserad MJÖLK, salt, syrningskultur, ystenzym, kalciumklorid.",
    "storage": "",
    "allergens": "",
    "usage": "",
    "nutrition": [
      {
        "Näringsvärde": "Energi (kcal)",
        "100 Gram": "375 kcal"
      },
      {
        "Näringsvärde": "Energi (kJ)",
        "100 Gram": "1555 kJ"
      },
      {
        "Näringsvärde": "Fett",
        "100 Gram": "31 g"
      },
      {
        "Näringsvärde": "Varav mättat fett",
        "100 Gram": "20 g"
      },
      {
        "Näringsvärde": "Kolhydrat",
        "100 Gram": "0 g"
      },
      {
        "Näringsvärde": "Varav sockerarter",
        "100 Gram": "0 g"
      },
      {
        "Näringsvärde": "Protein",
        "100 Gram": "23 g"
      },
      {
        "Näringsvärde": "Salt",
        "100 Gram": "1.4 g"
      },
      {
        "Näringsvärde": "Vitamin B12",
        "100 Gram": "1.4 µg",
        "% av DRI(*)": "56"
      },
      {
        "Näringsvärde": "Kalcium",
        "100 Gram": "686 mg",
        "% av DRI(*)": "86"
      }
    ],
    "nutritionUnitText": "Näringsvärde per 100 gram",
    "categories": {
      "mainCategory": "Mejeri & Ost",
      "subCategories": [
        {
          "name": "Ost",
          "subSubCategories": [
            "Påläggsost",
            "Gouda & edamer"
          ]
        }
      ]
    }
  },
  {
    "name": "Vänerost 33% ca 1,2kg Arla",
    "weightText": "Ca 1.2 kg",
    "caPart": "Ca",
    "weightValue": 1.2,
    "weightUnit": "kg",
    "comparePrice": "79,90 kr/kg",
    "currentPrice": 95.88,
    "attributes": [
      "Ursprungsland Sverige"
    ],
    "imgUrl": "https://handlaprivatkund.ica.se/images-v3/bf7a00ca-390e-4769-865f-dc369586872e/d1531e9d-a47a-43d0-8674-e6cd87f4c356/500x500.jpg",
    "productInformation": "Arla® Familjefavoriter - milda och goda ostar för hela familjen. Ost som är enkel att hyvla och skära, perfekt som pålägg eller att skära i bitar till fredagsmyset. Familjefavoriter Vänerost 33% är krämig och smakar härligt gräddigt. Tips: när du närmar dig slutet av osten och den blir lite svårare att hyvla, riv den och frys in. Supersmidigt att plocka fram när det är dags för varma mackor! Symbolen med den blågula mjölkkannan garanterar att osten är gjord på 100 procent svensk mjölk.",
    "countryText": "Sverige",
    "companyText": "Arla",
    "ingrediensText": "Pastöriserad MJÖLK, salt, syrningskultur, ystenzym, kalciumklorid.",
    "storage": "",
    "allergens": "",
    "usage": "",
    "nutrition": [
      {
        "Näringsvärde": "Energi (kcal)",
        "100 Gram": "392 kcal"
      },
      {
        "Näringsvärde": "Energi (kJ)",
        "100 Gram": "1624 kJ"
      },
      {
        "Näringsvärde": "Fett",
        "100 Gram": "33 g"
      },
      {
        "Näringsvärde": "Varav mättat fett",
        "100 Gram": "21 g"
      },
      {
        "Näringsvärde": "Kolhydrat",
        "100 Gram": "0 g"
      },
      {
        "Näringsvärde": "Varav sockerarter",
        "100 Gram": "0 g"
      },
      {
        "Näringsvärde": "Protein",
        "100 Gram": "24 g"
      },
      {
        "Näringsvärde": "Salt",
        "100 Gram": "1.2 g"
      },
      {
        "Näringsvärde": "Vitamin B12",
        "100 Gram": "1.4 µg",
        "% av DRI(*)": "56"
      },
      {
        "Näringsvärde": "Kalcium",
        "100 Gram": "704 mg",
        "% av DRI(*)": "88"
      }
    ],
    "nutritionUnitText": "Näringsvärde per 100 gram",
    "categories": {
      "mainCategory": "Mejeri & Ost",
      "subCategories": [
        {
          "name": "Ost",
          "subSubCategories": [
            "Påläggsost",
            "Hushåll"
          ]
        }
      ]
    }
  },
  {
    "name": "Vaniljyoghurt Jordgubb 2,1% 1000g Valio",
    "weightText": "1 kg",
    "caPart": "",
    "weightValue": 1,
    "weightUnit": "kg",
    "comparePrice": "20,00 kr/kg",
    "currentPrice": 20,
    "attributes": [],
    "imgUrl": "https://handlaprivatkund.ica.se/images-v3/bf7a00ca-390e-4769-865f-dc369586872e/7d65c266-b78a-4674-b794-3d5aa8c50107/500x500.jpg",
    "productInformation": "Njut av den goda vaniljyoghurten med bitar av jordgubbar! Yoghurten är varsamt sockrad med 30 % mindre tillsatt socker än vanliga smaksatta yoghurtar. Passar utmärkt till frukost eller mellanmål.",
    "countryText": "",
    "companyText": "Valio",
    "ingrediensText": "Högpastöriserad MJÖLK, vatten, socker 5,2%, jordgubbar 3,5%, modifierad stärkelse, aromer, vaniljextrakt, mald vaniljstång, färg (rödbetsrött), yoghurtkultur, Lactobacillus acidophilus, Bifidobacterium sp. och vitamin D.",
    "storage": "Förvaras vid högst +8°C. Öppnad förpackning är hållbar 4-5 dagar i kylskåp.",
    "allergens": "",
    "usage": "Omskakas före användning.",
    "nutrition": [
      {
        "Näringsvärde": "Energi (kcal)",
        "100 Gram": "74 kcal"
      },
      {
        "Näringsvärde": "Energi (kJ)",
        "100 Gram": "313 kJ"
      },
      {
        "Näringsvärde": "Fett",
        "100 Gram": "2.1 g"
      },
      {
        "Näringsvärde": "Varav mättat fett",
        "100 Gram": "1.2 g"
      },
      {
        "Näringsvärde": "Kolhydrat",
        "100 Gram": "9.7 g"
      },
      {
        "Näringsvärde": "Varav sockerarter",
        "100 Gram": "9.5 g"
      },
      {
        "Näringsvärde": "Protein",
        "100 Gram": "3.6 g"
      },
      {
        "Näringsvärde": "Salt",
        "100 Gram": "0.1 g"
      },
      {
        "Näringsvärde": "Vitamin B12",
        "100 Gram": "0.4 µg",
        "% av DRI(*)": "16"
      },
      {
        "Näringsvärde": "Vitamin D",
        "100 Gram": "1 µg",
        "% av DRI(*)": "20"
      },
      {
        "Näringsvärde": "Kalcium",
        "100 Gram": "120 mg",
        "% av DRI(*)": "15"
      }
    ],
    "nutritionUnitText": "Näringsvärde per 100 gram",
    "categories": {
      "mainCategory": "Mejeri & Ost",
      "subCategories": [
        {
          "name": "Yoghurt",
          "subSubCategories": [
            "Smaksatt yoghurt"
          ]
        }
      ]
    }
  },
  {
    "name": "Vitmögelost Tryffel 150g Castello",
    "weightText": "0.15 kg",
    "caPart": "",
    "weightValue": 0.15,
    "weightUnit": "kg",
    "comparePrice": "193,33 kr/kg",
    "currentPrice": 29,
    "attributes": [],
    "imgUrl": "https://handlaprivatkund.ica.se/images-v3/bf7a00ca-390e-4769-865f-dc369586872e/479fec17-ece1-4cbb-b45e-5f0c06700155/500x500.jpg",
    "productInformation": "Krämigt läcker vitmögelost med en delikat smak av sommartryffel från södra Frankrike. Castello® White with Truffle är gjord enligt traditionella, handgjorda metoder för nå den krämiga konsistensen. Servera med fördel denna tryffelbrie som en liten tapas på färsk baguette tillsammans med ett glas mousserande vitt eller rosévin. Den är även en utmärkt ost till ostbricka!",
    "countryText": "",
    "companyText": "Castello",
    "ingrediensText": "Pastöriserad MJÖLK och GRÄDDE, tryffelpreparat 2%, salt, syrningskultur, tryffelarom, ystenzym, vitmögelkultur.",
    "storage": "",
    "allergens": "",
    "usage": "",
    "nutrition": [
      {
        "Näringsvärde": "Energi (kcal)",
        "100 Gram": "409 kcal"
      },
      {
        "Näringsvärde": "Energi (kJ)",
        "100 Gram": "1688 kJ"
      },
      {
        "Näringsvärde": "Fett",
        "100 Gram": "39 g"
      },
      {
        "Näringsvärde": "Varav mättat fett",
        "100 Gram": "24 g"
      },
      {
        "Näringsvärde": "Kolhydrat",
        "100 Gram": "0.5 g"
      },
      {
        "Näringsvärde": "Varav sockerarter",
        "100 Gram": "0.5 g"
      },
      {
        "Näringsvärde": "Protein",
        "100 Gram": "14 g"
      },
      {
        "Näringsvärde": "Salt",
        "100 Gram": "1.5 g"
      }
    ],
    "nutritionUnitText": "Näringsvärde per 100 gram",
    "categories": {
      "mainCategory": "Mejeri & Ost",
      "subCategories": [
        {
          "name": "Ost",
          "subSubCategories": [
            "Dessertost",
            "Vitmögelost"
          ]
        }
      ]
    }
  },
  {
    "name": "White chili vitmögelost 150g Castello®",
    "weightText": "0.15 kg",
    "caPart": "",
    "weightValue": 0.15,
    "weightUnit": "kg",
    "comparePrice": "193,33 kr/kg",
    "currentPrice": 29,
    "attributes": [],
    "imgUrl": "https://handlaprivatkund.ica.se/images-v3/bf7a00ca-390e-4769-865f-dc369586872e/3ee4e162-b765-4776-b06f-35fd688fe0ca/500x500.jpg",
    "productInformation": "Krämigt läcker vitmögelost där vi försiktigt tillsatt kryddiga röda jalapeño-flingor. Castello® White with Red Chili 39% är gjord enligt traditionella, handgjorda metoder för nå den krämiga konsistensen. En ost som passar utmärkt som topping på sallader och soppor. Den smakar även utmärkt på rostad brioche och honung eller som ett spännande inslag när du vill ha lite olika ostar till ostbricka. Servera gärna denna lite heta vitmögelost med ett druvigt och blommigt vitt vin.",
    "countryText": "",
    "companyText": "Castello",
    "ingrediensText": "Pastöriserad MJÖLK och GRÄDDE, salt, chili, syrningskultur, ystenzym, vitmögelkultur.",
    "storage": "",
    "allergens": "",
    "usage": "",
    "nutrition": [
      {
        "Näringsvärde": "Energi (kcal)",
        "100 Gram": "412 kcal"
      },
      {
        "Näringsvärde": "Energi (kJ)",
        "100 Gram": "1704 kJ"
      },
      {
        "Näringsvärde": "Fett",
        "100 Gram": "39 g"
      },
      {
        "Näringsvärde": "Varav mättat fett",
        "100 Gram": "25 g"
      },
      {
        "Näringsvärde": "Kolhydrat",
        "100 Gram": "0.5 g"
      },
      {
        "Näringsvärde": "Varav sockerarter",
        "100 Gram": "0.5 g"
      },
      {
        "Näringsvärde": "Protein",
        "100 Gram": "15 g"
      },
      {
        "Näringsvärde": "Salt",
        "100 Gram": "1.5 g"
      }
    ],
    "nutritionUnitText": "Näringsvärde per 100 gram",
    "categories": {
      "mainCategory": "Mejeri & Ost",
      "subCategories": [
        {
          "name": "Ost",
          "subSubCategories": [
            "Dessertost",
            "Vitmögelost"
          ]
        }
      ]
    }
  },
  {
    "name": "Proteinmilkshake Creamy Pear 330ml Barebells",
    "weightText": "0.33 l",
    "caPart": "",
    "weightValue": 0.33,
    "weightUnit": "l",
    "comparePrice": "77,27 kr/l",
    "currentPrice": 25.5,
    "attributes": [
      "Laktosfritt"
    ],
    "imgUrl": "https://handlaprivatkund.ica.se/images-v3/bf7a00ca-390e-4769-865f-dc369586872e/4e74904a-5502-432c-af5f-08805cd2b4e9/500x500.jpg",
    "productInformation": "Proteinrik milkshake. UHT-behandlad. Innehåller sötningsmedel och naturligt förekommande socker.",
    "countryText": "",
    "companyText": "Barebells",
    "ingrediensText": "MJÖLK (66%), MJÖLKPROTEINKONCENTRAT (31%), vatten, stabiliseringsmedel (cellulosa, cellulosagummi, karragenan), kakaosmör, aromer, surhetsreglerande medel (natriumfosfat), laktas, sötningsmedel (acesulfam-K, sukralos).",
    "storage": "Kan förvaras i rumstemperatur. Öppnad förpackning förvaras i kylskåp och bör förtäras inom 24 timmar. Lägsta förvaringstemperatur 5°C Högsta förvaringstemperatur 25°C",
    "allergens": "Innehåller Mjölk",
    "usage": "",
    "nutrition": [
      {
        "Näringsvärde": "Energi (kcal)",
        "100 Gram": "58 kcal"
      },
      {
        "Näringsvärde": "Energi (kJ)",
        "100 Gram": "244 kJ"
      },
      {
        "Näringsvärde": "Fett",
        "100 Gram": "1.4 g"
      },
      {
        "Näringsvärde": "Varav mättat fett",
        "100 Gram": "0.9 g"
      },
      {
        "Näringsvärde": "Kolhydrat",
        "100 Gram": "3.8 g"
      },
      {
        "Näringsvärde": "Varav sockerarter",
        "100 Gram": "3.6 g"
      },
      {
        "Näringsvärde": "Protein",
        "100 Gram": "7.3 g"
      },
      {
        "Näringsvärde": "Salt",
        "100 Gram": "0.19 g"
      }
    ],
    "nutritionUnitText": "Näringsvärde per 100 gram",
    "categories": {
      "mainCategory": "Mejeri & Ost",
      "subCategories": [
        {
          "name": "Kylda mellanmål & desserter",
          "subSubCategories": [
            "Proteinmål",
            "Proteinmål, laktosfri"
          ]
        }
      ]
    }
  },
  {
    "name": "Blåmögelost Intense Blue 29% 150g Castello®",
    "weightText": "0.15 kg",
    "caPart": "",
    "weightValue": 0.15,
    "weightUnit": "kg",
    "comparePrice": "193,33 kr/kg",
    "currentPrice": 29,
    "attributes": [],
    "imgUrl": "https://handlaprivatkund.ica.se/images-v3/bf7a00ca-390e-4769-865f-dc369586872e/cfae4a31-a29e-4bc3-898a-f5d0ce8f2946/500x500.jpg",
    "productInformation": "Letar du efter en god dessertost till din ostbricka? Castello® Intense Blue är en smakrik ädelost, även kallad blue cheese eller blåmögelost, gjord på en blandning av ko- och fårmjölk. Blåmögelosten har en frisk doft av blåmögel och inslag av svampskog. Osten har en blåmögelmarmorerad gräddvit snittyta och konsistensen är krämigt len. Smaken är kraftig och aromatisk med tydlig sälta, blåmögel och behaglig syrlighet. Den långa, kraftfulla eftersmaken är präglad av nötighet och skogsmark. Castello Intense Blue passar på ostbrickan och smakar särskilt gott till stenugnsbakat bröd, söta marmelader & chutneys, fikon och fylligt och smakrikt rött vin.",
    "countryText": "",
    "companyText": "Castello",
    "ingrediensText": "Pastöriserad KOMJÖLK 90%, pastöriserad FÅRMJÖLK 7%, salt, syrningskultur, ystenzym, blåmögelkultur, mognadskultur.",
    "storage": "",
    "allergens": "",
    "usage": "",
    "nutrition": [
      {
        "Näringsvärde": "Energi (kcal)",
        "100 Gram": "335 kcal"
      },
      {
        "Näringsvärde": "Energi (kJ)",
        "100 Gram": "1386 kJ"
      },
      {
        "Näringsvärde": "Fett",
        "100 Gram": "29 g"
      },
      {
        "Näringsvärde": "Varav mättat fett",
        "100 Gram": "19 g"
      },
      {
        "Näringsvärde": "Kolhydrat",
        "100 Gram": "0.5 g"
      },
      {
        "Näringsvärde": "Varav sockerarter",
        "100 Gram": "0.5 g"
      },
      {
        "Näringsvärde": "Protein",
        "100 Gram": "17 g"
      },
      {
        "Näringsvärde": "Salt",
        "100 Gram": "2 g"
      }
    ],
    "nutritionUnitText": "Näringsvärde per 100 gram",
    "categories": {
      "mainCategory": "Mejeri & Ost",
      "subCategories": [
        {
          "name": "Ost",
          "subSubCategories": [
            "Dessertost",
            "Blåmögelost"
          ]
        }
      ]
    }
  },
  {
    "name": "Golden Kittost 29% 150g Castello®",
    "weightText": "0.15 kg",
    "caPart": "",
    "weightValue": 0.15,
    "weightUnit": "kg",
    "comparePrice": "193,33 kr/kg",
    "currentPrice": 29,
    "attributes": [],
    "imgUrl": "https://handlaprivatkund.ica.se/images-v3/bf7a00ca-390e-4769-865f-dc369586872e/92808d08-d0fd-4a2e-9721-8b1b2a27188c/500x500.jpg",
    "productInformation": "Castello®ost med vitmögeltäckt orange yta och svagt gul, lite blank snittyta. Castello® Golden 29% är en krämig dessertost med en något elastisk konsistens som blir fastare mot kanten. Smaken är fyllig och aromatisk med mild syra, sälta och liten sötma. Den långa eftersmaken har toner av beska och sälta. Castello Golden är en favorit på ostbrickan och smakar särskilt gott till pistagenötter, kummin, salta och söta kex. Servera gärna ett druvigt och blommigt vitt vin till.",
    "countryText": "",
    "companyText": "Castello",
    "ingrediensText": "Pastöriserad MJÖLK och GRÄDDE, salt, syrningskultur, ystenzym, mögel- och vitmögel kultur.",
    "storage": "",
    "allergens": "",
    "usage": "",
    "nutrition": [
      {
        "Näringsvärde": "Energi (kcal)",
        "100 Gram": "409 kcal"
      },
      {
        "Näringsvärde": "Energi (kJ)",
        "100 Gram": "1688 kJ"
      },
      {
        "Näringsvärde": "Fett",
        "100 Gram": "39 g"
      },
      {
        "Näringsvärde": "Varav mättat fett",
        "100 Gram": "25 g"
      },
      {
        "Näringsvärde": "Kolhydrat",
        "100 Gram": "0.5 g"
      },
      {
        "Näringsvärde": "Varav sockerarter",
        "100 Gram": "0.5 g"
      },
      {
        "Näringsvärde": "Protein",
        "100 Gram": "14 g"
      },
      {
        "Näringsvärde": "Salt",
        "100 Gram": "1.7 g"
      }
    ],
    "nutritionUnitText": "Näringsvärde per 100 gram",
    "categories": {
      "mainCategory": "Mejeri & Ost",
      "subCategories": [
        {
          "name": "Ost",
          "subSubCategories": [
            "Dessertost",
            "Kittost"
          ]
        }
      ]
    }
  },
  {
    "name": "Cheddar 32% ca 1,4kg Kvibille",
    "weightText": "Ca 1.4 kg",
    "caPart": "Ca",
    "weightValue": 1.4,
    "weightUnit": "kg",
    "comparePrice": "139,01 kr/kg",
    "currentPrice": 194.61,
    "attributes": [
      "Ursprungsland Sverige",
      "Mjölk från Sverige"
    ],
    "imgUrl": "https://handlaprivatkund.ica.se/images-v3/bf7a00ca-390e-4769-865f-dc369586872e/15e3c815-d9b6-4c77-bd02-87c37655da1f/500x500.jpg",
    "productInformation": "Aromatisk, fyllig och smakrik cheddarost som lagrats i sex till åtta månader. Den är svagt syrlig med tydlig sälta och lång, behaglig eftersmak. Kvibille® Cheddar 6 mån 32% passar utmärkt på ostbricka och är ett trevligt inslag på buffé. Den är också god i matlagning och på smörgås. Lagrad cheddar är en klassisk ost på julbordet. Kvibille® Cheddar 6 månader tillverkas hantverksmässigt på Kvibille mejeri i Halland.",
    "countryText": "Sverige",
    "companyText": "Kvibille",
    "ingrediensText": "Pastöriserad svensk MJÖLK, salt, syrningskultur, ystenzym, konserveringsmedel E251, E202.",
    "storage": "",
    "allergens": "",
    "usage": "",
    "nutrition": [
      {
        "Näringsvärde": "Energi (kcal)",
        "100 Gram": "388 kcal"
      },
      {
        "Näringsvärde": "Energi (kJ)",
        "100 Gram": "1607 kJ"
      },
      {
        "Näringsvärde": "Fett",
        "100 Gram": "32 g"
      },
      {
        "Näringsvärde": "Varav mättat fett",
        "100 Gram": "20 g"
      },
      {
        "Näringsvärde": "Kolhydrat",
        "100 Gram": "0 g"
      },
      {
        "Näringsvärde": "Varav sockerarter",
        "100 Gram": "0 g"
      },
      {
        "Näringsvärde": "Protein",
        "100 Gram": "24 g"
      },
      {
        "Näringsvärde": "Salt",
        "100 Gram": "1.3 g"
      }
    ],
    "nutritionUnitText": "Näringsvärde per 100 gram",
    "categories": {
      "mainCategory": "Mejeri & Ost",
      "subCategories": [
        {
          "name": "Ost",
          "subSubCategories": [
            "Påläggsost",
            "Cheddar"
          ]
        }
      ]
    }
  },
  {
    "name": "Proteinmilkshake Banana 330ml Barebells",
    "weightText": "0.33 l",
    "caPart": "",
    "weightValue": 0.33,
    "weightUnit": "l",
    "comparePrice": "77,27 kr/l",
    "currentPrice": 25.5,
    "attributes": [
      "Laktosfritt"
    ],
    "imgUrl": "https://handlaprivatkund.ica.se/images-v3/bf7a00ca-390e-4769-865f-dc369586872e/5af2661a-a140-4b67-a828-1aa94030005f/500x500.jpg",
    "productInformation": "Proteinrik milkshake med smak av banan. Innehåller sötningsmedel.",
    "countryText": "",
    "companyText": "Barebells",
    "ingrediensText": "MJÖLK/MÆLK (66%), MJÖLK-/MÆLK-/MELKPROTEINKONCENTRAT (31%), vatten/vand, stabiliseringsmedel/stabilisator (cellulosa, cellulosagummi, karragenan), kakaosmör, aromer/aromaer, surhetsreglerande medel (natriumfosfat), laktas, sötningsmedel/sødestoffer (acesulfam-K, sukralos), färgämne/fargestoff (karoten).",
    "storage": "Kan förvaras i rumstemperatur. Öppnad förpackning förvaras i kylskåp och bör förtäras inom 24 timmar. Lägsta förvaringstemperatur 5°C Högsta förvaringstemperatur 22°C",
    "allergens": "Innehåller Mjölk",
    "usage": "",
    "nutrition": [
      {
        "Näringsvärde": "Energi (kcal)",
        "100 Milliliter": "59 kcal"
      },
      {
        "Näringsvärde": "Energi (kJ)",
        "100 Milliliter": "247 kJ"
      },
      {
        "Näringsvärde": "Fett",
        "100 Milliliter": "1.5 g"
      },
      {
        "Näringsvärde": "Varav mättat fett",
        "100 Milliliter": "1 g"
      },
      {
        "Näringsvärde": "Kolhydrat",
        "100 Milliliter": "3.7 g"
      },
      {
        "Näringsvärde": "Varav sockerarter",
        "100 Milliliter": "3.6 g"
      },
      {
        "Näringsvärde": "Protein",
        "100 Milliliter": "7.3 g"
      },
      {
        "Näringsvärde": "Salt",
        "100 Milliliter": "0.21 g"
      },
      {
        "Näringsvärde": "Natrium",
        "100 Milliliter": "84 mg"
      }
    ],
    "nutritionUnitText": "",
    "categories": {
      "mainCategory": "Mejeri & Ost",
      "subCategories": [
        {
          "name": "Kylda mellanmål & desserter",
          "subSubCategories": [
            "Färdig proteindryck"
          ]
        }
      ]
    }
  },
  {
    "name": "Mild Blue blåmögel 150 g Castello",
    "weightText": "0.15 kg",
    "caPart": "",
    "weightValue": 0.15,
    "weightUnit": "kg",
    "comparePrice": "193,33 kr/kg",
    "currentPrice": 29,
    "attributes": [],
    "imgUrl": "https://handlaprivatkund.ica.se/images-v3/bf7a00ca-390e-4769-865f-dc369586872e/97659c15-cb98-4133-8b9a-4b249d133486/500x500.jpg",
    "productInformation": "Castello® Mild Blue, är en härlig kombination av allt det vi gillar från både brie och blåmögelost. Osten kombinerar en mjuk och krämig konsistens med en mild och smörig smak, som i sin tur balanseras upp med en lagom ton av blåmögel. Detta gör att Mild Blue är det perfekta valet för dig som vill uppleva en ny sida av blåmögelost, men även för dig som precis börjat upptäcka de fantastiska mögelostarnas värld.",
    "countryText": "",
    "companyText": "Castello",
    "ingrediensText": "Pastöriserad MJÖLK och GRÄDDE, salt, syrningskultur, ystenzym, blåmögelkultur, mognadskultur.",
    "storage": "",
    "allergens": "",
    "usage": "",
    "nutrition": [
      {
        "Näringsvärde": "Energi (kcal)",
        "100 Gram": "431 kcal"
      },
      {
        "Näringsvärde": "Energi (kJ)",
        "100 Gram": "1779 kJ"
      },
      {
        "Näringsvärde": "Fett",
        "100 Gram": "42 g"
      },
      {
        "Näringsvärde": "Varav mättat fett",
        "100 Gram": "27 g"
      },
      {
        "Näringsvärde": "Kolhydrat",
        "100 Gram": "0.5 g"
      },
      {
        "Näringsvärde": "Varav sockerarter",
        "100 Gram": "0.5 g"
      },
      {
        "Näringsvärde": "Protein",
        "100 Gram": "13 g"
      },
      {
        "Näringsvärde": "Salt",
        "100 Gram": "1.6 g"
      }
    ],
    "nutritionUnitText": "Näringsvärde per 100 gram",
    "categories": {
      "mainCategory": "Mejeri & Ost",
      "subCategories": [
        {
          "name": "Ost",
          "subSubCategories": [
            "Dessertost",
            "Blåmögelost"
          ]
        }
      ]
    }
  },
  {
    "name": "Proteinmilkshake Hallon 330ml Barebells",
    "weightText": "0.33 l",
    "caPart": "",
    "weightValue": 0.33,
    "weightUnit": "l",
    "comparePrice": "77,27 kr/l",
    "currentPrice": 25.5,
    "attributes": [
      "Laktosfritt"
    ],
    "imgUrl": "https://handlaprivatkund.ica.se/images-v3/bf7a00ca-390e-4769-865f-dc369586872e/5dd8c3a0-148b-48eb-8e71-2aaa8ba4d211/500x500.jpg",
    "productInformation": "Proteinrik milkshake med smak av hallon. Innehåller sötningsmedel. Laktosfri",
    "countryText": "",
    "companyText": "Barebells",
    "ingrediensText": "MJÖLK/MÆLK (66%), MJÖLK-/MÆLK-/MELKPROTEINKONCENTRAT (31%), vatten/vand, stabiliseringsmedel/stabilisator (cellulosa, cellulosagummi, karragenan), aromer/aromaer, kakaosmör, surhetsreglerande medel (natriumfosfat), färgämne/fargestoff (karotener), sötningsmedel/sødestoffer (acesulfam-K, sukralos), laktas.",
    "storage": "Kan förvaras i rumstemperatur. Öppnad förpackning förvaras i kylskåp och bör förtäras inom 24 timmar. Lägsta förvaringstemperatur 5°C Högsta förvaringstemperatur 22°C",
    "allergens": "",
    "usage": "",
    "nutrition": [
      {
        "Näringsvärde": "Energi (kcal)",
        "100 Milliliter": "59 kcal"
      },
      {
        "Näringsvärde": "Energi (kJ)",
        "100 Milliliter": "250 kJ"
      },
      {
        "Näringsvärde": "Fett",
        "100 Milliliter": "1.4 g"
      },
      {
        "Näringsvärde": "Varav mättat fett",
        "100 Milliliter": "0.9 g"
      },
      {
        "Näringsvärde": "Kolhydrat",
        "100 Milliliter": "4.1 g"
      },
      {
        "Näringsvärde": "Varav sockerarter",
        "100 Milliliter": "3.7 g"
      },
      {
        "Näringsvärde": "Protein",
        "100 Milliliter": "7.3 g"
      },
      {
        "Näringsvärde": "Salt",
        "100 Milliliter": "0.21 g"
      }
    ],
    "nutritionUnitText": "Näringsvärde per 100 milliliter",
    "categories": {
      "mainCategory": "Mejeri & Ost",
      "subCategories": [
        {
          "name": "Kylda mellanmål & desserter",
          "subSubCategories": [
            "Färdig proteindryck"
          ]
        }
      ]
    }
  },
  {
    "name": "Proteinmilkshake Cookies and Cream 330ml Barebells",
    "weightText": "0.33 l",
    "caPart": "",
    "weightValue": 0.33,
    "weightUnit": "l",
    "comparePrice": "77,27 kr/l",
    "currentPrice": 25.5,
    "attributes": [
      "Laktosfritt"
    ],
    "imgUrl": "https://handlaprivatkund.ica.se/images-v3/bf7a00ca-390e-4769-865f-dc369586872e/94b913be-083c-41ca-8632-aa4d21df2f47/500x500.jpg",
    "productInformation": "Laktosfri proteinrik milkshake med smak av cookies & cream. Innehåller sötningsmedel. Laktosfri",
    "countryText": "",
    "companyText": "Barebells",
    "ingrediensText": "MJÖLK/MÆLK (66 %), MJÖLK-/MÆLK-/MELKPROTEINKONCENTRAT (31 %), vatten/vand, stabiliseringsmedel/stabilisator (cellulosa, cellulosagummi, karragenan), fettreducerad/fedtfattig kakao, kakaosmör, surhetsreglerande medel (natriumfosfat), aromer/aromaer, sötningsmedel/sødestoffer (acesulfam K/acesulfamkalium, sukralos), laktas.",
    "storage": "",
    "allergens": "Innehåller Mjölk",
    "usage": "",
    "nutrition": [
      {
        "Näringsvärde": "Energi (kcal)",
        "100 Milliliter": "58 kcal"
      },
      {
        "Näringsvärde": "Energi (kJ)",
        "100 Milliliter": "245 kJ"
      },
      {
        "Näringsvärde": "Fett",
        "100 Milliliter": "1.4 g"
      },
      {
        "Näringsvärde": "Varav mättat fett",
        "100 Milliliter": "0.9 g"
      },
      {
        "Näringsvärde": "Kolhydrat",
        "100 Milliliter": "3.8 g"
      },
      {
        "Näringsvärde": "Varav sockerarter",
        "100 Milliliter": "3.7 g"
      },
      {
        "Näringsvärde": "Protein",
        "100 Milliliter": "7.3 g"
      },
      {
        "Näringsvärde": "Salt",
        "100 Milliliter": "0.2 g"
      }
    ],
    "nutritionUnitText": "",
    "categories": {
      "mainCategory": "Mejeri & Ost",
      "subCategories": [
        {
          "name": "Kylda mellanmål & desserter",
          "subSubCategories": [
            "Färdig proteindryck"
          ]
        }
      ]
    }
  },
  {
    "name": "Vispgrädde 36% Längre hållbarhet 5dl ICA",
    "weightText": "0.5 l",
    "caPart": "",
    "weightValue": 0.5,
    "weightUnit": "l",
    "comparePrice": "69,00 kr/l",
    "currentPrice": 34.5,
    "attributes": [
      "Ursprungsland Sverige",
      "Mjölk från Sverige"
    ],
    "imgUrl": "https://handlaprivatkund.ica.se/images-v3/bf7a00ca-390e-4769-865f-dc369586872e/0b49c059-5cb0-44a3-a327-70336776bc1c/500x500.jpg",
    "productInformation": "ICA Vispgrädde Längre hållbarhet är gjord på svensk mjölk och passar i allt som ska bli gott! Tårtor, desserter, grytor, gräddsåser, pastasåser, gratänger, glass – eller bara vispad till färsk frukt eller på toppen av en kopp varm choklad. Den här grädden har dessutom lite längre hållbarhet.",
    "countryText": "Sverige",
    "companyText": "ICA",
    "ingrediensText": "HÖGPASTÖRISERAD GRÄDDE*, stabiliseringsmedel (E407). *Ursprung Sverige.",
    "storage": "",
    "allergens": "",
    "usage": "",
    "nutrition": [
      {
        "Näringsvärde": "Energi (kcal)",
        "100 Gram": "346 kcal"
      },
      {
        "Näringsvärde": "Energi (kJ)",
        "100 Gram": "1427 kJ"
      },
      {
        "Näringsvärde": "Fett",
        "100 Gram": "36 g"
      },
      {
        "Näringsvärde": "Varav mättat fett",
        "100 Gram": "23 g"
      },
      {
        "Näringsvärde": "Kolhydrat",
        "100 Gram": "3.2 g"
      },
      {
        "Näringsvärde": "Varav sockerarter",
        "100 Gram": "3.2 g"
      },
      {
        "Näringsvärde": "Protein",
        "100 Gram": "2.4 g"
      },
      {
        "Näringsvärde": "Salt",
        "100 Gram": "0.06 g"
      },
      {
        "Näringsvärde": "Vitamin A",
        "100 Gram": "330 µg"
      },
      {
        "Näringsvärde": "Vitamin B12",
        "100 Gram": "0.4 µg"
      }
    ],
    "nutritionUnitText": "Näringsvärde per 100 gram",
    "categories": {
      "mainCategory": "Mejeri & Ost",
      "subCategories": [
        {
          "name": "Grädde",
          "subSubCategories": [
            "Vispgrädde"
          ]
        }
      ]
    }
  },
  {
    "name": "Mellanmjölk Lite längre hållbarhet 1,5% 1,5l ICA",
    "weightText": "1.5 l",
    "caPart": "",
    "weightValue": 1.5,
    "weightUnit": "l",
    "comparePrice": "13,67 kr/l",
    "currentPrice": 20.5,
    "attributes": [
      "Ursprungsland Sverige",
      "Mjölk från Sverige"
    ],
    "imgUrl": "https://handlaprivatkund.ica.se/images-v3/bf7a00ca-390e-4769-865f-dc369586872e/f3d472b7-4397-431e-8ea1-226e1cde3e0c/500x500.jpg",
    "productInformation": "ICA Mellanmjölk Lite längre hållbarhet låter kanske för bra för att vara sann, men det är mjölk vi har värmt upp till högre temperatur (högpastöriserad) jämfört med vanlig traditionell lågpastöriserad mjölk. Det gör både att hållbarheten blir längre och att smaken kan upplevas mer fyllig och gräddig – två ganska trevliga fördelar utöver att den står sig längre. Den är berikad med D-vitamin och utan några andra tillsatser. Dessutom kommer den från svenska gårdar.",
    "countryText": "Sverige",
    "companyText": "ICA",
    "ingrediensText": "Högpastöriserad MJÖLK*, vitamin D. *Ursprung Sverige.",
    "storage": "Lägsta förvaringstemperatur 2°C Högsta förvaringstemperatur 8°C",
    "allergens": "Innehåller Mjölk",
    "usage": "",
    "nutrition": [
      {
        "Näringsvärde": "Energi (kcal)",
        "100 Milliliter": "47 kcal"
      },
      {
        "Näringsvärde": "Energi (kJ)",
        "100 Milliliter": "195 kJ"
      },
      {
        "Näringsvärde": "Fett",
        "100 Milliliter": "1.5 g"
      },
      {
        "Näringsvärde": "Varav mättat fett",
        "100 Milliliter": "1 g"
      },
      {
        "Näringsvärde": "Kolhydrat",
        "100 Milliliter": "4.7 g"
      },
      {
        "Näringsvärde": "Varav sockerarter",
        "100 Milliliter": "4.7 g"
      },
      {
        "Näringsvärde": "Protein",
        "100 Milliliter": "3.5 g"
      },
      {
        "Näringsvärde": "Salt",
        "100 Milliliter": "0.09 g"
      },
      {
        "Näringsvärde": "Vitamin B12",
        "100 Milliliter": "0.4 µg",
        "% av DRI(*)": "16"
      },
      {
        "Näringsvärde": "Vitamin D",
        "100 Milliliter": "1 µg",
        "% av DRI(*)": "20"
      },
      {
        "Näringsvärde": "Riboflavin",
        "100 Milliliter": "0.14 mg",
        "% av DRI(*)": "10"
      },
      {
        "Näringsvärde": "Pantotensyra",
        "100 Milliliter": "0.5 mg",
        "% av DRI(*)": "8"
      },
      {
        "Näringsvärde": "Kalium",
        "100 Milliliter": "160 mg",
        "% av DRI(*)": "8"
      },
      {
        "Näringsvärde": "Klorid",
        "100 Milliliter": "92 mg",
        "% av DRI(*)": "12"
      },
      {
        "Näringsvärde": "Kalcium",
        "100 Milliliter": "124 mg",
        "% av DRI(*)": "16"
      },
      {
        "Näringsvärde": "Fosfor",
        "100 Milliliter": "139 mg",
        "% av DRI(*)": "20"
      },
      {
        "Näringsvärde": "Molybden",
        "100 Milliliter": "3.8 µg",
        "% av DRI(*)": "8"
      },
      {
        "Näringsvärde": "Jod",
        "100 Milliliter": "22 µg",
        "% av DRI(*)": "15"
      }
    ],
    "nutritionUnitText": "Näringsvärde per 100 milliliter",
    "categories": {
      "mainCategory": "Mejeri & Ost",
      "subCategories": [
        {
          "name": "Mjölk",
          "subSubCategories": [
            "Mellanmjölk",
            "Mellanmjölk, laktos"
          ]
        }
      ]
    }
  },
  {
    "name": "Färsk mellanmjölk 1,5% 1,5l Arla Ko®",
    "weightText": "1.5 l",
    "caPart": "",
    "weightValue": 1.5,
    "weightUnit": "l",
    "comparePrice": "13,67 kr/l",
    "currentPrice": 20.5,
    "attributes": [
      "Ursprungsland Sverige"
    ],
    "imgUrl": "https://handlaprivatkund.ica.se/images-v3/bf7a00ca-390e-4769-865f-dc369586872e/97af873a-d2bf-4109-b0b7-8fd0df48baca/500x500.jpg",
    "productInformation": "Färsk mellanmjölk från Arla, gjord på svensk mjölk från Arlagårdar nu med ännu bättre djuromsorg hela året runt. Mellanmjölk har en härligt fyllig mjölksmak och är ett populärt val till frukostflingorna, gröten eller som dryck till måltiden. Arla Ko® färsk mellanmjölk är en naturlig källa till bland annat protein, kalcium och vitamin B12. Protein bidrar till muskeluppbyggnad och kalcium behövs för att bibehålla en normal benstomme. Varumärket Arla Ko® garanterar att produkten är gjord på 100 procent svensk mjölk.",
    "countryText": "Sverige",
    "companyText": "Arla Ko",
    "ingrediensText": "MJÖLK, vitamin D. Lågpastöriserad.",
    "storage": "Lägsta förvaringstemperatur 2°C Högsta förvaringstemperatur 8°C",
    "allergens": "Innehåller Mjölk",
    "usage": "",
    "nutrition": [
      {
        "Näringsvärde": "Energi (kcal)",
        "100 Gram": "47 kcal"
      },
      {
        "Näringsvärde": "Energi (kJ)",
        "100 Gram": "195 kJ"
      },
      {
        "Näringsvärde": "Fett",
        "100 Gram": "1.5 g"
      },
      {
        "Näringsvärde": "Varav mättat fett",
        "100 Gram": "1 g"
      },
      {
        "Näringsvärde": "Kolhydrat",
        "100 Gram": "4.7 g"
      },
      {
        "Näringsvärde": "Varav sockerarter",
        "100 Gram": "4.7 g"
      },
      {
        "Näringsvärde": "Protein",
        "100 Gram": "3.5 g"
      },
      {
        "Näringsvärde": "Salt",
        "100 Gram": "0.09 g"
      },
      {
        "Näringsvärde": "Vitamin B12",
        "100 Gram": "0.4 µg",
        "% av DRI(*)": "16"
      },
      {
        "Näringsvärde": "Vitamin D",
        "100 Gram": "1 µg",
        "% av DRI(*)": "20"
      },
      {
        "Näringsvärde": "Riboflavin",
        "100 Gram": "0.14 mg",
        "% av DRI(*)": "10"
      },
      {
        "Näringsvärde": "Pantotensyra",
        "100 Gram": "0.5 mg",
        "% av DRI(*)": "8"
      },
      {
        "Näringsvärde": "Kalium",
        "100 Gram": "160 mg",
        "% av DRI(*)": "8"
      },
      {
        "Näringsvärde": "Klorid",
        "100 Gram": "92 mg",
        "% av DRI(*)": "12"
      },
      {
        "Näringsvärde": "Kalcium",
        "100 Gram": "124 mg",
        "% av DRI(*)": "16"
      },
      {
        "Näringsvärde": "Fosfor",
        "100 Gram": "139 mg",
        "% av DRI(*)": "20"
      },
      {
        "Näringsvärde": "Molybden",
        "100 Gram": "3.8 µg",
        "% av DRI(*)": "8"
      }
    ],
    "nutritionUnitText": "Näringsvärde per 100 gram",
    "categories": {
      "mainCategory": "Mejeri & Ost",
      "subCategories": [
        {
          "name": "Mjölk",
          "subSubCategories": [
            "Mellanmjölk",
            "Mellanmjölk, laktos"
          ]
        }
      ]
    }
  },
  {
    "name": "Matlagningsgrädde 13% 5dl ICA",
    "weightText": "0.5 l",
    "caPart": "",
    "weightValue": 0.5,
    "weightUnit": "l",
    "comparePrice": "53,00 kr/l",
    "currentPrice": 26.5,
    "attributes": [
      "Ursprungsland Sverige",
      "Mjölk från Sverige"
    ],
    "imgUrl": "https://handlaprivatkund.ica.se/images-v3/bf7a00ca-390e-4769-865f-dc369586872e/3f57f464-099d-4a9c-930f-572ed8309208/500x500.jpg",
    "productInformation": "ICA Matlagningsgrädde har lite lägre fetthalt än vanlig grädde, vilket gör att den passar perfekt till såser och annat som inte behöver tjockna. Om du vill ha en grädde som går att vispa får du dock välja mellangrädde eller vispgrädde istället. Vår matlagningsgrädde är gjord på svensk mjölk från svenska gårdar.",
    "countryText": "Sverige",
    "companyText": "ICA",
    "ingrediensText": "Högpastöriserad GRÄDDE*. *Ursprung Sverige.",
    "storage": "Lägsta förvaringstemperatur 2°C Högsta förvaringstemperatur 8°C",
    "allergens": "Innehåller Mjölk",
    "usage": "",
    "nutrition": [
      {
        "Näringsvärde": "Energi (kcal)",
        "100 Gram": "146 kcal"
      },
      {
        "Näringsvärde": "Energi (kJ)",
        "100 Gram": "603 kJ"
      },
      {
        "Näringsvärde": "Fett",
        "100 Gram": "13 g"
      },
      {
        "Näringsvärde": "Varav mättat fett",
        "100 Gram": "8.3 g"
      },
      {
        "Näringsvärde": "Kolhydrat",
        "100 Gram": "4.1 g"
      },
      {
        "Näringsvärde": "Varav sockerarter",
        "100 Gram": "4.1 g"
      },
      {
        "Näringsvärde": "Protein",
        "100 Gram": "3.1 g"
      },
      {
        "Näringsvärde": "Salt",
        "100 Gram": "0.08 g"
      }
    ],
    "nutritionUnitText": "Näringsvärde per 100 gram",
    "categories": {
      "mainCategory": "Mejeri & Ost",
      "subCategories": [
        {
          "name": "Grädde",
          "subSubCategories": [
            "Matlagningsgrädde"
          ]
        }
      ]
    }
  },
  {
    "name": "Mellanmjölkdryck 1,5% Laktosfri 1,5l Arla Ko®",
    "weightText": "1.5 l",
    "caPart": "",
    "weightValue": 1.5,
    "weightUnit": "l",
    "comparePrice": "15,97 kr/l",
    "currentPrice": 23.95,
    "attributes": [
      "Ursprungsland Sverige",
      "Mjölk från Sverige",
      "Laktosfritt"
    ],
    "imgUrl": "https://handlaprivatkund.ica.se/images-v3/bf7a00ca-390e-4769-865f-dc369586872e/59fd5751-ae58-4126-9200-40b35caa2db8/500x500.jpg",
    "productInformation": "Laktosfri mellanmjölkdryck gjord på svensk mjölk från Arlagårdar. Mellanmjölkdrycken är framtagen för vuxna och barn med laktosintolerans och är därför fri från laktos. Den har en fyllig mjölksmak och är ett populärt val till frukostgröt, müsli och flingor men även som dryck till maten eller efter träning. Arla Ko® laktosfri mellanmjölkdryck är en naturlig källa till bland annat protein, kalcium och vitamin B12. Protein bidrar till muskeluppbyggnad och kalcium behövs för att bibehålla en normal benstomme. Varumärket Arla Ko® garanterar att produkten är gjord på 100 procent svensk mjölk. \n \n Högpastöriserad.",
    "countryText": "Sverige",
    "companyText": "Arla Ko",
    "ingrediensText": "MJÖLK, laktasenzym, vitamin D.",
    "storage": "",
    "allergens": "",
    "usage": "",
    "nutrition": [
      {
        "Näringsvärde": "Energi (kcal)",
        "100 Gram": "37 kcal"
      },
      {
        "Näringsvärde": "Energi (kJ)",
        "100 Gram": "154 kJ"
      },
      {
        "Näringsvärde": "Fett",
        "100 Gram": "1.5 g"
      },
      {
        "Näringsvärde": "Varav mättat fett",
        "100 Gram": "1 g"
      },
      {
        "Näringsvärde": "Kolhydrat",
        "100 Gram": "2.4 g"
      },
      {
        "Näringsvärde": "Varav sockerarter",
        "100 Gram": "2.4 g"
      },
      {
        "Näringsvärde": "Protein",
        "100 Gram": "3.4 g"
      },
      {
        "Näringsvärde": "Salt",
        "100 Gram": "0.08 g"
      },
      {
        "Näringsvärde": "Vitamin B12",
        "100 Gram": "0.4 µg",
        "% av DRI(*)": "16"
      },
      {
        "Näringsvärde": "Vitamin D",
        "100 Gram": "1 µg",
        "% av DRI(*)": "20"
      },
      {
        "Näringsvärde": "Riboflavin",
        "100 Gram": "0.13 mg",
        "% av DRI(*)": "9"
      },
      {
        "Näringsvärde": "Kalcium",
        "100 Gram": "112 mg",
        "% av DRI(*)": "14"
      }
    ],
    "nutritionUnitText": "Näringsvärde per 100 gram",
    "categories": {
      "mainCategory": "Mejeri & Ost",
      "subCategories": [
        {
          "name": "Mjölk",
          "subSubCategories": [
            "Mellanmjölk",
            "Mellanmjölk, laktosfri"
          ]
        }
      ]
    }
  },
  {
    "name": "Mjölkdryck längre hållbarhet 1,3% 1,5l Klöver®",
    "weightText": "1.5 l",
    "caPart": "",
    "weightValue": 1.5,
    "weightUnit": "l",
    "comparePrice": "12,63 kr/l",
    "currentPrice": 18.95,
    "attributes": [
      "Ursprungsland Sverige"
    ],
    "imgUrl": "https://handlaprivatkund.ica.se/images-v3/bf7a00ca-390e-4769-865f-dc369586872e/dee41ddc-2d30-4823-976a-1cd168ab886c/500x500.jpg",
    "productInformation": "Information från leverantör\nMjölkdryck gjord på svensk mjölk från Arlagårdar har tack vare en utökad värmebehandling en lite längre hållbarhet än vanlig mjölk. Klöver® mjölkdryck har en lätt och god smak och passar perfekt i t.ex. pannkakor, smoothies eller som måltidsdryck. Symbolen med den blågula mjölkkannan garanterar 100 procent svensk mjölk. \n Mjölkdryck gjord på svensk mjölk från Arlagårdar har tack vare en utökad värmebehandling en lite längre hållbarhet än vanlig mjölk. Klöver® mjölkdryck har en lätt och god smak och passar perfekt i t.ex. pannkakor, smoothies eller som måltidsdryck. Symbolen med den blågula mjölkkannan garanterar 100 procent svensk mjölk.",
    "countryText": "Sverige",
    "companyText": "Klöver",
    "ingrediensText": "MJÖLK, filtrerad MJÖLK (MJÖLKretentat), vitamin D. Högpastöriserad.",
    "storage": "Lägsta förvaringstemperatur 2°C Högsta förvaringstemperatur 8°C",
    "allergens": "Innehåller Mjölk",
    "usage": "",
    "nutrition": [
      {
        "Näringsvärde": "Energi (kcal)",
        "100 Gram": "48 kcal"
      },
      {
        "Näringsvärde": "Energi (kJ)",
        "100 Gram": "201 kJ"
      },
      {
        "Näringsvärde": "Fett",
        "100 Gram": "1.3 g"
      },
      {
        "Näringsvärde": "Varav mättat fett",
        "100 Gram": "0.8 g"
      },
      {
        "Näringsvärde": "Kolhydrat",
        "100 Gram": "6 g"
      },
      {
        "Näringsvärde": "Varav sockerarter",
        "100 Gram": "6 g"
      },
      {
        "Näringsvärde": "Protein",
        "100 Gram": "3.1 g"
      },
      {
        "Näringsvärde": "Salt",
        "100 Gram": "0.1 g"
      },
      {
        "Näringsvärde": "Vitamin B12",
        "100 Gram": "0.41 µg",
        "% av DRI(*)": "16"
      },
      {
        "Näringsvärde": "Vitamin D",
        "100 Gram": "1 µg",
        "% av DRI(*)": "20"
      },
      {
        "Näringsvärde": "Riboflavin",
        "100 Gram": "0.16 mg",
        "% av DRI(*)": "11"
      },
      {
        "Näringsvärde": "Pantotensyra",
        "100 Gram": "0.6 mg",
        "% av DRI(*)": "10"
      },
      {
        "Näringsvärde": "Kalium",
        "100 Gram": "176 mg",
        "% av DRI(*)": "9"
      },
      {
        "Näringsvärde": "Klorid",
        "100 Gram": "78.8 mg",
        "% av DRI(*)": "10"
      },
      {
        "Näringsvärde": "Kalcium",
        "100 Gram": "123 mg",
        "% av DRI(*)": "15"
      },
      {
        "Näringsvärde": "Fosfor",
        "100 Gram": "135 mg",
        "% av DRI(*)": "19"
      },
      {
        "Näringsvärde": "Molybden",
        "100 Gram": "4 µg",
        "% av DRI(*)": "8"
      }
    ],
    "nutritionUnitText": "Näringsvärde per 100 gram",
    "categories": {
      "mainCategory": "Mejeri & Ost",
      "subCategories": [
        {
          "name": "Mjölk",
          "subSubCategories": [
            "Mellanmjölk",
            "Mellanmjölk, laktos"
          ]
        }
      ]
    }
  },
  {
    "name": "Standardmjölk Extra lång hållbarhet 3% 1,5l ICA",
    "weightText": "1.5 l",
    "caPart": "",
    "weightValue": 1.5,
    "weightUnit": "l",
    "comparePrice": "13,67 kr/l",
    "currentPrice": 20.5,
    "attributes": [
      "Ursprungsland Sverige",
      "Mjölk från Sverige"
    ],
    "imgUrl": "https://handlaprivatkund.ica.se/images-v3/bf7a00ca-390e-4769-865f-dc369586872e/d957a984-7502-4a15-8724-89f3b0512328/500x500.jpg",
    "productInformation": "ICA Standardmjölk är en fyllig och god mjölk med 3% fetthalt. Den passar att dricka till dagens alla måltider, är särskilt god till kakor och nästan en nödvändighet till sommarens jordgubbar. Dessutom kan du baka med den.",
    "countryText": "Sverige",
    "companyText": "ICA",
    "ingrediensText": "Högpastöriserad MJÖLK*, vitamin D. *Ursprung Sverige.",
    "storage": "Lägsta förvaringstemperatur 2°C Högsta förvaringstemperatur 8°C",
    "allergens": "Innehåller Mjölk",
    "usage": "",
    "nutrition": [
      {
        "Näringsvärde": "Energi (kcal)",
        "100 Milliliter": "59 kcal"
      },
      {
        "Näringsvärde": "Energi (kJ)",
        "100 Milliliter": "248 kJ"
      },
      {
        "Näringsvärde": "Fett",
        "100 Milliliter": "3 g"
      },
      {
        "Näringsvärde": "Varav mättat fett",
        "100 Milliliter": "1.9 g"
      },
      {
        "Näringsvärde": "Kolhydrat",
        "100 Milliliter": "4.6 g"
      },
      {
        "Näringsvärde": "Varav sockerarter",
        "100 Milliliter": "4.6 g"
      },
      {
        "Näringsvärde": "Protein",
        "100 Milliliter": "3.5 g"
      },
      {
        "Näringsvärde": "Salt",
        "100 Milliliter": "0.09 g"
      },
      {
        "Näringsvärde": "Vitamin B12",
        "100 Milliliter": "0.4 µg",
        "% av DRI(*)": "16"
      },
      {
        "Näringsvärde": "Vitamin D",
        "100 Milliliter": "1 µg",
        "% av DRI(*)": "20"
      },
      {
        "Näringsvärde": "Riboflavin",
        "100 Milliliter": "0.14 mg",
        "% av DRI(*)": "10"
      },
      {
        "Näringsvärde": "Pantotensyra",
        "100 Milliliter": "0.5 mg",
        "% av DRI(*)": "8"
      },
      {
        "Näringsvärde": "Kalium",
        "100 Milliliter": "160 mg",
        "% av DRI(*)": "8"
      },
      {
        "Näringsvärde": "Klorid",
        "100 Milliliter": "92 mg",
        "% av DRI(*)": "12"
      },
      {
        "Näringsvärde": "Kalcium",
        "100 Milliliter": "124 mg",
        "% av DRI(*)": "16"
      },
      {
        "Näringsvärde": "Fosfor",
        "100 Milliliter": "139 mg",
        "% av DRI(*)": "20"
      },
      {
        "Näringsvärde": "Molybden",
        "100 Milliliter": "3.8 µg",
        "% av DRI(*)": "8"
      },
      {
        "Näringsvärde": "Jod",
        "100 Milliliter": "22 µg",
        "% av DRI(*)": "15"
      }
    ],
    "nutritionUnitText": "Näringsvärde per 100 milliliter",
    "categories": {
      "mainCategory": "Mejeri & Ost",
      "subCategories": [
        {
          "name": "Mjölk",
          "subSubCategories": [
            "Standardmjölk",
            "Standardmjölk, laktos"
          ]
        }
      ]
    }
  },
  {
    "name": "Smör Normalsaltat Svenskt 82% 500g Arla",
    "weightText": "0.5 kg",
    "caPart": "",
    "weightValue": 0.5,
    "weightUnit": "kg",
    "comparePrice": "147,90 kr/kg",
    "currentPrice": 73.95,
    "attributes": [
      "Ursprungsland Sverige"
    ],
    "imgUrl": "https://handlaprivatkund.ica.se/images-v3/bf7a00ca-390e-4769-865f-dc369586872e/1b34b3e7-acfd-4257-ac6e-f8eedc69a73c/500x500.jpg",
    "productInformation": "Svenskt Smör från Arla® Normalsaltat smör är kärnat av färsk svensk grädde från Arlagårdar och en nypa salt. Normalsaltat smör passar lika fint till stekning och bakning som smakhöjare i matlagningen. Njut av lite smör på potatisen och laxen eller på nybakat bröd. Svenskt Smör från Arla® Normalsaltat är en kvalitetsprodukt från Götene, med endast naturliga råvaror. När du ser den blågula gräddkannan kan du vara säker på att produkten innehåller 100% svensk grädde.",
    "countryText": "Sverige",
    "companyText": "Svenskt smör",
    "ingrediensText": "Pastöriserad GRÄDDE, mjölksyrakultur, salt.",
    "storage": "Lägsta förvaringstemperatur 2°C Högsta förvaringstemperatur 8°C",
    "allergens": "",
    "usage": "",
    "nutrition": [
      {
        "Näringsvärde": "Energi (kcal)",
        "100 Gram": "739 kcal"
      },
      {
        "Näringsvärde": "Energi (kJ)",
        "100 Gram": "3038 kJ"
      },
      {
        "Näringsvärde": "Fett",
        "100 Gram": "82 g"
      },
      {
        "Näringsvärde": "Varav fleromättat fett",
        "100 Gram": "1.9 g",
        "% av DRI(*)": "0"
      },
      {
        "Näringsvärde": "Varav mättat fett",
        "100 Gram": "52 g"
      },
      {
        "Näringsvärde": "Varav enkelomättat fett",
        "100 Gram": "20 g",
        "% av DRI(*)": "0"
      },
      {
        "Näringsvärde": "Kolhydrat",
        "100 Gram": "0.7 g"
      },
      {
        "Näringsvärde": "Varav sockerarter",
        "100 Gram": "0.7 g"
      },
      {
        "Näringsvärde": "Protein",
        "100 Gram": "0.6 g"
      },
      {
        "Näringsvärde": "Salt",
        "100 Gram": "1.2 g"
      },
      {
        "Näringsvärde": "Vitamin A",
        "100 Gram": "723 µg",
        "% av DRI(*)": "90"
      }
    ],
    "nutritionUnitText": "Näringsvärde per 100 gram",
    "categories": {
      "mainCategory": "Mejeri & Ost",
      "subCategories": [
        {
          "name": "Smör & Margarin",
          "subSubCategories": [
            "Matfett smör"
          ]
        }
      ]
    }
  },
  {
    "name": "Havredryck iKaffe 3% 1l Oatly",
    "weightText": "1 l",
    "caPart": "",
    "weightValue": 1,
    "weightUnit": "l",
    "comparePrice": "19,95 kr/l",
    "currentPrice": 19.95,
    "attributes": [],
    "imgUrl": "https://handlaprivatkund.ica.se/images-v3/bf7a00ca-390e-4769-865f-dc369586872e/80d0df30-ad64-4731-8861-e62e0de6a16b/500x500.jpg",
    "productInformation": "En havredryck perfekt att skumma i kaffet. 3% fetthalt.",
    "countryText": "",
    "companyText": "Oatly",
    "ingrediensText": "INGREDIENSER: Vatten/vann/vand, HAVRE 10%, rapsolja, surhetsreglerande medel/surhedsregulerende middel (dikaliumfosfat), kalciumkarbonat, salt, vitaminer (D2, riboflavin, B12), kaliumjodid.",
    "storage": "Oöppnad förpackning förvaras i rumstemperatur. Öppnad förpackning förvaras i kylskåp i max +8°C. Hållbar minst 5 dagar.",
    "allergens": "Innehåller Spannmål som innehåller gluten",
    "usage": "",
    "nutrition": [
      {
        "Näringsvärde": "Energi (kcal)",
        "100 Milliliter": "61 kcal"
      },
      {
        "Näringsvärde": "Energi (kJ)",
        "100 Milliliter": "257 kJ"
      },
      {
        "Näringsvärde": "Fett",
        "100 Milliliter": "3 g"
      },
      {
        "Näringsvärde": "Varav mättat fett",
        "100 Milliliter": "0.3 g"
      },
      {
        "Näringsvärde": "Kolhydrat",
        "100 Milliliter": "7.1 g"
      },
      {
        "Näringsvärde": "Varav sockerarter",
        "100 Milliliter": "3.4 g"
      },
      {
        "Näringsvärde": "Fiber",
        "100 Milliliter": "0.8 g"
      },
      {
        "Näringsvärde": "Protein",
        "100 Milliliter": "1.1 g"
      },
      {
        "Näringsvärde": "Salt",
        "100 Milliliter": "0.1 g"
      },
      {
        "Näringsvärde": "Vitamin B12",
        "100 Milliliter": "0.38 µg",
        "% av DRI(*)": "15"
      },
      {
        "Näringsvärde": "Vitamin D",
        "100 Milliliter": "1.1 µg",
        "% av DRI(*)": "22"
      },
      {
        "Näringsvärde": "Riboflavin",
        "100 Milliliter": "0.21 mg",
        "% av DRI(*)": "15"
      },
      {
        "Näringsvärde": "Kalcium",
        "100 Milliliter": "120 mg",
        "% av DRI(*)": "15"
      },
      {
        "Näringsvärde": "Jod",
        "100 Milliliter": "22.5 µg",
        "% av DRI(*)": "15"
      }
    ],
    "nutritionUnitText": "Näringsvärde per 100 milliliter",
    "categories": {
      "mainCategory": "Mejeri & Ost",
      "subCategories": [
        {
          "name": "Mjölk",
          "subSubCategories": [
            "Mjölkfri dryck",
            "Havredryck"
          ]
        }
      ]
    }
  },
  {
    "name": "Mellanmjölkdryck Laktosfri 1,5% 1,5l ICA",
    "weightText": "1.5 l",
    "caPart": "",
    "weightValue": 1.5,
    "weightUnit": "l",
    "comparePrice": "15,67 kr/l",
    "currentPrice": 23.5,
    "attributes": [
      "Från Sverige",
      "Ursprungsland Sverige",
      "Laktosfritt"
    ],
    "imgUrl": "https://handlaprivatkund.ica.se/images-v3/bf7a00ca-390e-4769-865f-dc369586872e/762d16f8-85ed-440b-8193-cc3f9b5a5ae6/500x500.jpg",
    "productInformation": "ICA Mellanmjölk Laktosfri passar dig som är laktosintolerant och både smakar och beter sig som vanlig mjölk. Den är god att dricka till maten, att ha till flingor eller gröt och att hälla i kaffet. Den här mjölken kommer från kor på svenska gårdar.",
    "countryText": "Sverige",
    "companyText": "ICA",
    "ingrediensText": "Högpastöriserad mjölk, laktasenzym, vitamin D.",
    "storage": "",
    "allergens": "",
    "usage": "",
    "nutrition": [],
    "nutritionUnitText": "Näringsvärde per styck",
    "categories": {
      "mainCategory": "Mejeri & Ost",
      "subCategories": [
        {
          "name": "Mjölk",
          "subSubCategories": [
            "Mellanmjölk",
            "Mellanmjölk, laktosfri"
          ]
        }
      ]
    }
  },
  {
    "name": "Crème fraiche 32% 2dl ICA",
    "weightText": "0.2 l",
    "caPart": "",
    "weightValue": 0.2,
    "weightUnit": "l",
    "comparePrice": "74,75 kr/l",
    "currentPrice": 14.95,
    "attributes": [],
    "imgUrl": "https://handlaprivatkund.ica.se/images-v3/bf7a00ca-390e-4769-865f-dc369586872e/cae54045-cb80-4708-b120-a4665d09f1f7/500x500.jpg",
    "productInformation": "ICA Crème fraîche passar i både varma och kalla rätter som behöver lite krämighet, till exempel såser, pastasåser, en kall klick på blinier med löjrom eller vid sidan av en het gryta.",
    "countryText": "",
    "companyText": "ICA",
    "ingrediensText": "Crème fraiche (högpastöriserad grädde*, syrningskultur). *Ursprung Sverige/Tyskland. Vid brist på svensk grädde används grädde från Tyskland.",
    "storage": "",
    "allergens": "",
    "usage": "",
    "nutrition": [
      {
        "Näringsvärde": "Energi (kcal)",
        "100 Gram": "310 kcal"
      },
      {
        "Näringsvärde": "Energi (kJ)",
        "100 Gram": "1300 kJ"
      },
      {
        "Näringsvärde": "Fett",
        "100 Gram": "32 g"
      },
      {
        "Näringsvärde": "Varav mättat fett",
        "100 Gram": "20 g"
      },
      {
        "Näringsvärde": "Kolhydrat",
        "100 Gram": "2.4 g"
      },
      {
        "Näringsvärde": "Varav sockerarter",
        "100 Gram": "2.4 g"
      },
      {
        "Näringsvärde": "Protein",
        "100 Gram": "2.4 g"
      },
      {
        "Näringsvärde": "Salt",
        "100 Gram": "0.1 g"
      }
    ],
    "nutritionUnitText": "Näringsvärde per 100 gram",
    "categories": {
      "mainCategory": "Mejeri & Ost",
      "subCategories": [
        {
          "name": "Crème fraiche",
          "subSubCategories": [
            "Crème fraiche naturell"
          ]
        }
      ]
    }
  },
  {
    "name": "Kvarg Mild Vanilj 0,2% Laktosfri 1000g Arla®",
    "weightText": "1 kg",
    "caPart": "",
    "weightValue": 1,
    "weightUnit": "kg",
    "comparePrice": "45,95 kr/kg",
    "currentPrice": 45.95,
    "attributes": [
      "Laktosfritt"
    ],
    "imgUrl": "https://handlaprivatkund.ica.se/images-v3/bf7a00ca-390e-4769-865f-dc369586872e/0cd3720b-bc5c-4f40-b425-0d6e4bda24e6/500x500.jpg",
    "productInformation": "Mild laktosfri kvarg med vaniljsmak från äkta vaniljstång. Arla® mild kvarg vanilj har inget tillsatt socker och innehåller mycket protein vilket är ett gott val för dig som tränar mycket. Välj kvarg vanilj för en god start på dagen, som ett gott mellanmål och i samband med träning. Njut av den krämiga kvargen som den är eller med goda nötter, frukt eller färska bär. Kvarg från Arla® är alltid laktosfri. 1 000 g.",
    "countryText": "",
    "companyText": "Arla",
    "ingrediensText": "Ingredienser: MJÖLK, vatten, majsstärkelse, vaniljextrakt, naturlig vaniljarom, mald vaniljstång sötningsmedel (aspartam**), förtjockningsmedel (citruspektin), citronjuicekoncentrat, mjölksyrakultur, laktasenzym. Mjölken är högpastöriserad. **Innehåller en fenylalaninkälla.",
    "storage": "",
    "allergens": "",
    "usage": "",
    "nutrition": [
      {
        "Näringsvärde": "Energi (kcal)",
        "100 Gram": "60 kcal"
      },
      {
        "Näringsvärde": "Energi (kJ)",
        "100 Gram": "250 kJ"
      },
      {
        "Näringsvärde": "Fett",
        "100 Gram": "0.2 g"
      },
      {
        "Näringsvärde": "Varav mättat fett",
        "100 Gram": "0.1 g"
      },
      {
        "Näringsvärde": "Kolhydrat",
        "100 Gram": "4 g"
      },
      {
        "Näringsvärde": "Varav sockerarter",
        "100 Gram": "3.5 g"
      },
      {
        "Näringsvärde": "Protein",
        "100 Gram": "9.7 g"
      },
      {
        "Näringsvärde": "Salt",
        "100 Gram": "0.1 g"
      }
    ],
    "nutritionUnitText": "Näringsvärde per 100 gram",
    "categories": {
      "mainCategory": "Mejeri & Ost",
      "subCategories": [
        {
          "name": "Kvarg",
          "subSubCategories": [
            "Laktosfri kvarg"
          ]
        }
      ]
    }
  },
  {
    "name": "Crème fraiche 32% 5dl ICA",
    "weightText": "0.5 l",
    "caPart": "",
    "weightValue": 0.5,
    "weightUnit": "l",
    "comparePrice": "71,00 kr/l",
    "currentPrice": 35.5,
    "attributes": [],
    "imgUrl": "https://handlaprivatkund.ica.se/images-v3/bf7a00ca-390e-4769-865f-dc369586872e/4f026272-ff5e-4979-8efa-7f12bcfedf9d/500x500.jpg",
    "productInformation": "ICA Crème fraîche passar i både varma och kalla rätter som behöver lite krämighet, till exempel såser, pastasåser, en kall klick på blinier med löjrom eller vid sidan av en het gryta.",
    "countryText": "",
    "companyText": "ICA",
    "ingrediensText": "Crème fraiche (högpastöriserad GRÄDDE* och syrningskultur). *Ursprung Sverige/Tyskland. Vid brist på svensk grädde används grädde från Tyskland.",
    "storage": "",
    "allergens": "",
    "usage": "",
    "nutrition": [
      {
        "Näringsvärde": "Energi (kcal)",
        "100 Gram": "310 kcal"
      },
      {
        "Näringsvärde": "Energi (kJ)",
        "100 Gram": "1300 kJ"
      },
      {
        "Näringsvärde": "Fett",
        "100 Gram": "32 g"
      },
      {
        "Näringsvärde": "Varav mättat fett",
        "100 Gram": "20 g"
      },
      {
        "Näringsvärde": "Kolhydrat",
        "100 Gram": "2.4 g"
      },
      {
        "Näringsvärde": "Varav sockerarter",
        "100 Gram": "2.4 g"
      },
      {
        "Näringsvärde": "Protein",
        "100 Gram": "2.4 g"
      },
      {
        "Näringsvärde": "Salt",
        "100 Gram": "0.1 g"
      }
    ],
    "nutritionUnitText": "Näringsvärde per 100 gram",
    "categories": {
      "mainCategory": "Mejeri & Ost",
      "subCategories": [
        {
          "name": "Crème fraiche",
          "subSubCategories": [
            "Crème fraiche naturell"
          ]
        }
      ]
    }
  },
  {
    "name": "Feta 150g ICA",
    "weightText": "0.15 kg",
    "caPart": "",
    "weightValue": 0.15,
    "weightUnit": "kg",
    "comparePrice": "146,33 kr/kg",
    "currentPrice": 21.95,
    "attributes": [],
    "imgUrl": "https://handlaprivatkund.ica.se/images-v3/bf7a00ca-390e-4769-865f-dc369586872e/7bb0af2c-3351-4ef1-8695-a915f09dabd4/500x500.jpg",
    "productInformation": "ICA Feta har den där karaktäristiska salta smaken och mjuksmuliga konsistensen som äkta feta ska ha. Den här osten är P.D.O-skyddad, vilket betyder att den är gjord i Grekland enligt traditionella metoder. Feta passar i allt ifrån passar i pastasås, färsbiffar, sallader och på buffébordet. På sommaren är den dessutom ett utsökt sällskap till vattenmelon! Tänk bara på att den inte smälter utan behåller sin konsistens även efter att den har hettats upp. \n \n 24% fetthalt.",
    "countryText": "",
    "companyText": "ICA",
    "ingrediensText": "Pastöriserad MJÖLK* från får och get, havssalt, syrningskultur, mjölkkoagulerande enzym (mikrobiellt). *Ursprung Grekland.",
    "storage": "Kylvara. Förvaras vid högst +8°C. Lägsta förvaringstemperatur 2°C Högsta förvaringstemperatur 4°C",
    "allergens": "Innehåller Mjölk",
    "usage": "",
    "nutrition": [
      {
        "Näringsvärde": "Energi (kcal)",
        "100 Gram": "300 kcal"
      },
      {
        "Näringsvärde": "Energi (kJ)",
        "100 Gram": "1189 kJ"
      },
      {
        "Näringsvärde": "Fett",
        "100 Gram": "24 g"
      },
      {
        "Näringsvärde": "Varav mättat fett",
        "100 Gram": "17 g"
      },
      {
        "Näringsvärde": "Kolhydrat",
        "100 Gram": "1.9 g"
      },
      {
        "Näringsvärde": "Varav sockerarter",
        "100 Gram": "0.8 g"
      },
      {
        "Näringsvärde": "Protein",
        "100 Gram": "15 g"
      },
      {
        "Näringsvärde": "Salt",
        "100 Gram": "2.2 g"
      }
    ],
    "nutritionUnitText": "Näringsvärde per 100 gram",
    "categories": {
      "mainCategory": "Mejeri & Ost",
      "subCategories": [
        {
          "name": "Ost",
          "subSubCategories": [
            "Matlagningsost",
            "Fetaost"
          ]
        }
      ]
    }
  },
  {
    "name": "Mozzarella 125g ICA Basic",
    "weightText": "0.125 kg",
    "caPart": "",
    "weightValue": 0.125,
    "weightUnit": "kg",
    "comparePrice": "79,60 kr/kg u. spad",
    "currentPrice": 9.95,
    "attributes": [],
    "imgUrl": "https://handlaprivatkund.ica.se/images-v3/bf7a00ca-390e-4769-865f-dc369586872e/14e15985-5e90-4ac6-91ad-c5efe7974528/500x500.jpg",
    "productInformation": "Krämig, mild mozzarellaost som passar i sallader och med sin smakkompis tomaten. Blanda mogna tomater med mozzarella, olivolja och basilikablad.",
    "countryText": "",
    "companyText": "ICA Basic",
    "ingrediensText": "MJÖLK*, mjölkkoagulerande enzym (mikrobiellt), salt, surhetsreglerande medel (E330). *Ursprung EU.",
    "storage": "",
    "allergens": "",
    "usage": "",
    "nutrition": [],
    "nutritionUnitText": "Näringsvärde per styck",
    "categories": {
      "mainCategory": "Mejeri & Ost",
      "subCategories": [
        {
          "name": "Ost",
          "subSubCategories": [
            "Matlagningsost",
            "Mozzarella"
          ]
        }
      ]
    }
  },
  {
    "name": "Vispgrädde Laktosfri 36% 5dl ICA",
    "weightText": "0.5 l",
    "caPart": "",
    "weightValue": 0.5,
    "weightUnit": "l",
    "comparePrice": "71,00 kr/l",
    "currentPrice": 35.5,
    "attributes": [
      "Ursprungsland Sverige",
      "Mjölk från Sverige",
      "Laktosfritt"
    ],
    "imgUrl": "https://handlaprivatkund.ica.se/images-v3/bf7a00ca-390e-4769-865f-dc369586872e/8c2c6b66-b351-40b8-bdc8-671d16748260/500x500.jpg",
    "productInformation": "Vår laktosfria vispgrädde passar dig som är laktosintolerant och kan användas precis som vanlig grädde, på tårtor och bakelser men även i matlagning. Den är gjord av svensk mjölk och har lite längre hållbarhet. Vispa den när den kommer direkt från kylen för bästa resultat.",
    "countryText": "Sverige",
    "companyText": "ICA",
    "ingrediensText": "Högpastöriserad GRÄDDE*, stabiliseringsmedel (E407), laktasenzym. *Ursprung Sverige.",
    "storage": "Kylvara, Förvaras vid högst +8℃,",
    "allergens": "Innehåller Mjölk",
    "usage": "",
    "nutrition": [
      {
        "Näringsvärde": "Energi (kcal)",
        "100 Gram": "346 kcal"
      },
      {
        "Näringsvärde": "Energi (kJ)",
        "100 Gram": "1427 kJ"
      },
      {
        "Näringsvärde": "Fett",
        "100 Gram": "36 g"
      },
      {
        "Näringsvärde": "Varav mättat fett",
        "100 Gram": "23 g"
      },
      {
        "Näringsvärde": "Kolhydrat",
        "100 Gram": "3.2 g"
      },
      {
        "Näringsvärde": "Varav sockerarter",
        "100 Gram": "3.2 g"
      },
      {
        "Näringsvärde": "Protein",
        "100 Gram": "2.4 g"
      },
      {
        "Näringsvärde": "Salt",
        "100 Gram": "0.06 g"
      }
    ],
    "nutritionUnitText": "Näringsvärde per 100 gram",
    "categories": {
      "mainCategory": "Mejeri & Ost",
      "subCategories": [
        {
          "name": "Grädde",
          "subSubCategories": [
            "Laktosfri grädde",
            "Laktosfri vispgrädde"
          ]
        }
      ]
    }
  },
  {
    "name": "Crème fraiche Lätt 13% 2dl ICA",
    "weightText": "0.2 l",
    "caPart": "",
    "weightValue": 0.2,
    "weightUnit": "l",
    "comparePrice": "64,75 kr/l",
    "currentPrice": 12.95,
    "attributes": [],
    "imgUrl": "https://handlaprivatkund.ica.se/images-v3/bf7a00ca-390e-4769-865f-dc369586872e/a444808c-5a09-485c-9938-3ff530c4e38f/500x500.jpg",
    "productInformation": "ICA Crème fraîche Lätt passar dig som vill ha krämighet i maten, men samtidigt hålla nere lite på fetthalten. Crème fraîche Lätt gör sig bra i både varma och kalla rätter, eftersom den kan kokas.",
    "countryText": "",
    "companyText": "ICA",
    "ingrediensText": "Crème fraiche (högpastöriserad grädde*, stabiliseringsmedel (modifierad majsstärkelse, E412), syrningskultur). *Ursprung Sverige/Tyskland. Vid brist på svensk grädde används grädde från Tyskland.",
    "storage": "",
    "allergens": "",
    "usage": "",
    "nutrition": [
      {
        "Näringsvärde": "Energi (kcal)",
        "100 Gram": "150 kcal"
      },
      {
        "Näringsvärde": "Energi (kJ)",
        "100 Gram": "600 kJ"
      },
      {
        "Näringsvärde": "Fett",
        "100 Gram": "13 g"
      },
      {
        "Näringsvärde": "Varav fleromättat fett",
        "100 Gram": "0.4 g"
      },
      {
        "Näringsvärde": "Varav mättat fett",
        "100 Gram": "8.3 g"
      },
      {
        "Näringsvärde": "Varav enkelomättat fett",
        "100 Gram": "3.7 g"
      },
      {
        "Näringsvärde": "Kolhydrat",
        "100 Gram": "5.1 g"
      },
      {
        "Näringsvärde": "Varav sockerarter",
        "100 Gram": "3.2 g"
      },
      {
        "Näringsvärde": "Fiber",
        "100 Gram": "0 g"
      },
      {
        "Näringsvärde": "Protein",
        "100 Gram": "2.9 g"
      },
      {
        "Näringsvärde": "Salt",
        "100 Gram": "0.1 g"
      },
      {
        "Näringsvärde": "Vitamin A",
        "100 Gram": "140 µg"
      }
    ],
    "nutritionUnitText": "Näringsvärde per 100 gram",
    "categories": {
      "mainCategory": "Mejeri & Ost",
      "subCategories": [
        {
          "name": "Crème fraiche",
          "subSubCategories": [
            "Crème fraiche naturell"
          ]
        }
      ]
    }
  },
  {
    "name": "Mellanmål Jordgubb 175g Risifrutti",
    "weightText": "0.175 kg",
    "caPart": "",
    "weightValue": 0.175,
    "weightUnit": "kg",
    "comparePrice": "71,43 kr/kg",
    "currentPrice": 12.5,
    "attributes": [],
    "imgUrl": "https://handlaprivatkund.ica.se/images-v3/bf7a00ca-390e-4769-865f-dc369586872e/7ff0aa49-0a78-49b0-a510-fbaef6ebc9b9/500x500.jpg",
    "productInformation": "Risifrutti jordgubb är ett enkelt och mättande mellanmål som innehåller en bas av krämig risgröt med smak av vanilj, mjölk och grädde. Den passar perfekt med den medföljande goda bärsåsen som är gjord på jordgubbar.Risifrutti är en vardagshjälte som är perfekt att ha hemma i kylskåpet eller att packa med i väskan som ett snabbt mellanmål.Historien om Risifrutti började 1993 och sedan dess är det ett älskat mellanmål hos både stora och små. Produkterna är kända för sin goda smak och naturliga råvaror. Risgröten tillverkas i Örebro och de goda frukt- och bärsåserna tillverkas i Kumla. För att läsa mer om Risifrutti besök risifrutti.se",
    "countryText": "",
    "companyText": "RisiFrutti",
    "ingrediensText": "INGREDIENSER: MJÖLK/MÆLK, vatten/vand, ris (8,5%), jordgubbar/jordbær (7%), socker (6,7%), GRÄDDE/FLØDE, fläderbärs/hyldebærjuice, förtjockningsmedel/fortykningsmiddel (pektin, karragenan), naturliga aromer (bl.a. vanillin), salt, syra (citronsyra).",
    "storage": "Kylvara: Förvaras vid högst +8ºC.",
    "allergens": "",
    "usage": "",
    "nutrition": [
      {
        "Näringsvärde": "Energi (kcal)",
        "100 Gram": "112 kcal"
      },
      {
        "Näringsvärde": "Energi (kJ)",
        "100 Gram": "470 kJ"
      },
      {
        "Näringsvärde": "Fett",
        "100 Gram": "3.4 g"
      },
      {
        "Näringsvärde": "Varav mättat fett",
        "100 Gram": "2.6 g"
      },
      {
        "Näringsvärde": "Kolhydrat",
        "100 Gram": "17 g"
      },
      {
        "Näringsvärde": "Varav sockerarter",
        "100 Gram": "10 g"
      },
      {
        "Näringsvärde": "Protein",
        "100 Gram": "3.1 g"
      },
      {
        "Näringsvärde": "Salt",
        "100 Gram": "0.15 g"
      }
    ],
    "nutritionUnitText": "Näringsvärde per 100 gram",
    "categories": {
      "mainCategory": "Mejeri & Ost",
      "subCategories": [
        {
          "name": "Kylda mellanmål & desserter",
          "subSubCategories": [
            "Kylda mellanmål",
            "Rismål, laktos"
          ]
        }
      ]
    }
  },
  {
    "name": "Jäst för matbröd 50g Kronjäst",
    "weightText": "0.05 kg",
    "caPart": "",
    "weightValue": 0.05,
    "weightUnit": "kg",
    "comparePrice": "70,00 kr/kg",
    "currentPrice": 3.5,
    "attributes": [],
    "imgUrl": "https://handlaprivatkund.ica.se/images-v3/bf7a00ca-390e-4769-865f-dc369586872e/2671ac16-b793-4354-aa76-9f366bf463af/500x500.jpg",
    "productInformation": "Svensk färsk jäst som har optimal jäskraft i degar för matbröd. Jästcellerna arbetar produktivt tillsammans med näringen i mjölet (sockret från stärkelsen), och mindre effektivt i degar med tillsatt socker.",
    "countryText": "",
    "companyText": "Kronjäst",
    "ingrediensText": "Jäst",
    "storage": "Färskjäst består av levande mikroorganismer och är därför en färskvara. All färskjäst måste förvaras kallt för att behålla sina egenskaper. Förvaringstemperatur 0 till + 8°C, ju kallare desto bättre. Lägsta förvaringstemperatur 0°C Högsta förvaringstemperatur 8°C",
    "allergens": "",
    "usage": "",
    "nutrition": [
      {
        "Näringsvärde": "Energi (kcal)",
        "100 Gram": "108 kcal"
      },
      {
        "Näringsvärde": "Energi (kJ)",
        "100 Gram": "452 kJ"
      },
      {
        "Näringsvärde": "Fett",
        "100 Gram": "1.7 g"
      },
      {
        "Näringsvärde": "Varav mättat fett",
        "100 Gram": "0.3 g"
      },
      {
        "Näringsvärde": "Kolhydrat",
        "100 Gram": "6 g"
      },
      {
        "Näringsvärde": "Varav sockerarter",
        "100 Gram": "4.4 g"
      },
      {
        "Näringsvärde": "Fiber",
        "100 Gram": "8.1 g"
      },
      {
        "Näringsvärde": "Protein",
        "100 Gram": "13 g"
      },
      {
        "Näringsvärde": "Salt",
        "100 Gram": "0.05 g"
      }
    ],
    "nutritionUnitText": "Näringsvärde per 100 gram",
    "categories": {
      "mainCategory": "Mejeri & Ost",
      "subCategories": [
        {
          "name": "Ägg & Jäst",
          "subSubCategories": [
            "Jäst"
          ]
        }
      ]
    }
  },
  {
    "name": "Grillost Norrländsk 24% 200g ICA",
    "weightText": "0.2 kg",
    "caPart": "",
    "weightValue": 0.2,
    "weightUnit": "kg",
    "comparePrice": "147,50 kr/kg",
    "currentPrice": 29.5,
    "attributes": [
      "Ursprungsland Sverige",
      "Mjölk från Sverige"
    ],
    "imgUrl": "https://handlaprivatkund.ica.se/images-v3/bf7a00ca-390e-4769-865f-dc369586872e/6dd321d8-6892-45ac-a001-ebc88a19c169/500x500.jpg",
    "productInformation": "Utmärkt att steka eller grilla. Gjord på komjölk från norrländska gårdar.",
    "countryText": "Sverige",
    "companyText": "ICA",
    "ingrediensText": "Pastöriserad MJÖLK, salt, mynta, mjölkkoagulerande enzym (mikrobiellt).",
    "storage": "",
    "allergens": "",
    "usage": "",
    "nutrition": [],
    "nutritionUnitText": "Näringsvärde per styck",
    "categories": {
      "mainCategory": "Mejeri & Ost",
      "subCategories": [
        {
          "name": "Ost",
          "subSubCategories": [
            "Matlagningsost",
            "Hamburgerost"
          ]
        }
      ]
    }
  },
  {
    "name": "Gräddfil 12% 3dl ICA",
    "weightText": "0.3 l",
    "caPart": "",
    "weightValue": 0.3,
    "weightUnit": "l",
    "comparePrice": "51,67 kr/l",
    "currentPrice": 15.5,
    "attributes": [
      "Ursprungsland Sverige"
    ],
    "imgUrl": "https://handlaprivatkund.ica.se/images-v3/bf7a00ca-390e-4769-865f-dc369586872e/4c297564-9a4a-4dea-b20a-ed8bd87a4fb1/500x500.jpg",
    "productInformation": "ICA Gräddfil är gjord på mjölk från svenska gårdar och passar bra att göra kalla såser och röror på samt att ta en klick vid sidan för att mildra heta smaker. Men även om gräddfil passar till mycket så är den inte kokbar. Då är till exempel crème fraîche ett bättre val.",
    "countryText": "Sverige",
    "companyText": "ICA",
    "ingrediensText": "Högpastöriserad GRÄDDE*, syrningskultur. *Ursprung Sverige.",
    "storage": "",
    "allergens": "Innehåller Mjölk",
    "usage": "",
    "nutrition": [
      {
        "Näringsvärde": "Energi (kcal)",
        "100 Gram": "140 kcal"
      },
      {
        "Näringsvärde": "Energi (kJ)",
        "100 Gram": "550 kJ"
      },
      {
        "Näringsvärde": "Fett",
        "100 Gram": "12 g"
      },
      {
        "Näringsvärde": "Varav mättat fett",
        "100 Gram": "7.7 g"
      },
      {
        "Näringsvärde": "Kolhydrat",
        "100 Gram": "3.4 g"
      },
      {
        "Näringsvärde": "Varav sockerarter",
        "100 Gram": "3.4 g"
      },
      {
        "Näringsvärde": "Protein",
        "100 Gram": "3.1 g"
      },
      {
        "Näringsvärde": "Salt",
        "100 Gram": "0.1 g"
      }
    ],
    "nutritionUnitText": "Näringsvärde per 100 gram",
    "categories": {
      "mainCategory": "Mejeri & Ost",
      "subCategories": [
        {
          "name": "Gräddfil",
          "subSubCategories": [
            "Gräddfil"
          ]
        }
      ]
    }
  },
  {
    "name": "Halloumi 200g ICA",
    "weightText": "0.2 kg",
    "caPart": "",
    "weightValue": 0.2,
    "weightUnit": "kg",
    "comparePrice": "144,75 kr/kg",
    "currentPrice": 28.95,
    "attributes": [],
    "imgUrl": "https://handlaprivatkund.ica.se/images-v3/bf7a00ca-390e-4769-865f-dc369586872e/2760d574-fb2f-49e0-8535-65e67ae8150c/500x500.jpg",
    "productInformation": "ICA Halloumi är gjord på en mix av pastöriserad ko-, får- och getmjölk och har en salt smak och lite gnisslig konsistens. Stek eller grilla halloumin och servera till en fräsch sallad eller varför inte ersätta köttet i burgaren och gör en halloumiburgare istället?",
    "countryText": "",
    "companyText": "ICA",
    "ingrediensText": "Pastöriserad KOMJÖLK*, FÅRMJÖLK* och GETMJÖLK*, salt, mjölkkoagulerande enzym (mikrobiellt), mynta. *Ursprung Cypern.",
    "storage": "",
    "allergens": "",
    "usage": "",
    "nutrition": [],
    "nutritionUnitText": "Näringsvärde per styck",
    "categories": {
      "mainCategory": "Mejeri & Ost",
      "subCategories": [
        {
          "name": "Ost",
          "subSubCategories": [
            "Matlagningsost",
            "Halloumi & Grillost"
          ]
        }
      ]
    }
  },
  {
    "name": "Färsk standardmjölk 3,0% 1,5l Arla Ko®",
    "weightText": "1.5 l",
    "caPart": "",
    "weightValue": 1.5,
    "weightUnit": "l",
    "comparePrice": "14,33 kr/l",
    "currentPrice": 21.5,
    "attributes": [
      "Ursprungsland Sverige"
    ],
    "imgUrl": "https://handlaprivatkund.ica.se/images-v3/bf7a00ca-390e-4769-865f-dc369586872e/ca209c58-4fb3-4405-a73e-b429d9396844/500x500.jpg",
    "productInformation": "Färsk mjölk från Arla, gjord på svensk mjölk från Arlagårdar nu med ännu bättre djuromsorg hela året runt. Standardmjölk har en rund och fyllig smak med tydligt inslag av grädde. Den goda smaken gör att mjölken passar extra bra i kaffe, te och choklad. Standardmjölk - röd mjölk - kan med fördel användas i matlagning, till bär och gröt. Arla Ko® färsk mjölk är en naturlig källa till bland annat protein, kalcium och vitamin B12. Protein bidrar till muskeluppbyggnad och kalcium behövs för att bibehålla en normal benstomme. Varumärket Arla Ko® garanterar att produkten är gjord på 100 procent svensk mjölk.",
    "countryText": "Sverige",
    "companyText": "Arla Ko",
    "ingrediensText": "MJÖLK, vitamin D. Lågpastöriserad.",
    "storage": "Lägsta förvaringstemperatur 2°C Högsta förvaringstemperatur 8°C",
    "allergens": "Innehåller Mjölk",
    "usage": "",
    "nutrition": [
      {
        "Näringsvärde": "Energi (kcal)",
        "100 Gram": "59 kcal"
      },
      {
        "Näringsvärde": "Energi (kJ)",
        "100 Gram": "248 kJ"
      },
      {
        "Näringsvärde": "Fett",
        "100 Gram": "3 g"
      },
      {
        "Näringsvärde": "Varav mättat fett",
        "100 Gram": "1.9 g"
      },
      {
        "Näringsvärde": "Kolhydrat",
        "100 Gram": "4.6 g"
      },
      {
        "Näringsvärde": "Varav sockerarter",
        "100 Gram": "4.6 g"
      },
      {
        "Näringsvärde": "Protein",
        "100 Gram": "3.5 g"
      },
      {
        "Näringsvärde": "Salt",
        "100 Gram": "0.09 g"
      },
      {
        "Näringsvärde": "Vitamin B12",
        "100 Gram": "0.4 µg",
        "% av DRI(*)": "16"
      },
      {
        "Näringsvärde": "Vitamin D",
        "100 Gram": "1 µg",
        "% av DRI(*)": "20"
      },
      {
        "Näringsvärde": "Riboflavin",
        "100 Gram": "0.14 mg",
        "% av DRI(*)": "10"
      },
      {
        "Näringsvärde": "Pantotensyra",
        "100 Gram": "0.5 mg",
        "% av DRI(*)": "8"
      },
      {
        "Näringsvärde": "Kalium",
        "100 Gram": "160 mg",
        "% av DRI(*)": "8"
      },
      {
        "Näringsvärde": "Klorid",
        "100 Gram": "92 mg",
        "% av DRI(*)": "12"
      },
      {
        "Näringsvärde": "Kalcium",
        "100 Gram": "124 mg",
        "% av DRI(*)": "16"
      },
      {
        "Näringsvärde": "Fosfor",
        "100 Gram": "139 mg",
        "% av DRI(*)": "20"
      },
      {
        "Näringsvärde": "Molybden",
        "100 Gram": "3.8 µg",
        "% av DRI(*)": "8"
      }
    ],
    "nutritionUnitText": "Näringsvärde per 100 gram",
    "categories": {
      "mainCategory": "Mejeri & Ost",
      "subCategories": [
        {
          "name": "Mjölk",
          "subSubCategories": [
            "Standardmjölk",
            "Standardmjölk, laktos"
          ]
        }
      ]
    }
  },
  {
    "name": "Smör Normalsaltat 82% 500g ICA",
    "weightText": "0.5 kg",
    "caPart": "",
    "weightValue": 0.5,
    "weightUnit": "kg",
    "comparePrice": "129,90 kr/kg",
    "currentPrice": 64.95,
    "attributes": [],
    "imgUrl": "https://handlaprivatkund.ica.se/images-v3/bf7a00ca-390e-4769-865f-dc369586872e/d0459edb-87e6-44f1-b36f-2f86fd12d66a/500x500.jpg",
    "productInformation": "ICA Smör Normalsaltat passar till all slags matlagning och bakning och blir dessutom urgott på smörgåsen – men glöm inte att ta ut smöret i god tid.",
    "countryText": "",
    "companyText": "ICA",
    "ingrediensText": "GRÄDDE*, mjölksyrakultur, salt 1,2%. *Ursprung: EU.",
    "storage": "Lägsta förvaringstemperatur 2°C Högsta förvaringstemperatur 8°C",
    "allergens": "",
    "usage": "",
    "nutrition": [
      {
        "Näringsvärde": "Energi (kcal)",
        "100 Gram": "750 kcal"
      },
      {
        "Näringsvärde": "Energi (kJ)",
        "100 Gram": "3050 kJ"
      },
      {
        "Näringsvärde": "Fett",
        "100 Gram": "82 g"
      },
      {
        "Näringsvärde": "Varav fleromättat fett",
        "100 Gram": "1.6 g"
      },
      {
        "Näringsvärde": "Varav mättat fett",
        "100 Gram": "52 g"
      },
      {
        "Näringsvärde": "Varav enkelomättat fett",
        "100 Gram": "19 g"
      },
      {
        "Näringsvärde": "Kolhydrat",
        "100 Gram": "0.7 g"
      },
      {
        "Näringsvärde": "Varav sockerarter",
        "100 Gram": "0.7 g"
      },
      {
        "Näringsvärde": "Protein",
        "100 Gram": "0.6 g"
      },
      {
        "Näringsvärde": "Salt",
        "100 Gram": "1.2 g"
      },
      {
        "Näringsvärde": "Vitamin A",
        "100 Gram": "725 µg",
        "% av DRI(*)": "90"
      }
    ],
    "nutritionUnitText": "Näringsvärde per 100 gram",
    "categories": {
      "mainCategory": "Jul",
      "subCategories": [
        {
          "name": "Julbak",
          "subSubCategories": [
            "Saffran & Bullbak"
          ]
        }
      ]
    }
  },
  {
    "name": "Färsk mellanmjölk 1,5% 1l Arla Ko®",
    "weightText": "1 l",
    "caPart": "",
    "weightValue": 1,
    "weightUnit": "l",
    "comparePrice": "14,95 kr/l",
    "currentPrice": 14.95,
    "attributes": [
      "Ursprungsland Sverige"
    ],
    "imgUrl": "https://handlaprivatkund.ica.se/images-v3/bf7a00ca-390e-4769-865f-dc369586872e/3cea5fde-261c-461e-8f28-ad582220363e/500x500.jpg",
    "productInformation": "Färsk mellanmjölk från Arla, gjord på svensk mjölk från Arlagårdar nu med ännu bättre djuromsorg hela året runt. Mellanmjölk har en härligt fyllig mjölksmak och är ett populärt val till frukostflingorna, gröten eller som dryck till måltiden. Arla Ko® färsk mellanmjölk är en naturlig källa till bland annat protein, kalcium och vitamin B12. Protein bidrar till muskeluppbyggnad och kalcium behövs för att bibehålla en normal benstomme. Varumärket Arla Ko® garanterar att produkten är gjord på 100 procent svensk mjölk",
    "countryText": "Sverige",
    "companyText": "Arla Ko",
    "ingrediensText": "MJÖLK, vitamin D. Lågpastöriserad.",
    "storage": "Lägsta förvaringstemperatur 2°C Högsta förvaringstemperatur 8°C",
    "allergens": "Innehåller Mjölk",
    "usage": "",
    "nutrition": [
      {
        "Näringsvärde": "Energi (kcal)",
        "100 Gram": "47 kcal"
      },
      {
        "Näringsvärde": "Energi (kJ)",
        "100 Gram": "195 kJ"
      },
      {
        "Näringsvärde": "Fett",
        "100 Gram": "1.5 g"
      },
      {
        "Näringsvärde": "Varav mättat fett",
        "100 Gram": "1 g"
      },
      {
        "Näringsvärde": "Kolhydrat",
        "100 Gram": "4.7 g"
      },
      {
        "Näringsvärde": "Varav sockerarter",
        "100 Gram": "4.7 g"
      },
      {
        "Näringsvärde": "Protein",
        "100 Gram": "3.5 g"
      },
      {
        "Näringsvärde": "Salt",
        "100 Gram": "0.09 g"
      },
      {
        "Näringsvärde": "Vitamin B12",
        "100 Gram": "0.4 µg",
        "% av DRI(*)": "16"
      },
      {
        "Näringsvärde": "Vitamin D",
        "100 Gram": "1 µg",
        "% av DRI(*)": "20"
      },
      {
        "Näringsvärde": "Riboflavin",
        "100 Gram": "0.14 mg",
        "% av DRI(*)": "10"
      },
      {
        "Näringsvärde": "Pantotensyra",
        "100 Gram": "0.5 mg",
        "% av DRI(*)": "8"
      },
      {
        "Näringsvärde": "Kalium",
        "100 Gram": "160 mg",
        "% av DRI(*)": "8"
      },
      {
        "Näringsvärde": "Klorid",
        "100 Gram": "92 mg",
        "% av DRI(*)": "12"
      },
      {
        "Näringsvärde": "Kalcium",
        "100 Gram": "124 mg",
        "% av DRI(*)": "16"
      },
      {
        "Näringsvärde": "Fosfor",
        "100 Gram": "139 mg",
        "% av DRI(*)": "20"
      },
      {
        "Näringsvärde": "Molybden",
        "100 Gram": "3.8 µg",
        "% av DRI(*)": "8"
      }
    ],
    "nutritionUnitText": "Näringsvärde per 100 gram",
    "categories": {
      "mainCategory": "Mejeri & Ost",
      "subCategories": [
        {
          "name": "Mjölk",
          "subSubCategories": [
            "Mellanmjölk",
            "Mellanmjölk, laktos"
          ]
        }
      ]
    }
  },
  {
    "name": "Vispgrädde 36% Längre hållbarhet 2,5dl ICA",
    "weightText": "0.25 l",
    "caPart": "",
    "weightValue": 0.25,
    "weightUnit": "l",
    "comparePrice": "74,00 kr/l",
    "currentPrice": 18.5,
    "attributes": [
      "Ursprungsland Sverige",
      "Mjölk från Sverige"
    ],
    "imgUrl": "https://handlaprivatkund.ica.se/images-v3/bf7a00ca-390e-4769-865f-dc369586872e/a6371eb9-7570-47a5-b94a-77a9b32e1e9b/500x500.jpg",
    "productInformation": "ICA Vispgrädde Längre hållbarhet är gjord på svensk mjölk och passar i allt som ska bli gott! Tårtor, desserter, grytor, gräddsåser, pastasåser, gratänger, glass – eller bara vispad till färsk frukt eller på toppen av en kopp varm choklad. Den här grädden har dessutom lite längre hållbarhet.",
    "countryText": "Sverige",
    "companyText": "ICA",
    "ingrediensText": "HÖGPASTÖRISERAD GRÄDDE*, stabiliseringsmedel (E407). *Ursprung Sverige.",
    "storage": "",
    "allergens": "Innehåller Mjölk",
    "usage": "",
    "nutrition": [
      {
        "Näringsvärde": "Energi (kcal)",
        "100 Gram": "346 kcal"
      },
      {
        "Näringsvärde": "Energi (kJ)",
        "100 Gram": "1427 kJ"
      },
      {
        "Näringsvärde": "Fett",
        "100 Gram": "36 g"
      },
      {
        "Näringsvärde": "Varav mättat fett",
        "100 Gram": "23 g"
      },
      {
        "Näringsvärde": "Kolhydrat",
        "100 Gram": "3.2 g"
      },
      {
        "Näringsvärde": "Varav sockerarter",
        "100 Gram": "3.2 g"
      },
      {
        "Näringsvärde": "Protein",
        "100 Gram": "2.4 g"
      },
      {
        "Näringsvärde": "Salt",
        "100 Gram": "0.06 g"
      }
    ],
    "nutritionUnitText": "Näringsvärde per 100 gram",
    "categories": {
      "mainCategory": "Mejeri & Ost",
      "subCategories": [
        {
          "name": "Grädde",
          "subSubCategories": [
            "Vispgrädde"
          ]
        }
      ]
    }
  },
  {
    "name": "Fruktdryck Multivitamin 2l Glocken Gold",
    "weightText": "2 l",
    "caPart": "",
    "weightValue": 2,
    "weightUnit": "l",
    "comparePrice": "11,25 kr/l",
    "currentPrice": 22.5,
    "attributes": [],
    "imgUrl": "https://handlaprivatkund.ica.se/images-v3/bf7a00ca-390e-4769-865f-dc369586872e/9bc062cd-0517-4dd4-b55e-204f01ea978e/500x500.jpg",
    "productInformation": "",
    "countryText": "",
    "companyText": "Glockengold",
    "ingrediensText": "Ingredienser: naturligt mineralvatten, äppeljuice koncentrat, socker, apelsinjuice koncentrat, surhetsreglerande medel: citronsyra, druvjuice-, ananasjuice-, bananpuré-, citronjuice-, päronjuice-, aprikospuré koncentrat, vitaminmix (C-vitamin, E-vitamin, niacin, pantotenat, betakaroten, B6-vitamin, tiamin, folsyra, biotin, B12-vitamin), passionsfruktjuice koncentrat, sötningsmedel: acesulfam-K, aspartam*, natriumsackarin, mangopuré-, guavapuré koncentrat, stabiliseringsmedel: guarkärn-mjöl, pektin, naturliga smaker. *innehåller en fenylalaninkälla.",
    "storage": "Lägsta förvaringstemperatur -8°C Högsta förvaringstemperatur 30°C",
    "allergens": "",
    "usage": "",
    "nutrition": [
      {
        "Näringsvärde": "Energi (kcal)",
        "100 Milliliter": "21 kcal"
      },
      {
        "Näringsvärde": "Energi (kJ)",
        "100 Milliliter": "89 kJ"
      },
      {
        "Näringsvärde": "Fett",
        "100 Milliliter": "0.5 g"
      },
      {
        "Näringsvärde": "Varav mättat fett",
        "100 Milliliter": "0.1 g"
      },
      {
        "Näringsvärde": "Kolhydrat",
        "100 Milliliter": "4.9 g"
      },
      {
        "Näringsvärde": "Varav sockerarter",
        "100 Milliliter": "4.8 g"
      },
      {
        "Näringsvärde": "Protein",
        "100 Milliliter": "0.5 g"
      },
      {
        "Näringsvärde": "Salt",
        "100 Milliliter": "0.01 g"
      },
      {
        "Näringsvärde": "Vitamin A",
        "100 Milliliter": "120 µg",
        "% av DRI(*)": "15"
      },
      {
        "Näringsvärde": "Vitamin B12",
        "100 Milliliter": "0.38 µg",
        "% av DRI(*)": "15"
      },
      {
        "Näringsvärde": "Vitamin B6",
        "100 Milliliter": "0.21 mg",
        "% av DRI(*)": "15"
      },
      {
        "Näringsvärde": "Vitamin C",
        "100 Milliliter": "12 mg",
        "% av DRI(*)": "15"
      },
      {
        "Näringsvärde": "Vitamin E",
        "100 Milliliter": "1.8 mg",
        "% av DRI(*)": "15"
      },
      {
        "Näringsvärde": "Folsyra",
        "100 Milliliter": "30 µg",
        "% av DRI(*)": "15"
      },
      {
        "Näringsvärde": "Niacin",
        "100 Milliliter": "2.4 mg",
        "% av DRI(*)": "15"
      },
      {
        "Näringsvärde": "Pantotensyra",
        "100 Milliliter": "0.9 mg",
        "% av DRI(*)": "15"
      },
      {
        "Näringsvärde": "Biotin",
        "100 Milliliter": "7.5 µg",
        "% av DRI(*)": "15"
      },
      {
        "Näringsvärde": "Tiamin",
        "100 Milliliter": "0.17 mg",
        "% av DRI(*)": "15"
      }
    ],
    "nutritionUnitText": "Näringsvärde per 100 milliliter",
    "categories": {
      "mainCategory": "Mejeri & Ost",
      "subCategories": [
        {
          "name": "Juice & Fruktdryck",
          "subSubCategories": [
            "Måltidsdryck",
            "Måltidsdryck drickfärdig"
          ]
        }
      ]
    }
  },
  {
    "name": "Crème fraiche Lätt 13% 5dl ICA",
    "weightText": "0.5 l",
    "caPart": "",
    "weightValue": 0.5,
    "weightUnit": "l",
    "comparePrice": "61,00 kr/l",
    "currentPrice": 30.5,
    "attributes": [],
    "imgUrl": "https://handlaprivatkund.ica.se/images-v3/bf7a00ca-390e-4769-865f-dc369586872e/f4cb5c7e-ca4a-445f-958a-2133d29836f1/500x500.jpg",
    "productInformation": "ICA Crème fraîche Lätt passar dig som vill ha krämighet i maten, men samtidigt hålla nere lite på fetthalten. Crème fraîche Lätt gör sig bra i både varma och kalla rätter, eftersom den kan kokas.",
    "countryText": "",
    "companyText": "ICA",
    "ingrediensText": "Crème fraiche (högpastöriserad GRÄDDE*, stabiliseringsmedel (modifierad majsstärkelse, E412), syrningskultur). *Ursprung Sverige/Tyskland. Vid brist på svensk grädde används grädde från Tyskland.",
    "storage": "",
    "allergens": "",
    "usage": "",
    "nutrition": [
      {
        "Näringsvärde": "Energi (kcal)",
        "100 Gram": "150 kcal"
      },
      {
        "Näringsvärde": "Energi (kJ)",
        "100 Gram": "600 kJ"
      },
      {
        "Näringsvärde": "Fett",
        "100 Gram": "13 g"
      },
      {
        "Näringsvärde": "Varav fleromättat fett",
        "100 Gram": "0.4 g"
      },
      {
        "Näringsvärde": "Varav mättat fett",
        "100 Gram": "8.3 g"
      },
      {
        "Näringsvärde": "Varav enkelomättat fett",
        "100 Gram": "3.7 g"
      },
      {
        "Näringsvärde": "Kolhydrat",
        "100 Gram": "5.1 g"
      },
      {
        "Näringsvärde": "Varav sockerarter",
        "100 Gram": "3.2 g"
      },
      {
        "Näringsvärde": "Fiber",
        "100 Gram": "0 g"
      },
      {
        "Näringsvärde": "Protein",
        "100 Gram": "2.9 g"
      },
      {
        "Näringsvärde": "Salt",
        "100 Gram": "0.1 g"
      },
      {
        "Näringsvärde": "Vitamin A",
        "100 Gram": "140 µg"
      }
    ],
    "nutritionUnitText": "Näringsvärde per 100 gram",
    "categories": {
      "mainCategory": "Mejeri & Ost",
      "subCategories": [
        {
          "name": "Crème fraiche",
          "subSubCategories": [
            "Crème fraiche naturell"
          ]
        }
      ]
    }
  },
  {
    "name": "Färsk lättmjölk 0,5% 1,5l Arla Ko®",
    "weightText": "1.5 l",
    "caPart": "",
    "weightValue": 1.5,
    "weightUnit": "l",
    "comparePrice": "13,00 kr/l",
    "currentPrice": 19.5,
    "attributes": [
      "Nyckelhålet",
      "Ursprungsland Sverige"
    ],
    "imgUrl": "https://handlaprivatkund.ica.se/images-v3/bf7a00ca-390e-4769-865f-dc369586872e/247c3549-dd3c-4734-8d70-3c162f70dd43/500x500.jpg",
    "productInformation": "Färsk lättmjölk från Arla, gjord på svensk mjölk från Arlagårdar nu med ännu bättre djuromsorg hela året runt. Mjölken har en svagt söt, gräddig smak och njuts bäst kall. Lättmjölk är en måltidsdryck men passar också utmärkt efter träning och rekommenderas av näringsexperter. Arla Ko® färsk lättmjölk är en naturlig källa till bland annat protein, kalcium och vitamin B12. Protein bidrar till muskeluppbyggnad och kalcium behövs för att bibehålla en normal benstomme. Varumärket Arla Ko® garanterar att produkten är gjord på 100 procent svensk mjölk.",
    "countryText": "Sverige",
    "companyText": "Arla Ko",
    "ingrediensText": "MJÖLK, vitamin D. Lågpastöriserad.",
    "storage": "Lägsta förvaringstemperatur 2°C Högsta förvaringstemperatur 8°C",
    "allergens": "Innehåller Mjölk",
    "usage": "",
    "nutrition": [
      {
        "Näringsvärde": "Energi (kcal)",
        "100 Gram": "38 kcal"
      },
      {
        "Näringsvärde": "Energi (kJ)",
        "100 Gram": "160 kJ"
      },
      {
        "Näringsvärde": "Fett",
        "100 Gram": "0.5 g"
      },
      {
        "Näringsvärde": "Varav mättat fett",
        "100 Gram": "0.3 g"
      },
      {
        "Näringsvärde": "Kolhydrat",
        "100 Gram": "4.7 g"
      },
      {
        "Näringsvärde": "Varav sockerarter",
        "100 Gram": "4.7 g"
      },
      {
        "Näringsvärde": "Protein",
        "100 Gram": "3.6 g"
      },
      {
        "Näringsvärde": "Salt",
        "100 Gram": "0.09 g"
      },
      {
        "Näringsvärde": "Vitamin B12",
        "100 Gram": "0.4 µg",
        "% av DRI(*)": "16"
      },
      {
        "Näringsvärde": "Vitamin D",
        "100 Gram": "1 µg",
        "% av DRI(*)": "20"
      },
      {
        "Näringsvärde": "Riboflavin",
        "100 Gram": "0.14 mg",
        "% av DRI(*)": "10"
      },
      {
        "Näringsvärde": "Pantotensyra",
        "100 Gram": "0.5 mg",
        "% av DRI(*)": "8"
      },
      {
        "Näringsvärde": "Kalium",
        "100 Gram": "160 mg",
        "% av DRI(*)": "8"
      },
      {
        "Näringsvärde": "Klorid",
        "100 Gram": "92 mg",
        "% av DRI(*)": "12"
      },
      {
        "Näringsvärde": "Kalcium",
        "100 Gram": "124 mg",
        "% av DRI(*)": "16"
      },
      {
        "Näringsvärde": "Fosfor",
        "100 Gram": "139 mg",
        "% av DRI(*)": "20"
      },
      {
        "Näringsvärde": "Molybden",
        "100 Gram": "3.8 µg",
        "% av DRI(*)": "8"
      }
    ],
    "nutritionUnitText": "Näringsvärde per 100 gram",
    "categories": {
      "mainCategory": "Mejeri & Ost",
      "subCategories": [
        {
          "name": "Mjölk",
          "subSubCategories": [
            "Lättmjölk",
            "Lättmjölk, laktos"
          ]
        }
      ]
    }
  },
  {
    "name": "Mild Yoghurt Naturell 3% 1000g Arla Ko®",
    "weightText": "1 kg",
    "caPart": "",
    "weightValue": 1,
    "weightUnit": "kg",
    "comparePrice": "19,50 kr/kg",
    "currentPrice": 19.5,
    "attributes": [
      "Ursprungsland Sverige"
    ],
    "imgUrl": "https://handlaprivatkund.ica.se/images-v3/bf7a00ca-390e-4769-865f-dc369586872e/e50fd962-f11e-4f84-8fc4-be377ea3dd2f/500x500.jpg",
    "productInformation": "Naturell mild yoghurt från Arla, gjord på svensk mjölk från  Arlagårdar. Den har tjock och krämig konsistens och mild yoghurtarom. Arla mild naturell yoghurt är ett gott alternativ både till frukost och till mellanmål och är ännu godare med nötter, honung och färska bär. Arla Ko® garanterar att produkten görs på 100 procent svensk mjölk. I en praktisk förpackning som är lätt att förvara, hälla, tömma och återvinna. 1 000 g.",
    "countryText": "Sverige",
    "companyText": "Arla Ko",
    "ingrediensText": "Högpastöriserad MJÖLK, mild yoghurtkultur, vitamin D.",
    "storage": "",
    "allergens": "Innehåller Mjölk",
    "usage": "",
    "nutrition": [
      {
        "Näringsvärde": "Energi (kcal)",
        "100 Gram": "58 kcal"
      },
      {
        "Näringsvärde": "Energi (kJ)",
        "100 Gram": "245 kJ"
      },
      {
        "Näringsvärde": "Fett",
        "100 Gram": "3 g"
      },
      {
        "Näringsvärde": "Varav mättat fett",
        "100 Gram": "1.9 g"
      },
      {
        "Näringsvärde": "Kolhydrat",
        "100 Gram": "3.7 g"
      },
      {
        "Näringsvärde": "Varav sockerarter",
        "100 Gram": "3.7 g"
      },
      {
        "Näringsvärde": "Protein",
        "100 Gram": "3.5 g"
      },
      {
        "Näringsvärde": "Salt",
        "100 Gram": "0.09 g"
      },
      {
        "Näringsvärde": "Vitamin D",
        "100 Gram": "1 µg",
        "% av DRI(*)": "20"
      },
      {
        "Näringsvärde": "Kalcium",
        "100 Gram": "122 mg",
        "% av DRI(*)": "15"
      }
    ],
    "nutritionUnitText": "Näringsvärde per 100 gram",
    "categories": {
      "mainCategory": "Mejeri & Ost",
      "subCategories": [
        {
          "name": "Yoghurt",
          "subSubCategories": [
            "Naturell yoghurt"
          ]
        }
      ]
    }
  },
  {
    "name": "Standardmjölkdryck 3,0% Laktosfri 1,5l Arla Ko®",
    "weightText": "1.5 l",
    "caPart": "",
    "weightValue": 1.5,
    "weightUnit": "l",
    "comparePrice": "15,97 kr/l",
    "currentPrice": 23.95,
    "attributes": [
      "Ursprungsland Sverige",
      "Mjölk från Sverige",
      "Laktosfritt"
    ],
    "imgUrl": "https://handlaprivatkund.ica.se/images-v3/bf7a00ca-390e-4769-865f-dc369586872e/bed76bef-716a-4985-8586-2972fe7324e2/500x500.jpg",
    "productInformation": "Laktosfri mjölkdryck gjord på svensk mjölk från Arlagårdar. Mjölkdrycken är framtagen för vuxna och barn med laktosintolerans och är därför fri från laktos. Smaken är rund och fyllig med tydligt inslag av grädde vilket gör att den passar extra bra i kaffe, te och varm choklad. Mjölkdrycken passar också i matlagning, till bär och till din favoritgröt. Arla Ko® laktosfri mjölkdryck är en naturlig källa till bland annat protein, kalcium och vitamin B12. Protein bidrar till muskeluppbyggnad och kalcium behövs för att bibehålla en normal benstomme. Varumärket Arla Ko® garanterar att produkten är gjord på 100 procent svensk mjölk. \n \n Högpastöriserad.",
    "countryText": "Sverige",
    "companyText": "Arla Ko",
    "ingrediensText": "MJÖLK, laktasenzym, vitamin D.",
    "storage": "",
    "allergens": "",
    "usage": "",
    "nutrition": [
      {
        "Näringsvärde": "Energi (kcal)",
        "100 Gram": "50 kcal"
      },
      {
        "Näringsvärde": "Energi (kJ)",
        "100 Gram": "209 kJ"
      },
      {
        "Näringsvärde": "Fett",
        "100 Gram": "3 g"
      },
      {
        "Näringsvärde": "Varav mättat fett",
        "100 Gram": "1.9 g"
      },
      {
        "Näringsvärde": "Kolhydrat",
        "100 Gram": "2.5 g"
      },
      {
        "Näringsvärde": "Varav sockerarter",
        "100 Gram": "2.4 g"
      },
      {
        "Näringsvärde": "Protein",
        "100 Gram": "3.3 g"
      },
      {
        "Näringsvärde": "Salt",
        "100 Gram": "0.08 g"
      },
      {
        "Näringsvärde": "Vitamin B12",
        "100 Gram": "0.39 µg",
        "% av DRI(*)": "16"
      },
      {
        "Näringsvärde": "Vitamin D",
        "100 Gram": "1 µg",
        "% av DRI(*)": "20"
      },
      {
        "Näringsvärde": "Riboflavin",
        "100 Gram": "0.12 mg",
        "% av DRI(*)": "9"
      },
      {
        "Näringsvärde": "Kalcium",
        "100 Gram": "110 mg",
        "% av DRI(*)": "14"
      }
    ],
    "nutritionUnitText": "Näringsvärde per 100 gram",
    "categories": {
      "mainCategory": "Mejeri & Ost",
      "subCategories": [
        {
          "name": "Mjölk",
          "subSubCategories": [
            "Standardmjölk",
            "Standardmjölk, laktosfri"
          ]
        }
      ]
    }
  },
  {
    "name": "Havredryck Barista Glutenfri 3% 1l Oddlygood®",
    "weightText": "1 l",
    "caPart": "",
    "weightValue": 1,
    "weightUnit": "l",
    "comparePrice": "18,95 kr/l",
    "currentPrice": 18.95,
    "attributes": [
      "Glutenfritt"
    ],
    "imgUrl": "https://handlaprivatkund.ica.se/images-v3/bf7a00ca-390e-4769-865f-dc369586872e/09a27d90-af14-459a-b8c7-3f8ece7189e5/500x500.jpg",
    "productInformation": "Valio Oddlygood® Barista havredryck passar perfekt till kaffet. Den skummar fint, blandas med alla typer av kaffe från ljust filterkaffe till mörkrostat och ger en mjuk fyllighet utan att dölja kaffets egen smak. Smaken och egenskaperna har finslipats tillsammans med professionella baristor. Valio Oddlygood® Barista är 100 % växtbaserad och tillverkas i Finland av inhemsk glutenfri havre. Passar till en vegansk kost. Även god i matlagning och bakning! Skaka före användning.",
    "countryText": "",
    "companyText": "Oddlygood",
    "ingrediensText": "Vatten, glutenfritt HAVREMJÖL, rybsolja, surhetsreglerande medel (kaliumfosfater), kalcium, salt, jod, vitaminer (riboflavin (B2, B12 och D2).",
    "storage": "Oöppnad förpackning kan förvaras i rumstemperatur. Öppnad förpackning förvaras vid 0 – +6 °C och är hållbar 4–5 dagar i kylskåp.",
    "allergens": "",
    "usage": "",
    "nutrition": [
      {
        "Näringsvärde": "Energi (kcal)",
        "100 Milliliter": "58 kcal"
      },
      {
        "Näringsvärde": "Energi (kJ)",
        "100 Milliliter": "244 kJ"
      },
      {
        "Näringsvärde": "Fett",
        "100 Milliliter": "3 g"
      },
      {
        "Näringsvärde": "Varav mättat fett",
        "100 Milliliter": "0.3 g"
      },
      {
        "Näringsvärde": "Kolhydrat",
        "100 Milliliter": "6.6 g"
      },
      {
        "Näringsvärde": "Varav sockerarter",
        "100 Milliliter": "3.5 g"
      },
      {
        "Näringsvärde": "Fiber",
        "100 Milliliter": "0.4 g"
      },
      {
        "Näringsvärde": "Protein",
        "100 Milliliter": "1.2 g"
      },
      {
        "Näringsvärde": "Salt",
        "100 Milliliter": "0.1 g"
      },
      {
        "Näringsvärde": "Vitamin B12",
        "100 Milliliter": "0.4 µg",
        "% av DRI(*)": "16"
      },
      {
        "Näringsvärde": "Vitamin D",
        "100 Milliliter": "1 µg",
        "% av DRI(*)": "20"
      },
      {
        "Näringsvärde": "Riboflavin",
        "100 Milliliter": "0.21 mg",
        "% av DRI(*)": "15"
      },
      {
        "Näringsvärde": "Kalcium",
        "100 Milliliter": "120 mg",
        "% av DRI(*)": "15"
      },
      {
        "Näringsvärde": "Jod",
        "100 Milliliter": "22.5 µg",
        "% av DRI(*)": "15"
      }
    ],
    "nutritionUnitText": "Näringsvärde per 100 milliliter",
    "categories": {
      "mainCategory": "Mejeri & Ost",
      "subCategories": [
        {
          "name": "Mjölk",
          "subSubCategories": [
            "Mjölkfri dryck",
            "Havredryck"
          ]
        }
      ]
    }
  },
  {
    "name": "Mozzarella 125g Galbani",
    "weightText": "0.125 kg",
    "caPart": "",
    "weightValue": 0.125,
    "weightUnit": "kg",
    "comparePrice": "159,60 kr/kg u. spad",
    "currentPrice": 19.95,
    "attributes": [],
    "imgUrl": "https://handlaprivatkund.ica.se/images-v3/bf7a00ca-390e-4769-865f-dc369586872e/f27a0b36-a85b-46de-9b7b-daef059b7b34/500x500.jpg",
    "productInformation": "Färskost med mild smak. Passar till olika typer av gratänger och pastarätter. Prova att göra en vegetarisk lasagne och toppa med mozzarella.",
    "countryText": "",
    "companyText": "Galbani",
    "ingrediensText": "Pastöriserad KOMJÖLK, salt, löpe, surhetsreglerande medel: citronsyra.",
    "storage": "Kylvara +4°C / +8°C. Lägsta förvaringstemperatur 4°C Högsta förvaringstemperatur 8°C",
    "allergens": "",
    "usage": "",
    "nutrition": [
      {
        "Näringsvärde": "Energi (kcal)",
        "100 Gram": "238 kcal"
      },
      {
        "Näringsvärde": "Energi (kJ)",
        "100 Gram": "989 kJ"
      },
      {
        "Näringsvärde": "Fett",
        "100 Gram": "18 g"
      },
      {
        "Näringsvärde": "Varav mättat fett",
        "100 Gram": "13 g"
      },
      {
        "Näringsvärde": "Kolhydrat",
        "100 Gram": "2 g"
      },
      {
        "Näringsvärde": "Varav sockerarter",
        "100 Gram": "1 g"
      },
      {
        "Näringsvärde": "Protein",
        "100 Gram": "17 g"
      },
      {
        "Näringsvärde": "Salt",
        "100 Gram": "0.7 g"
      }
    ],
    "nutritionUnitText": "Näringsvärde per 100 gram",
    "categories": {
      "mainCategory": "Mejeri & Ost",
      "subCategories": [
        {
          "name": "Ost",
          "subSubCategories": [
            "Matlagningsost",
            "Mozzarella"
          ]
        }
      ]
    }
  },
  {
    "name": "Smör- & rapsolja flytande 5dl 80% Arla Köket®",
    "weightText": "0.5 l",
    "caPart": "",
    "weightValue": 0.5,
    "weightUnit": "l",
    "comparePrice": "57,00 kr/l",
    "currentPrice": 28.5,
    "attributes": [
      "Nyckelhålet",
      "Ursprungsland Sverige"
    ],
    "imgUrl": "https://handlaprivatkund.ica.se/images-v3/bf7a00ca-390e-4769-865f-dc369586872e/0647bd8f-c6ff-402f-a96b-8cf3266daac4/500x500.jpg",
    "productInformation": "Arla Köket® Smör- & rapsolja förhöjer smaken på allt du steker. Vår blandning av smörolja och rapsolja passar lika bra till pannkakor och köttbullar som till kött och fisk. Ska du smörja formar är Arla Smör- & rapsolja enkelt och bekvämt. Den är avsedd för stekning, men du kan även baka med flytande matfettsblaningen – framförallt matbröd, vetebröd och mjuka kakor. Till småkakor och pajdegar rekommenderas vanligt Svenskt Smör från Arla®. Arla Köket® Smör- & rapsolja har en tydlig smak av smör och är lätt att använda då den är flytande vid +8° C. Produkten är nyckelhålsmärkt.",
    "countryText": "Sverige",
    "companyText": "Arla Köket",
    "ingrediensText": "Rapsolja (67%), SKUMMJÖLK, SMÖROLJA (8%), sheaolja, kokosolja, mjölksyrakultur, salt, emulgeringsmedel (lecitin), vitamin A och D, naturlig arom.",
    "storage": "Lägsta förvaringstemperatur 2°C Högsta förvaringstemperatur 8°C",
    "allergens": "Innehåller Mjölk",
    "usage": "",
    "nutrition": [
      {
        "Näringsvärde": "Energi (kcal)",
        "100 Gram": "728 kcal"
      },
      {
        "Näringsvärde": "Energi (kJ)",
        "100 Gram": "2993 kJ"
      },
      {
        "Näringsvärde": "Fett",
        "100 Gram": "80 g"
      },
      {
        "Näringsvärde": "Varav fleromättat fett",
        "100 Gram": "20 g"
      },
      {
        "Näringsvärde": "Varav mättat fett",
        "100 Gram": "12 g"
      },
      {
        "Näringsvärde": "Varav enkelomättat fett",
        "100 Gram": "43 g"
      },
      {
        "Näringsvärde": "Kolhydrat",
        "100 Gram": "0.8 g"
      },
      {
        "Näringsvärde": "Varav sockerarter",
        "100 Gram": "0.8 g"
      },
      {
        "Näringsvärde": "Protein",
        "100 Gram": "0.5 g"
      },
      {
        "Näringsvärde": "Salt",
        "100 Gram": "0.9 g"
      },
      {
        "Näringsvärde": "Vitamin A",
        "100 Gram": "900 µg",
        "% av DRI(*)": "113"
      },
      {
        "Näringsvärde": "Vitamin D",
        "100 Gram": "20 µg",
        "% av DRI(*)": "400"
      }
    ],
    "nutritionUnitText": "Näringsvärde per 100 gram",
    "categories": {
      "mainCategory": "Mejeri & Ost",
      "subCategories": [
        {
          "name": "Smör & Margarin",
          "subSubCategories": [
            "Flytande smör & margarin"
          ]
        }
      ]
    }
  },
  {
    "name": "Cottage cheese Naturell 4% 500g KESO®",
    "weightText": "0.5 kg",
    "caPart": "",
    "weightValue": 0.5,
    "weightUnit": "kg",
    "comparePrice": "65,00 kr/kg",
    "currentPrice": 32.5,
    "attributes": [
      "Nyckelhålet",
      "Ursprungsland Sverige"
    ],
    "imgUrl": "https://handlaprivatkund.ica.se/images-v3/bf7a00ca-390e-4769-865f-dc369586872e/09685cb0-1b69-45c8-95a2-fc9a88a3e3f0/500x500.jpg",
    "productInformation": "Krämig färskost med grynig konsistens, tillverkad av svensk mjölk från Arlagårdar. För att bli krämig och smakrik blandas ostkornen med mjölk, grädde och lite salt. KESO® Cottage Cheese 4% är nyckelhålsmärkt och har ett naturligt högt proteininnehåll med 14g protein/100g vilket mättar bra. Ät som den är eller tillsammans med det du gillar. Använd som proteinrik huvudingrediens eller som tillbehör som röra, topping eller dipp vid matlagning och bakning. KESO® passar utmärkt som ett gott mellanmål, exempelvis vid träning. Symbolen med den blågula mjölkkannan garanterar 100 procent svensk mjölk. Kartongbägaren är gjord av FSC-märkt pappersfiber och har 60% lägre klimatpåverkan än tidigare plastbägare.",
    "countryText": "Sverige",
    "companyText": "Keso",
    "ingrediensText": "pastöriserad MJÖLK och GRÄDDE, salt, syrningskultur, ystenzym.",
    "storage": "Lägsta förvaringstemperatur 2°C Högsta förvaringstemperatur 8°C",
    "allergens": "Innehåller Mjölk",
    "usage": "",
    "nutrition": [
      {
        "Näringsvärde": "Energi (kcal)",
        "100 Gram": "93 kcal"
      },
      {
        "Näringsvärde": "Energi (kJ)",
        "100 Gram": "392 kJ"
      },
      {
        "Näringsvärde": "Fett",
        "100 Gram": "4 g"
      },
      {
        "Näringsvärde": "Varav mättat fett",
        "100 Gram": "2.6 g"
      },
      {
        "Näringsvärde": "Kolhydrat",
        "100 Gram": "1.6 g"
      },
      {
        "Näringsvärde": "Varav sockerarter",
        "100 Gram": "1.6 g"
      },
      {
        "Näringsvärde": "Protein",
        "100 Gram": "13 g"
      },
      {
        "Näringsvärde": "Salt",
        "100 Gram": "0.82 g"
      }
    ],
    "nutritionUnitText": "",
    "categories": {
      "mainCategory": "Mejeri & Ost",
      "subCategories": [
        {
          "name": "Cottage cheese",
          "subSubCategories": [
            "Cottage cheese naturell"
          ]
        }
      ]
    }
  },
  {
    "name": "Havredryck Naturell 1l ICA",
    "weightText": "1 l",
    "caPart": "",
    "weightValue": 1,
    "weightUnit": "l",
    "comparePrice": "16,50 kr/l",
    "currentPrice": 16.5,
    "attributes": [
      "Från Sverige",
      "Nyckelhålet",
      "Laktosfritt"
    ],
    "imgUrl": "https://handlaprivatkund.ica.se/images-v3/bf7a00ca-390e-4769-865f-dc369586872e/8107da7b-98cf-4fb3-a07c-87ff932b8c0a/500x500.jpg",
    "productInformation": "Med en krämig och lätt konsistens är vår havredryck det perfekta alternativet i din vardag. Fungerar oavsett om du är vegan, laktosintolerant eller bara älskar den milda smaken av havre. Vår havredyck är inte bara god att dricka som den är, den är också helt rätt till frukostflingorna eller i bröd- och bullbaket! För att inte tala om vad den kan göra med pannkassmeten - mmm! Tillverkad i Sverige på svensk havre.",
    "countryText": "",
    "companyText": "ICA",
    "ingrediensText": "INGREDIENSER: Vatten, HAVRE* 10%, rapsolja*, mineraler (kalcium, jod), salt, vitamin D2, riboflavin, vitamin B12. *Ursprung Sverige.",
    "storage": "Drycken är UHT-behandlad. Oöppnad förpackning kan förvaras i rumstemperatur. Öppnad förpackning förvaras kylt, max +8°C. Lägsta förvaringstemperatur 2°C Högsta förvaringstemperatur 20°C",
    "allergens": "Innehåller Spannmål som innehåller gluten",
    "usage": "",
    "nutrition": [
      {
        "Näringsvärde": "Energi (kcal)",
        "100 Milliliter": "48 kcal"
      },
      {
        "Näringsvärde": "Energi (kJ)",
        "100 Milliliter": "203 kJ"
      },
      {
        "Näringsvärde": "Fett",
        "100 Milliliter": "1.5 g"
      },
      {
        "Näringsvärde": "Varav mättat fett",
        "100 Milliliter": "0.2 g"
      },
      {
        "Näringsvärde": "Kolhydrat",
        "100 Milliliter": "7.2 g"
      },
      {
        "Näringsvärde": "Varav sockerarter",
        "100 Milliliter": "3.5 g"
      },
      {
        "Näringsvärde": "Fiber",
        "100 Milliliter": "0.8 g"
      },
      {
        "Näringsvärde": "Protein",
        "100 Milliliter": "1.1 g"
      },
      {
        "Näringsvärde": "Salt",
        "100 Milliliter": "0.1 g"
      },
      {
        "Näringsvärde": "Vitamin B12",
        "100 Milliliter": "0.38 µg",
        "% av DRI(*)": "15"
      },
      {
        "Näringsvärde": "Vitamin D",
        "100 Milliliter": "1.1 µg",
        "% av DRI(*)": "22"
      },
      {
        "Näringsvärde": "Riboflavin",
        "100 Milliliter": "0.21 mg",
        "% av DRI(*)": "15"
      },
      {
        "Näringsvärde": "Kalcium",
        "100 Milliliter": "120 mg",
        "% av DRI(*)": "15"
      },
      {
        "Näringsvärde": "Jod",
        "100 Milliliter": "22.5 µg",
        "% av DRI(*)": "15"
      }
    ],
    "nutritionUnitText": "Näringsvärde per 100 milliliter",
    "categories": {
      "mainCategory": "Mejeri & Ost",
      "subCategories": [
        {
          "name": "Mjölk",
          "subSubCategories": [
            "Mjölkfri dryck",
            "Havredryck"
          ]
        }
      ]
    }
  },
  {
    "name": "Färsk standardmjölk 3% 1l Arla Ko®",
    "weightText": "1 l",
    "caPart": "",
    "weightValue": 1,
    "weightUnit": "l",
    "comparePrice": "14,95 kr/l",
    "currentPrice": 14.95,
    "attributes": [
      "Ursprungsland Sverige"
    ],
    "imgUrl": "https://handlaprivatkund.ica.se/images-v3/bf7a00ca-390e-4769-865f-dc369586872e/57cdd033-126a-4e95-b644-90be42ac4f87/500x500.jpg",
    "productInformation": "Färsk mjölk från Arla, gjord på svensk mjölk från Arlagårdar nu med ännu bättre djuromsorg hela året runt. Standardmjölk har en rund och fyllig smak med tydligt inslag av grädde. Den goda smaken gör att mjölken passar extra bra i kaffe, te och choklad. Standardmjölk - röd mjölk - kan med fördel användas i matlagning, till bär och gröt. Arla Ko® färsk mjölk är en naturlig källa till bland annat protein, kalcium och vitamin B12. Protein bidrar till muskeluppbyggnad och kalcium behövs för att bibehålla en normal benstomme. Varumärket Arla Ko® garanterar att produkten är gjord på 100 procent svensk mjölk.",
    "countryText": "Sverige",
    "companyText": "Arla Ko",
    "ingrediensText": "MJÖLK, vitamin D. Lågpastöriserad.",
    "storage": "Lägsta förvaringstemperatur 2°C Högsta förvaringstemperatur 8°C",
    "allergens": "",
    "usage": "",
    "nutrition": [
      {
        "Näringsvärde": "Energi (kcal)",
        "100 Gram": "59 kcal"
      },
      {
        "Näringsvärde": "Energi (kJ)",
        "100 Gram": "248 kJ"
      },
      {
        "Näringsvärde": "Fett",
        "100 Gram": "3 g"
      },
      {
        "Näringsvärde": "Varav mättat fett",
        "100 Gram": "1.9 g"
      },
      {
        "Näringsvärde": "Kolhydrat",
        "100 Gram": "4.6 g"
      },
      {
        "Näringsvärde": "Varav sockerarter",
        "100 Gram": "4.6 g"
      },
      {
        "Näringsvärde": "Protein",
        "100 Gram": "3.5 g"
      },
      {
        "Näringsvärde": "Salt",
        "100 Gram": "0.09 g"
      },
      {
        "Näringsvärde": "Vitamin B12",
        "100 Gram": "0.4 µg",
        "% av DRI(*)": "16"
      },
      {
        "Näringsvärde": "Vitamin D",
        "100 Gram": "1 µg",
        "% av DRI(*)": "20"
      },
      {
        "Näringsvärde": "Riboflavin",
        "100 Gram": "0.14 mg",
        "% av DRI(*)": "10"
      },
      {
        "Näringsvärde": "Pantotensyra",
        "100 Gram": "0.5 mg",
        "% av DRI(*)": "8"
      },
      {
        "Näringsvärde": "Kalium",
        "100 Gram": "160 mg",
        "% av DRI(*)": "8"
      },
      {
        "Näringsvärde": "Klorid",
        "100 Gram": "92 mg",
        "% av DRI(*)": "12"
      },
      {
        "Näringsvärde": "Kalcium",
        "100 Gram": "124 mg",
        "% av DRI(*)": "16"
      },
      {
        "Näringsvärde": "Fosfor",
        "100 Gram": "139 mg",
        "% av DRI(*)": "20"
      },
      {
        "Näringsvärde": "Molybden",
        "100 Gram": "3.8 µg",
        "% av DRI(*)": "8"
      }
    ],
    "nutritionUnitText": "Näringsvärde per 100 gram",
    "categories": {
      "mainCategory": "Mejeri & Ost",
      "subCategories": [
        {
          "name": "Mjölk",
          "subSubCategories": [
            "Standardmjölk",
            "Standardmjölk, laktos"
          ]
        }
      ]
    }
  },
  {
    "name": "Tacoost Riven 150g ICA",
    "weightText": "0.15 kg",
    "caPart": "",
    "weightValue": 0.15,
    "weightUnit": "kg",
    "comparePrice": "163,33 kr/kg",
    "currentPrice": 24.5,
    "attributes": [],
    "imgUrl": "https://handlaprivatkund.ica.se/images-v3/bf7a00ca-390e-4769-865f-dc369586872e/d0ca0693-2d32-44b3-b930-e2c5a60fe9ed/500x500.jpg",
    "productInformation": "ICA Tacoost Riven är en extra smakrik ostblandning med lite nötaktig ton, vilket gör att den passar i de flesta mexikanska rätterna, till exempel tacos, fajitas och burritos. ¡Arriba!",
    "countryText": "",
    "companyText": "ICA",
    "ingrediensText": "Pastöriserad MJÖLK*, majsstärkelse, salt, syrningskultur, mjölkkoagulerande enzym (mikrobiellt). *Ursprung EU",
    "storage": "",
    "allergens": "",
    "usage": "",
    "nutrition": [
      {
        "Näringsvärde": "Energi (kcal)",
        "100 Gram": "340 kcal"
      },
      {
        "Näringsvärde": "Energi (kJ)",
        "100 Gram": "1450 kJ"
      },
      {
        "Näringsvärde": "Fett",
        "100 Gram": "27 g"
      },
      {
        "Näringsvärde": "Varav mättat fett",
        "100 Gram": "19 g"
      },
      {
        "Näringsvärde": "Kolhydrat",
        "100 Gram": "1.9 g"
      },
      {
        "Näringsvärde": "Varav sockerarter",
        "100 Gram": "0 g"
      },
      {
        "Näringsvärde": "Protein",
        "100 Gram": "24 g"
      },
      {
        "Näringsvärde": "Salt",
        "100 Gram": "1.5 g"
      }
    ],
    "nutritionUnitText": "Näringsvärde per 100 gram",
    "categories": {
      "mainCategory": "Mejeri & Ost",
      "subCategories": [
        {
          "name": "Ost",
          "subSubCategories": [
            "Matlagningsost",
            "Riven ost"
          ]
        }
      ]
    }
  },
  {
    "name": "Präst® ost mellan 31% ca 720g Arla Ko®",
    "weightText": "Ca 0.72 kg",
    "caPart": "Ca",
    "weightValue": 0.72,
    "weightUnit": "kg",
    "comparePrice": "136,00 kr/kg",
    "currentPrice": 97.92,
    "attributes": [
      "Ursprungsland Sverige",
      "Mjölk från Sverige"
    ],
    "imgUrl": "https://handlaprivatkund.ica.se/images-v3/bf7a00ca-390e-4769-865f-dc369586872e/17c8b66f-05a4-4c71-b671-ce49f8a287d0/500x500.jpg",
    "productInformation": "Vår goda Arla Ko® Präst® är en härligt gräddig ost, med inslag av sälta, behaglig beska och sötma. Osten passar perfekt som pålägg eller på din lasagne. Präst® har sina rötter i 1700-talets Småland. Namnet kommer av att osten fungerade som betalningsmedel när det var dags att betala kyrkoskatt till prästen. Vid ystningen tillsatte man lite extra grädde för att blidka prästen och än i dag är Präst® lite fetare än andra ostar. Vår Arla Ko® Präst® görs på Kalmar mejeri på färsk mjölk från Öland och Småland. Varumärket Arla Ko® garanterar att osten är gjord på 100 procent svensk mjölk.",
    "countryText": "Sverige",
    "companyText": "Arla Ko",
    "ingrediensText": "Pastöriserad MJÖLK, salt, syrningskultur, ystenzym, kalciumklorid, konserveringsmedel E202.",
    "storage": "",
    "allergens": "",
    "usage": "",
    "nutrition": [
      {
        "Näringsvärde": "Energi (kcal)",
        "100 Gram": "384 kcal"
      },
      {
        "Näringsvärde": "Energi (kJ)",
        "100 Gram": "1594 kJ"
      },
      {
        "Näringsvärde": "Fett",
        "100 Gram": "31 g"
      },
      {
        "Näringsvärde": "Varav mättat fett",
        "100 Gram": "20 g"
      },
      {
        "Näringsvärde": "Kolhydrat",
        "100 Gram": "0 g"
      },
      {
        "Näringsvärde": "Varav sockerarter",
        "100 Gram": "0 g"
      },
      {
        "Näringsvärde": "Protein",
        "100 Gram": "25 g"
      },
      {
        "Näringsvärde": "Salt",
        "100 Gram": "1.2 g"
      },
      {
        "Näringsvärde": "Vitamin B12",
        "100 Gram": "1.4 µg",
        "% av DRI(*)": "56"
      },
      {
        "Näringsvärde": "Kalcium",
        "100 Gram": "756 mg",
        "% av DRI(*)": "95"
      }
    ],
    "nutritionUnitText": "Näringsvärde per 100 gram",
    "categories": {
      "mainCategory": "Mejeri & Ost",
      "subCategories": [
        {
          "name": "Ost",
          "subSubCategories": [
            "Påläggsost",
            "Präst & svecia"
          ]
        }
      ]
    }
  },
  {
    "name": "Lättmjölkdryck 0,5% Laktosfri 1,5l Arla Ko®",
    "weightText": "1.5 l",
    "caPart": "",
    "weightValue": 1.5,
    "weightUnit": "l",
    "comparePrice": "15,97 kr/l",
    "currentPrice": 23.95,
    "attributes": [
      "Nyckelhålet",
      "Ursprungsland Sverige",
      "Mjölk från Sverige",
      "Laktosfritt"
    ],
    "imgUrl": "https://handlaprivatkund.ica.se/images-v3/bf7a00ca-390e-4769-865f-dc369586872e/d20a51f5-5444-4326-9631-1089c37e0808/500x500.jpg",
    "productInformation": "Laktosfri lättmjölkdryck gjord på svensk mjölk från Arlagårdar. Lättmjölkdrycken är framtagen för vuxna och barn med laktosintolerans och är därför fri från laktos. Den har en svagt söt och gräddig smak som bäst njuts kall och är en måltidsdryck som även passar utmärkt efter träning och rekommenderas av näringsexperter. Arla Ko® laktosfri lättmjölkdryck är en naturlig källa till bland annat protein, kalcium och vitamin B12. Protein bidrar till muskeluppbyggnad och kalcium behövs för att bibehålla en normal benstomme. Varumärket Arla Ko® garanterar att produkten är gjord på 100 procent svensk mjölk. \n \n Högpastöriserad.",
    "countryText": "Sverige",
    "companyText": "Arla Ko",
    "ingrediensText": "MJÖLK, laktasenzym, vitamin D.",
    "storage": "Lägsta förvaringstemperatur 2°C Högsta förvaringstemperatur 8°C",
    "allergens": "",
    "usage": "",
    "nutrition": [
      {
        "Näringsvärde": "Energi (kcal)",
        "100 Gram": "28 kcal"
      },
      {
        "Näringsvärde": "Energi (kJ)",
        "100 Gram": "118 kJ"
      },
      {
        "Näringsvärde": "Fett",
        "100 Gram": "0.5 g"
      },
      {
        "Näringsvärde": "Varav mättat fett",
        "100 Gram": "0.3 g"
      },
      {
        "Näringsvärde": "Kolhydrat",
        "100 Gram": "2.4 g"
      },
      {
        "Näringsvärde": "Varav sockerarter",
        "100 Gram": "2.4 g"
      },
      {
        "Näringsvärde": "Protein",
        "100 Gram": "3.4 g"
      },
      {
        "Näringsvärde": "Salt",
        "100 Gram": "0.08 g"
      },
      {
        "Näringsvärde": "Vitamin B12",
        "100 Gram": "0.4 µg",
        "% av DRI(*)": "16"
      },
      {
        "Näringsvärde": "Vitamin D",
        "100 Gram": "1 µg",
        "% av DRI(*)": "20"
      },
      {
        "Näringsvärde": "Riboflavin",
        "100 Gram": "0.13 mg",
        "% av DRI(*)": "9"
      },
      {
        "Näringsvärde": "Kalcium",
        "100 Gram": "113 mg",
        "% av DRI(*)": "14"
      }
    ],
    "nutritionUnitText": "Näringsvärde per 100 gram",
    "categories": {
      "mainCategory": "Mejeri & Ost",
      "subCategories": [
        {
          "name": "Mjölk",
          "subSubCategories": [
            "Lättmjölk",
            "Lättmjölk, laktosfri"
          ]
        }
      ]
    }
  },
  {
    "name": "Mellanmål Hallon 175g Risifrutti",
    "weightText": "0.175 kg",
    "caPart": "",
    "weightValue": 0.175,
    "weightUnit": "kg",
    "comparePrice": "71,43 kr/kg",
    "currentPrice": 12.5,
    "attributes": [],
    "imgUrl": "https://handlaprivatkund.ica.se/images-v3/bf7a00ca-390e-4769-865f-dc369586872e/0535c382-88ae-4e6b-bada-62a20bd78c21/500x500.jpg",
    "productInformation": "Risifrutti hallon är ett enkelt och mättande mellanmål som innehåller en bas av krämig risgröt med smak av vanilj, mjölk och grädde. I den här varianten finns det med en syrlig hallonsylt eller bärsås gjord på hallon som man också kallar den.Risifrutti är en vardagshjälte som är perfekt att ha hemma i kylskåpet eller att packa med i väskan som ett snabbt mellanmål.Historien om Risifrutti började 1993 och sedan dess är det ett älskat mellanmål hos både stora och små. Produkterna är kända för sin goda smak och naturliga råvaror. Risgröten tillverkas i Örebro och de goda frukt- och bärsåserna tillverkas i Kumla. För att läsa mer om Risifrutti besök risifrutti.se",
    "countryText": "",
    "companyText": "RisiFrutti",
    "ingrediensText": "MJÖLK/MÆLK, vatten/vand, ris (8,5%), socker (6,7%), hallon/hindbær (6%), GRÄDDE/FLØDE, förtjockningsmedel/fortykningsmiddel (pektin, karragenan), naturliga aromer (bl.a. vanillin), salt, syra (citronsyra).",
    "storage": "I kylskåp 2-8 °C",
    "allergens": "",
    "usage": "",
    "nutrition": [
      {
        "Näringsvärde": "Energi (kcal)",
        "100 Gram": "111 kcal"
      },
      {
        "Näringsvärde": "Energi (kJ)",
        "100 Gram": "463 kJ"
      },
      {
        "Näringsvärde": "Fett",
        "100 Gram": "3.3 g"
      },
      {
        "Näringsvärde": "Varav mättat fett",
        "100 Gram": "2.1 g"
      },
      {
        "Näringsvärde": "Kolhydrat",
        "100 Gram": "17 g"
      },
      {
        "Näringsvärde": "Varav sockerarter",
        "100 Gram": "10 g"
      },
      {
        "Näringsvärde": "Protein",
        "100 Gram": "3.1 g"
      },
      {
        "Näringsvärde": "Salt",
        "100 Gram": "0.15 g"
      }
    ],
    "nutritionUnitText": "Näringsvärde per 100 gram",
    "categories": {
      "mainCategory": "Mejeri & Ost",
      "subCategories": [
        {
          "name": "Kylda mellanmål & desserter",
          "subSubCategories": [
            "Kylda mellanmål",
            "Rismål, laktos"
          ]
        }
      ]
    }
  },
  {
    "name": "Mellanmål Jordgubb 165g Mannafrutti",
    "weightText": "0.165 kg",
    "caPart": "",
    "weightValue": 0.165,
    "weightUnit": "kg",
    "comparePrice": "75,76 kr/kg",
    "currentPrice": 12.5,
    "attributes": [],
    "imgUrl": "https://handlaprivatkund.ica.se/images-v3/bf7a00ca-390e-4769-865f-dc369586872e/ea58009c-6fe2-4e10-872a-c0ab16a058c0/500x500.jpg",
    "productInformation": "Mannafrutti är ett mellanmål som helt enkelt är gjord på mannagryn istället för ris. Mannafrutti är gjord på en bas av naturliga ingredienser från mjölk, grädde, mannagryn, frukt & bär. Resultatet är en len mannagröt som blir oemotståndligt god tillsammans med de friska frukt & bärsåserna! Mannafrutti innehåller självklart också svensk mjölk och grädde, och tillverkas i Örebro. Jordgubbssmaken är den största favoriten i sortimentet.",
    "countryText": "",
    "companyText": "RisiFrutti",
    "ingrediensText": "MJÖLK/MÆLK, GRÄDDE/FLØDE, vatten, socker (9%), jordgubbar/jordbær (7%), MANNAGRYN AV VETE/HVEDE (4%), förtjockningsmedel/fortykningsmiddel (pektin, karragenan), fläderbärs/hyldebærjuice, VETESTÄRKELSE/HVEDESTIVELSE, naturliga aromer (bl.a. vanillin), syra (citronsyra), salt.",
    "storage": "I kylskåp 2-8 °C",
    "allergens": "",
    "usage": "",
    "nutrition": [
      {
        "Näringsvärde": "Energi (kcal)",
        "100 Gram": "138 kcal"
      },
      {
        "Näringsvärde": "Energi (kJ)",
        "100 Gram": "578 kJ"
      },
      {
        "Näringsvärde": "Fett",
        "100 Gram": "7.2 g"
      },
      {
        "Näringsvärde": "Varav mättat fett",
        "100 Gram": "4.9 g"
      },
      {
        "Näringsvärde": "Kolhydrat",
        "100 Gram": "16 g"
      },
      {
        "Näringsvärde": "Varav sockerarter",
        "100 Gram": "13 g"
      },
      {
        "Näringsvärde": "Protein",
        "100 Gram": "2.8 g"
      },
      {
        "Näringsvärde": "Salt",
        "100 Gram": "0.1 g"
      }
    ],
    "nutritionUnitText": "Näringsvärde per 100 gram",
    "categories": {
      "mainCategory": "Mejeri & Ost",
      "subCategories": [
        {
          "name": "Kylda mellanmål & desserter",
          "subSubCategories": [
            "Kylda mellanmål",
            "Rismål, laktos"
          ]
        }
      ]
    }
  },
  {
    "name": "Yoghurt Original Jordgubb & Smultron 2% 1000g Yoggi®",
    "weightText": "1 kg",
    "caPart": "",
    "weightValue": 1,
    "weightUnit": "kg",
    "comparePrice": "28,95 kr/kg",
    "currentPrice": 28.95,
    "attributes": [
      "FSC, Forest Stewardship Council",
      "Ursprungsland Sverige"
    ],
    "imgUrl": "https://handlaprivatkund.ica.se/images-v3/bf7a00ca-390e-4769-865f-dc369586872e/6582ea70-d8be-4936-aae6-d7bdc458c5c0/500x500.jpg",
    "productInformation": "Njut av lyxigt krämig yoghurt rik på frukt. Arla Yoggi® Original jordgubb & smultron görs på naturliga råvaror med mild, rund smak av äkta jordgubbar och smultron. Smaken är 100 procent naturlig och det är frukten som skänker yoghurten den fina färgen. Yoggi yoghurt passar hela familjen och kan njutas till frukoststunden, som ett snabbt mellanmål eller enkel efterrätt.",
    "countryText": "Sverige",
    "companyText": "Yoggi",
    "ingrediensText": "MJÖLK, bär 8% (jordgubbar 7 %, smultron 1 %), socker 7,5 %, MJÖLKPROTEIN, majsstärkelse, naturlig arom, yoghurtkultur, vitamin D. Mjölken är högpastöriserad.",
    "storage": "",
    "allergens": "",
    "usage": "",
    "nutrition": [
      {
        "Näringsvärde": "Energi (kcal)",
        "100 Gram": "80 kcal"
      },
      {
        "Näringsvärde": "Energi (kJ)",
        "100 Gram": "350 kJ"
      },
      {
        "Näringsvärde": "Fett",
        "100 Gram": "2.1 g"
      },
      {
        "Näringsvärde": "Varav mättat fett",
        "100 Gram": "1.3 g"
      },
      {
        "Näringsvärde": "Kolhydrat",
        "100 Gram": "11 g"
      },
      {
        "Näringsvärde": "Varav sockerarter",
        "100 Gram": "11 g"
      },
      {
        "Näringsvärde": "Protein",
        "100 Gram": "3.3 g"
      },
      {
        "Näringsvärde": "Salt",
        "100 Gram": "0.1 g"
      },
      {
        "Näringsvärde": "Vitamin D",
        "100 Gram": "0.93 µg",
        "% av DRI(*)": "19"
      }
    ],
    "nutritionUnitText": "Näringsvärde per 100 gram",
    "categories": {
      "mainCategory": "Mejeri & Ost",
      "subCategories": [
        {
          "name": "Yoghurt",
          "subSubCategories": [
            "Smaksatt yoghurt"
          ]
        }
      ]
    }
  },
  {
    "name": "Vispgrädde 36% 5dl Arla Köket®",
    "weightText": "0.5 l",
    "caPart": "",
    "weightValue": 0.5,
    "weightUnit": "l",
    "comparePrice": "75,00 kr/l",
    "currentPrice": 37.5,
    "attributes": [
      "Ursprungsland Sverige"
    ],
    "imgUrl": "https://handlaprivatkund.ica.se/images-v3/bf7a00ca-390e-4769-865f-dc369586872e/baa26f49-046a-4b88-b71a-cc9e9c1d143e/500x500.jpg",
    "productInformation": "Arla Köket® Vispgrädde 36% har en behagligt frisk smak av grädde och mjuk, krämig och len konsistens. Vispgrädde både förstärker och rundar av smaken vilket gör den idealisk till vardagsmatlagning, bakning och desserter. Även en liten mängd grädde i mat gör stor skillnad för smaken. Produkten har längre hållbarhet och en praktisk återförslutningsbar förpackning med skruvkork och håller sig fräsch och god flera dagar efter den öppnats. Symbolen med den blågula gräddkannan garanterar 100 procent svensk grädde.",
    "countryText": "Sverige",
    "companyText": "Arla Köket",
    "ingrediensText": "Pastöriserad GRÄDDE, stabiliseringsmedel (karragenan).",
    "storage": "",
    "allergens": "Innehåller Mjölk",
    "usage": "",
    "nutrition": [
      {
        "Näringsvärde": "Energi (kcal)",
        "100 Gram": "340 kcal"
      },
      {
        "Näringsvärde": "Energi (kJ)",
        "100 Gram": "1400 kJ"
      },
      {
        "Näringsvärde": "Fett",
        "100 Gram": "36 g"
      },
      {
        "Näringsvärde": "Varav mättat fett",
        "100 Gram": "23 g"
      },
      {
        "Näringsvärde": "Kolhydrat",
        "100 Gram": "2.9 g"
      },
      {
        "Näringsvärde": "Varav sockerarter",
        "100 Gram": "2.9 g"
      },
      {
        "Näringsvärde": "Protein",
        "100 Gram": "2.3 g"
      },
      {
        "Näringsvärde": "Salt",
        "100 Gram": "0.1 g"
      },
      {
        "Näringsvärde": "Vitamin A",
        "100 Gram": "330 µg",
        "% av DRI(*)": "41"
      },
      {
        "Näringsvärde": "Vitamin B12",
        "100 Gram": "0.39 µg",
        "% av DRI(*)": "16"
      }
    ],
    "nutritionUnitText": "Näringsvärde per 100 gram",
    "categories": {
      "mainCategory": "Mejeri & Ost",
      "subCategories": [
        {
          "name": "Grädde",
          "subSubCategories": [
            "Vispgrädde"
          ]
        }
      ]
    }
  },
  {
    "name": "Lättyoghurt Naturell Mild 0,5% 1000g Arla Ko®",
    "weightText": "1 kg",
    "caPart": "",
    "weightValue": 1,
    "weightUnit": "kg",
    "comparePrice": "19,50 kr/kg",
    "currentPrice": 19.5,
    "attributes": [
      "Nyckelhålet",
      "Ursprungsland Sverige"
    ],
    "imgUrl": "https://handlaprivatkund.ica.se/images-v3/bf7a00ca-390e-4769-865f-dc369586872e/baedb2e7-7970-4e18-abd3-a68e79a5329d/500x500.jpg",
    "productInformation": "Mild naturell lättyoghurt med krämig konsistens. Arlas lättyoghurt är nyckelhålsmärkt, med sin låga fetthalt är den ett utmärkt val när du vill äta nyttigt utan att behöva göra avkall på den goda smaken. Arla mild lättyoghurt naturell passar bra till både frukost och mellanmål. Ät den som den är eller tillsammans med müsli, flingor, frukt och bär. Varumärket Arla Ko® garanterar att produkten är gjord på 100 procent svensk mjölk. I en praktisk?förpackning som?är lätt att förvara, tömma och återvinna.",
    "countryText": "Sverige",
    "companyText": "Arla Ko",
    "ingrediensText": "Högpastöriserad MJÖLK, MJÖLKPROTEIN, mild yoghurtkultur, vitamin D.",
    "storage": "",
    "allergens": "Innehåller Mjölk",
    "usage": "",
    "nutrition": [
      {
        "Näringsvärde": "Energi (kcal)",
        "100 Gram": "39 kcal"
      },
      {
        "Näringsvärde": "Energi (kJ)",
        "100 Gram": "166 kJ"
      },
      {
        "Näringsvärde": "Fett",
        "100 Gram": "0.5 g"
      },
      {
        "Näringsvärde": "Varav mättat fett",
        "100 Gram": "0.3 g"
      },
      {
        "Näringsvärde": "Kolhydrat",
        "100 Gram": "3.9 g"
      },
      {
        "Näringsvärde": "Varav sockerarter",
        "100 Gram": "3.9 g"
      },
      {
        "Näringsvärde": "Protein",
        "100 Gram": "4.1 g"
      },
      {
        "Näringsvärde": "Salt",
        "100 Gram": "0.09 g"
      },
      {
        "Näringsvärde": "Vitamin D",
        "100 Gram": "1 µg",
        "% av DRI(*)": "20"
      },
      {
        "Näringsvärde": "Kalcium",
        "100 Gram": "128 mg",
        "% av DRI(*)": "16"
      }
    ],
    "nutritionUnitText": "Näringsvärde per 100 gram",
    "categories": {
      "mainCategory": "Mejeri & Ost",
      "subCategories": [
        {
          "name": "Yoghurt",
          "subSubCategories": [
            "Naturell yoghurt"
          ]
        }
      ]
    }
  },
  {
    "name": "Jäst för söta degar 50g Kronjäst",
    "weightText": "0.05 kg",
    "caPart": "",
    "weightValue": 0.05,
    "weightUnit": "kg",
    "comparePrice": "70,00 kr/kg",
    "currentPrice": 3.5,
    "attributes": [],
    "imgUrl": "https://handlaprivatkund.ica.se/images-v3/bf7a00ca-390e-4769-865f-dc369586872e/32a92bad-9e5e-4820-aa45-6bfd0d0d86a6/500x500.jpg",
    "productInformation": "Svensk färsk jäst som har optimal jäskraft i söta degar (en deg med mer än 2,5 msk socker per 14 dl mjöl, t.ex. vetebröd). Jästcellerna i ett paket KronJäst för Söta Degar arbetar bäst tillsammans med socker och mindre effektivt i degar utan tillsatt socker.",
    "countryText": "",
    "companyText": "Kronjäst",
    "ingrediensText": "Jäst",
    "storage": "Färskjäst består av levande mikroorganismer och är därför en färskvara. All färskjäst måste förvaras kallt för att behålla sina egenskaper. Förvaringstemperatur 0 till + 8°C, ju kallare desto bättre. Lägsta förvaringstemperatur 0°C Högsta förvaringstemperatur 8°C",
    "allergens": "",
    "usage": "",
    "nutrition": [
      {
        "Näringsvärde": "Energi (kcal)",
        "100 Gram": "108 kcal"
      },
      {
        "Näringsvärde": "Energi (kJ)",
        "100 Gram": "452 kJ"
      },
      {
        "Näringsvärde": "Fett",
        "100 Gram": "1.7 g"
      },
      {
        "Näringsvärde": "Varav mättat fett",
        "100 Gram": "0.3 g"
      },
      {
        "Näringsvärde": "Kolhydrat",
        "100 Gram": "6 g"
      },
      {
        "Näringsvärde": "Varav sockerarter",
        "100 Gram": "4.4 g"
      },
      {
        "Näringsvärde": "Fiber",
        "100 Gram": "8.1 g"
      },
      {
        "Näringsvärde": "Protein",
        "100 Gram": "13 g"
      },
      {
        "Näringsvärde": "Salt",
        "100 Gram": "0.05 g"
      }
    ],
    "nutritionUnitText": "Näringsvärde per 100 gram",
    "categories": {
      "mainCategory": "Jul",
      "subCategories": [
        {
          "name": "Julbak",
          "subSubCategories": [
            "Saffran & Bullbak"
          ]
        }
      ]
    }
  },
  {
    "name": "Vaniljyoghurt mild 2% 1000g Arla Ko®",
    "weightText": "1 kg",
    "caPart": "",
    "weightValue": 1,
    "weightUnit": "kg",
    "comparePrice": "24,50 kr/kg",
    "currentPrice": 24.5,
    "attributes": [
      "Ursprungsland Sverige"
    ],
    "imgUrl": "https://handlaprivatkund.ica.se/images-v3/bf7a00ca-390e-4769-865f-dc369586872e/11df24ef-867e-467c-a8a0-df23e0e10012/500x500.jpg",
    "productInformation": "Mild vaniljyoghurt med en len och krämig konsistens kombinerat med en fin, mjuk smak. Arla Ko® Mild yoghurt vanilj 2% räddar både frukost och mellanmål för hela familjen. God som den är, kombinera gärna med dina favorittillbehör som müsli, flingor, frukt eller bär. Vaniljyoghurt är en perfekt bas till smoothies. När du ser Arla Ko vet du att produkten görs på 100 procent svensk mjölk. I en praktisk förpackning som är enkel att förvara, hälla ur, tömma och återvinna.",
    "countryText": "Sverige",
    "companyText": "Arla Ko",
    "ingrediensText": "Högpastöriserad MJÖLK, socker 5%, MJÖLKPROTEIN, naturlig arom, vaniljextrakt, mild yoghurtkultur, vitamin D.",
    "storage": "",
    "allergens": "",
    "usage": "",
    "nutrition": [
      {
        "Näringsvärde": "Energi (kcal)",
        "100 Gram": "70 kcal"
      },
      {
        "Näringsvärde": "Energi (kJ)",
        "100 Gram": "297 kJ"
      },
      {
        "Näringsvärde": "Fett",
        "100 Gram": "2 g"
      },
      {
        "Näringsvärde": "Varav mättat fett",
        "100 Gram": "1.3 g"
      },
      {
        "Näringsvärde": "Kolhydrat",
        "100 Gram": "8.5 g"
      },
      {
        "Näringsvärde": "Varav sockerarter",
        "100 Gram": "8.5 g"
      },
      {
        "Näringsvärde": "Protein",
        "100 Gram": "3.9 g"
      },
      {
        "Näringsvärde": "Salt",
        "100 Gram": "0.08 g"
      },
      {
        "Näringsvärde": "Vitamin D",
        "100 Gram": "1 µg",
        "% av DRI(*)": "20"
      },
      {
        "Näringsvärde": "Kalcium",
        "100 Gram": "119 mg",
        "% av DRI(*)": "15"
      }
    ],
    "nutritionUnitText": "Näringsvärde per 100 gram",
    "categories": {
      "mainCategory": "Mejeri & Ost",
      "subCategories": [
        {
          "name": "Yoghurt",
          "subSubCategories": [
            "Smaksatt yoghurt"
          ]
        }
      ]
    }
  },
  {
    "name": "Mellanmjölkdryck Laktosfri 1,5% 1l ICA",
    "weightText": "1 l",
    "caPart": "",
    "weightValue": 1,
    "weightUnit": "l",
    "comparePrice": "19,50 kr/l",
    "currentPrice": 19.5,
    "attributes": [
      "Från Sverige",
      "Ursprungsland Sverige",
      "Laktosfritt"
    ],
    "imgUrl": "https://handlaprivatkund.ica.se/images-v3/bf7a00ca-390e-4769-865f-dc369586872e/f92f85ff-102d-4880-a724-82ae3af672c4/500x500.jpg",
    "productInformation": "ICA Mellanmjölkdryck Laktosfri passar dig som är laktosintolerant och är, precis som vanlig mjölk, god till nybakade bullar eller i morgonkaffet. Den är gjord på mjölk från svenska gårdar.",
    "countryText": "Sverige",
    "companyText": "ICA",
    "ingrediensText": "Högpastöriserad mjölk, laktasenzym, vitamin D.",
    "storage": "",
    "allergens": "",
    "usage": "",
    "nutrition": [],
    "nutritionUnitText": "Näringsvärde per styck",
    "categories": {
      "mainCategory": "Mejeri & Ost",
      "subCategories": [
        {
          "name": "Mjölk",
          "subSubCategories": [
            "Mellanmjölk",
            "Mellanmjölk, laktosfri"
          ]
        }
      ]
    }
  },
  {
    "name": "Hamburgerost cheddarsmak 200g ICA",
    "weightText": "0.2 kg",
    "caPart": "",
    "weightValue": 0.2,
    "weightUnit": "kg",
    "comparePrice": "134,75 kr/kg",
    "currentPrice": 26.95,
    "attributes": [],
    "imgUrl": "https://handlaprivatkund.ica.se/images-v3/bf7a00ca-390e-4769-865f-dc369586872e/ac669e9b-ac09-44ad-8404-d4a627afda65/500x500.jpg",
    "productInformation": "ICA Hamburgerost Cheddarsmak tar den hemgjorda burgaren till en ny nivå. Lägg osten på burgaren i pannan eller grillen och låt den steka med en stund så den smälter ordentligt. Komplettera sen med andra tillbehör – eller njut den precis som den är, ostigt perfekt.",
    "countryText": "",
    "companyText": "ICA",
    "ingrediensText": "Ost 46% (pastöriserad MJÖLK*, salt, syrningskultur, mjölkkoagulerande enzym (mikrobiellt)), vatten, SKUMMJÖLKSPULVER, cheddarost 6% (pastöriserad MJÖLK*, salt, syrningskultur, mjölkkoagulerande enzym (mikrobiellt)), SMÖR, smältsalter (E452, E339), salt, färgämne (E160c), surhetsreglerande medel (E330). *Ursprung EU.",
    "storage": "Kylvara. Förvaras i högst +8°C.",
    "allergens": "",
    "usage": "",
    "nutrition": [
      {
        "Näringsvärde": "Energi (kcal)",
        "100 Gram": "248 kcal"
      },
      {
        "Näringsvärde": "Energi (kJ)",
        "100 Gram": "1030 kJ"
      },
      {
        "Näringsvärde": "Fett",
        "100 Gram": "19 g"
      },
      {
        "Näringsvärde": "Varav mättat fett",
        "100 Gram": "13 g"
      },
      {
        "Näringsvärde": "Kolhydrat",
        "100 Gram": "4.2 g"
      },
      {
        "Näringsvärde": "Varav sockerarter",
        "100 Gram": "4.2 g"
      },
      {
        "Näringsvärde": "Protein",
        "100 Gram": "15 g"
      },
      {
        "Näringsvärde": "Salt",
        "100 Gram": "2.3 g"
      }
    ],
    "nutritionUnitText": "Näringsvärde per 100 gram",
    "categories": {
      "mainCategory": "Mejeri & Ost",
      "subCategories": [
        {
          "name": "Ost",
          "subSubCategories": [
            "Påläggsost",
            "Skivad ost"
          ]
        }
      ]
    }
  },
  {
    "name": "Juice Apelsin 1l God Morgon®",
    "weightText": "1 l",
    "caPart": "",
    "weightValue": 1,
    "weightUnit": "l",
    "comparePrice": "33,50 kr/l",
    "currentPrice": 33.5,
    "attributes": [],
    "imgUrl": "https://handlaprivatkund.ica.se/images-v3/bf7a00ca-390e-4769-865f-dc369586872e/67a7c3b2-6228-4feb-8076-7f9847dd8325/500x500.jpg",
    "productInformation": "Av solmogna, handplockade apelsiner har vi pressat denna smakrika apelsinjuice sedan slutet av 60-talet. I förpackningen finns juice från 3,5 kg apelsiner. 100% pressad frukt med fruktkött. Perfekt till frukosten.",
    "countryText": "",
    "companyText": "God Morgon",
    "ingrediensText": "Apelsinjuice med fruktkött från koncentrat. Pastöriserad.",
    "storage": "Lägsta förvaringstemperatur 2°C Högsta förvaringstemperatur 8°C",
    "allergens": "",
    "usage": "",
    "nutrition": [
      {
        "Näringsvärde": "Energi (kcal)",
        "100 Milliliter": "43 kcal"
      },
      {
        "Näringsvärde": "Energi (kJ)",
        "100 Milliliter": "183 kJ"
      },
      {
        "Näringsvärde": "Fett",
        "100 Milliliter": "0.5 g"
      },
      {
        "Näringsvärde": "Varav mättat fett",
        "100 Milliliter": "0 g"
      },
      {
        "Näringsvärde": "Kolhydrat",
        "100 Milliliter": "8.8 g"
      },
      {
        "Näringsvärde": "Varav sockerarter",
        "100 Milliliter": "8.8 g"
      },
      {
        "Näringsvärde": "Protein",
        "100 Milliliter": "0.7 g"
      },
      {
        "Näringsvärde": "Salt",
        "100 Milliliter": "0 g"
      },
      {
        "Näringsvärde": "Vitamin C",
        "100 Milliliter": "20 mg",
        "% av DRI(*)": "25"
      }
    ],
    "nutritionUnitText": "Näringsvärde per 100 milliliter",
    "categories": {
      "mainCategory": "Mejeri & Ost",
      "subCategories": [
        {
          "name": "Juice & Fruktdryck",
          "subSubCategories": [
            "Apelsinjuice"
          ]
        }
      ]
    }
  },
  {
    "name": "Färsk lättmjölk 0,5% 1l Arla Ko®",
    "weightText": "1 l",
    "caPart": "",
    "weightValue": 1,
    "weightUnit": "l",
    "comparePrice": "14,50 kr/l",
    "currentPrice": 14.5,
    "attributes": [
      "Nyckelhålet",
      "Ursprungsland Sverige"
    ],
    "imgUrl": "https://handlaprivatkund.ica.se/images-v3/bf7a00ca-390e-4769-865f-dc369586872e/a10d02e2-4e30-4318-86da-133579133272/500x500.jpg",
    "productInformation": "Färsk lättmjölk från Arla, gjord på svensk mjölk från Arlagårdar nu med ännu bättre djuromsorg hela året runt. Mjölken har en svagt söt, gräddig smak och njuts bäst kall. Lättmjölk är en måltidsdryck men passar också utmärkt efter träning och rekommenderas av näringsexperter. Arla Ko® färsk lättmjölk är en naturlig källa till bland annat protein, kalcium och vitamin B12. Protein bidrar till muskeluppbyggnad och kalcium behövs för att bibehålla en normal benstomme. Varumärket Arla Ko® garanterar att produkten är gjord på 100 procent svensk mjölk.",
    "countryText": "Sverige",
    "companyText": "Arla Ko",
    "ingrediensText": "MJÖLK, vitamin D. Lågpastöriserad.",
    "storage": "Lägsta förvaringstemperatur 2°C Högsta förvaringstemperatur 8°C",
    "allergens": "Innehåller Mjölk",
    "usage": "",
    "nutrition": [
      {
        "Näringsvärde": "Energi (kcal)",
        "100 Gram": "38 kcal"
      },
      {
        "Näringsvärde": "Energi (kJ)",
        "100 Gram": "160 kJ"
      },
      {
        "Näringsvärde": "Fett",
        "100 Gram": "0.5 g"
      },
      {
        "Näringsvärde": "Varav mättat fett",
        "100 Gram": "0.3 g"
      },
      {
        "Näringsvärde": "Kolhydrat",
        "100 Gram": "4.7 g"
      },
      {
        "Näringsvärde": "Varav sockerarter",
        "100 Gram": "4.7 g"
      },
      {
        "Näringsvärde": "Protein",
        "100 Gram": "3.6 g"
      },
      {
        "Näringsvärde": "Salt",
        "100 Gram": "0.09 g"
      },
      {
        "Näringsvärde": "Vitamin B12",
        "100 Gram": "0.4 µg",
        "% av DRI(*)": "16"
      },
      {
        "Näringsvärde": "Vitamin D",
        "100 Gram": "1 µg",
        "% av DRI(*)": "20"
      },
      {
        "Näringsvärde": "Riboflavin",
        "100 Gram": "0.14 mg",
        "% av DRI(*)": "10"
      },
      {
        "Näringsvärde": "Pantotensyra",
        "100 Gram": "0.5 mg",
        "% av DRI(*)": "8"
      },
      {
        "Näringsvärde": "Kalium",
        "100 Gram": "160 mg",
        "% av DRI(*)": "8"
      },
      {
        "Näringsvärde": "Klorid",
        "100 Gram": "92 mg",
        "% av DRI(*)": "12"
      },
      {
        "Näringsvärde": "Kalcium",
        "100 Gram": "124 mg",
        "% av DRI(*)": "16"
      },
      {
        "Näringsvärde": "Fosfor",
        "100 Gram": "139 mg",
        "% av DRI(*)": "20"
      },
      {
        "Näringsvärde": "Molybden",
        "100 Gram": "3.8 µg",
        "% av DRI(*)": "8"
      }
    ],
    "nutritionUnitText": "Näringsvärde per 100 gram",
    "categories": {
      "mainCategory": "Mejeri & Ost",
      "subCategories": [
        {
          "name": "Mjölk",
          "subSubCategories": [
            "Lättmjölk",
            "Lättmjölk, laktos"
          ]
        }
      ]
    }
  },
  {
    "name": "Gräddalternativ Mat Låglaktos 4% 500ml Flora",
    "weightText": "0.5 l",
    "caPart": "",
    "weightValue": 0.5,
    "weightUnit": "l",
    "comparePrice": "41,00 kr/l",
    "currentPrice": 20.5,
    "attributes": [],
    "imgUrl": "https://handlaprivatkund.ica.se/images-v3/bf7a00ca-390e-4769-865f-dc369586872e/960a3045-b67e-4c44-8f95-691cfbe0a248/500x500.jpg",
    "productInformation": "Flora Mat 4% Låglaktos används som en lätt matlagningsgrädde. Denna matlagningsprodukt är gjord med vegetabiliska oljor så som rapsolja blandat med kärnmjölk. Ger god och fyllig smak samt krämig konsistens till maträtten. Är perfekt till soppor, grytor och gratänger.",
    "countryText": "",
    "companyText": "Flora",
    "ingrediensText": "INGREDIENSER: Vatten, låglaktos SKUMMJÖLK, KÄRNMJÖLK, vegetabiliska oljor (palm#, raps), modifierad stärkelse, stabiliseringsmedel (xantangummi, metylcellulosa), emulgeringsmedel (polysorbat 60), aromer (innehåller MJÖLK), färgämne (karotener). # Innehåller 100% certifierad och hållbar palmolja. Läs mer på upfield.com",
    "storage": "Förvaras mellan 4‒8°C. Öppnad förpackning förvaras kyld. Lägsta förvaringstemperatur 4°C Högsta förvaringstemperatur 8°C",
    "allergens": "",
    "usage": "",
    "nutrition": [
      {
        "Näringsvärde": "Energi (kcal)",
        "100 Milliliter": "60 kcal"
      },
      {
        "Näringsvärde": "Energi (kJ)",
        "100 Milliliter": "251 kJ"
      },
      {
        "Näringsvärde": "Fett",
        "100 Milliliter": "4.4 g"
      },
      {
        "Näringsvärde": "Varav mättat fett",
        "100 Milliliter": "1.4 g"
      },
      {
        "Näringsvärde": "Kolhydrat",
        "100 Milliliter": "4.5 g"
      },
      {
        "Näringsvärde": "Varav sockerarter",
        "100 Milliliter": "1.7 g"
      },
      {
        "Näringsvärde": "Protein",
        "100 Milliliter": "1.1 g"
      },
      {
        "Näringsvärde": "Salt",
        "100 Milliliter": "0.1 g"
      }
    ],
    "nutritionUnitText": "Näringsvärde per 100 milliliter",
    "categories": {
      "mainCategory": "Mejeri & Ost",
      "subCategories": [
        {
          "name": "Grädde",
          "subSubCategories": [
            "Laktosfri grädde",
            "Laktosfri matlagningsgrädde"
          ]
        }
      ]
    }
  },
  {
    "name": "Färskost Naturell 200g Philadelphia",
    "weightText": "0.2 kg",
    "caPart": "",
    "weightValue": 0.2,
    "weightUnit": "kg",
    "comparePrice": "114,75 kr/kg",
    "currentPrice": 22.95,
    "attributes": [],
    "imgUrl": "https://handlaprivatkund.ica.se/images-v3/bf7a00ca-390e-4769-865f-dc369586872e/2f778c2f-e8eb-4ab7-a589-03ba6a8b2683/500x500.jpg",
    "productInformation": "Philadelphia Original med den älskade och karaktäristiska krämigheten och fräschheten. Den är smakrik, glutenfri och vegetarisk och framför allt älskad! Perfekt till smörgåsen, bakverk och i matlagning.",
    "countryText": "",
    "companyText": "Philadelphia",
    "ingrediensText": "Ingredienser: MJÖLK/MÆLK/MELK, GRÄDDE/FLØDE/FLØTE, vassle-/valle-/myseprodukt (MJÖLK), salt, stabiliseringsmedel/stabilisator (guarkärnmjöl/guargummi), syra (citronsyra), bakteriekultur.",
    "storage": "",
    "allergens": "",
    "usage": "",
    "nutrition": [
      {
        "Näringsvärde": "Energi (kcal)",
        "100 Gram": "226 kcal"
      },
      {
        "Näringsvärde": "Energi (kJ)",
        "100 Gram": "933 kJ"
      },
      {
        "Näringsvärde": "Fett",
        "100 Gram": "21 g"
      },
      {
        "Näringsvärde": "Varav mättat fett",
        "100 Gram": "14 g"
      },
      {
        "Näringsvärde": "Kolhydrat",
        "100 Gram": "4.3 g"
      },
      {
        "Näringsvärde": "Varav sockerarter",
        "100 Gram": "4.3 g"
      },
      {
        "Näringsvärde": "Fiber",
        "100 Gram": "0.2 g"
      },
      {
        "Näringsvärde": "Protein",
        "100 Gram": "5.4 g"
      },
      {
        "Näringsvärde": "Salt",
        "100 Gram": "0.75 g"
      }
    ],
    "nutritionUnitText": "Näringsvärde per 100 gram",
    "categories": {
      "mainCategory": "Mejeri & Ost",
      "subCategories": [
        {
          "name": "Ost",
          "subSubCategories": [
            "Färskost & cream cheese"
          ]
        }
      ]
    }
  },
  {
    "name": "Matlagningsgrädde Laktosfri 13% 5dl ICA",
    "weightText": "0.5 l",
    "caPart": "",
    "weightValue": 0.5,
    "weightUnit": "l",
    "comparePrice": "59,00 kr/l",
    "currentPrice": 29.5,
    "attributes": [
      "Ursprungsland Sverige",
      "Mjölk från Sverige",
      "Laktosfritt"
    ],
    "imgUrl": "https://handlaprivatkund.ica.se/images-v3/bf7a00ca-390e-4769-865f-dc369586872e/9c963cc0-2b70-4ca2-ae58-77fb946f24ef/500x500.jpg",
    "productInformation": "ICA Matlagningsgrädde Laktosfri är en produkt för dig som är laktosintolerant. Passar i såser, soppor och grytor. Produkten är inte vispbar.",
    "countryText": "Sverige",
    "companyText": "ICA",
    "ingrediensText": "Högpastöriserad GRÄDDE*, laktasenzym. *Ursprung Sverige.",
    "storage": "Kylvara. Förvaras vid högst +8℃.",
    "allergens": "Innehåller Mjölk",
    "usage": "",
    "nutrition": [
      {
        "Näringsvärde": "Energi (kcal)",
        "100 Gram": "146 kcal"
      },
      {
        "Näringsvärde": "Energi (kJ)",
        "100 Gram": "603 kJ"
      },
      {
        "Näringsvärde": "Fett",
        "100 Gram": "13 g"
      },
      {
        "Näringsvärde": "Varav mättat fett",
        "100 Gram": "8.3 g"
      },
      {
        "Näringsvärde": "Kolhydrat",
        "100 Gram": "4.1 g"
      },
      {
        "Näringsvärde": "Varav sockerarter",
        "100 Gram": "4.1 g"
      },
      {
        "Näringsvärde": "Protein",
        "100 Gram": "3.1 g"
      },
      {
        "Näringsvärde": "Salt",
        "100 Gram": "0.08 g"
      }
    ],
    "nutritionUnitText": "Näringsvärde per 100 gram",
    "categories": {
      "mainCategory": "Mejeri & Ost",
      "subCategories": [
        {
          "name": "Grädde",
          "subSubCategories": [
            "Laktosfri grädde",
            "Laktosfri matlagningsgrädde"
          ]
        }
      ]
    }
  },
  {
    "name": "Halloumi orginal 200g Fontana",
    "weightText": "0.2 kg",
    "caPart": "",
    "weightValue": 0.2,
    "weightUnit": "kg",
    "comparePrice": "177,50 kr/kg",
    "currentPrice": 35.5,
    "attributes": [],
    "imgUrl": "https://handlaprivatkund.ica.se/images-v3/bf7a00ca-390e-4769-865f-dc369586872e/0ac8beea-0dd2-477e-ae0c-8d77e5d7ab72/500x500.jpg",
    "productInformation": "",
    "countryText": "",
    "companyText": "Fontana",
    "ingrediensText": "INGREDIENSER: Pastöriserad ko-, får- och getMJÖLK, salt, mikrobiellt ystenzym, mynta.",
    "storage": "",
    "allergens": "",
    "usage": "",
    "nutrition": [
      {
        "Näringsvärde": "Energi (kcal)",
        "100 Gram": "307 kcal"
      },
      {
        "Näringsvärde": "Energi (kJ)",
        "100 Gram": "1284 kJ"
      },
      {
        "Näringsvärde": "Fett",
        "100 Gram": "24.5 g"
      },
      {
        "Näringsvärde": "Varav mättat fett",
        "100 Gram": "16 g"
      },
      {
        "Näringsvärde": "Kolhydrat",
        "100 Gram": "3.1 g"
      },
      {
        "Näringsvärde": "Varav sockerarter",
        "100 Gram": "2.6 g"
      },
      {
        "Näringsvärde": "Protein",
        "100 Gram": "18.5 g"
      },
      {
        "Näringsvärde": "Salt",
        "100 Gram": "2.5 g"
      }
    ],
    "nutritionUnitText": "Näringsvärde per 100 gram",
    "categories": {
      "mainCategory": "Mejeri & Ost",
      "subCategories": [
        {
          "name": "Ost",
          "subSubCategories": [
            "Matlagningsost",
            "Halloumi & Grillost"
          ]
        }
      ]
    }
  },
  {
    "name": "Matlagningsgrädde 13% 2,5dl ICA",
    "weightText": "0.25 l",
    "caPart": "",
    "weightValue": 0.25,
    "weightUnit": "l",
    "comparePrice": "59,80 kr/l",
    "currentPrice": 14.95,
    "attributes": [
      "Ursprungsland Sverige",
      "Mjölk från Sverige"
    ],
    "imgUrl": "https://handlaprivatkund.ica.se/images-v3/bf7a00ca-390e-4769-865f-dc369586872e/18a5a355-20ab-468f-88c4-30f3393220c5/500x500.jpg",
    "productInformation": "ICA Matlagningsgrädde har lite lägre fetthalt än vanlig grädde, vilket gör att den passar perfekt till såser och annat som inte behöver tjockna. Om du vill ha en grädde som går att vispa får du dock välja mellangrädde eller vispgrädde istället. Vår matlagningsgrädde är gjord på svensk mjölk från svenska gårdar.",
    "countryText": "Sverige",
    "companyText": "ICA",
    "ingrediensText": "Högpastöriserad GRÄDDE*. *Ursprung Sverige.",
    "storage": "Kylvara. Förvaras vid högst +8℃.",
    "allergens": "Innehåller Mjölk",
    "usage": "",
    "nutrition": [
      {
        "Näringsvärde": "Energi (kcal)",
        "100 Gram": "146 kcal"
      },
      {
        "Näringsvärde": "Energi (kJ)",
        "100 Gram": "603 kJ"
      },
      {
        "Näringsvärde": "Fett",
        "100 Gram": "13 g"
      },
      {
        "Näringsvärde": "Varav mättat fett",
        "100 Gram": "8.3 g"
      },
      {
        "Näringsvärde": "Kolhydrat",
        "100 Gram": "4.1 g"
      },
      {
        "Näringsvärde": "Varav sockerarter",
        "100 Gram": "4.1 g"
      },
      {
        "Näringsvärde": "Protein",
        "100 Gram": "3.1 g"
      },
      {
        "Näringsvärde": "Salt",
        "100 Gram": "0.08 g"
      }
    ],
    "nutritionUnitText": "Näringsvärde per 100 gram",
    "categories": {
      "mainCategory": "Mejeri & Ost",
      "subCategories": [
        {
          "name": "Grädde",
          "subSubCategories": [
            "Matlagningsgrädde"
          ]
        }
      ]
    }
  },
  {
    "name": "Hushållsost mild 26% ca 1,1kg Arla",
    "weightText": "Ca 1.1 kg",
    "caPart": "Ca",
    "weightValue": 1.1,
    "weightUnit": "kg",
    "comparePrice": "136,00 kr/kg",
    "currentPrice": 149.6,
    "attributes": [],
    "imgUrl": "https://handlaprivatkund.ica.se/images-v3/bf7a00ca-390e-4769-865f-dc369586872e/f885005b-764c-452d-a0c2-2760034c7138/500x500.jpg",
    "productInformation": "Arla® Hushållsost är Sveriges mest populära hårdost! Osten uppskattas för sin milda, gräddiga och lätt syrliga smak och den härliga, runda formen gör den perfekt att ställa fram och dela. Hushållsost äts främst som pålägg men är passar perfekt i matlagning och som tilltugg. Vår Hushållsost är tillverkad i Vium, Danmark, på mjölk från danska Arlagårdar.",
    "countryText": "",
    "companyText": "Arla",
    "ingrediensText": "Pastöriserad MJÖLK, salt, syrningskultur, ystenzym.",
    "storage": "Lägsta förvaringstemperatur 2°C Högsta förvaringstemperatur 8°C",
    "allergens": "",
    "usage": "",
    "nutrition": [
      {
        "Näringsvärde": "Energi (kcal)",
        "100 Gram": "337 kcal"
      },
      {
        "Näringsvärde": "Energi (kJ)",
        "100 Gram": "1399 kJ"
      },
      {
        "Näringsvärde": "Fett",
        "100 Gram": "26 g"
      },
      {
        "Näringsvärde": "Varav mättat fett",
        "100 Gram": "17 g"
      },
      {
        "Näringsvärde": "Kolhydrat",
        "100 Gram": "0 g"
      },
      {
        "Näringsvärde": "Varav sockerarter",
        "100 Gram": "0 g"
      },
      {
        "Näringsvärde": "Protein",
        "100 Gram": "25 g"
      },
      {
        "Näringsvärde": "Salt",
        "100 Gram": "1.6 g"
      },
      {
        "Näringsvärde": "Vitamin B12",
        "100 Gram": "1.4 µg",
        "% av DRI(*)": "56"
      },
      {
        "Näringsvärde": "Kalcium",
        "100 Gram": "725 mg",
        "% av DRI(*)": "91"
      }
    ],
    "nutritionUnitText": "Näringsvärde per 100 gram",
    "categories": {
      "mainCategory": "Mejeri & Ost",
      "subCategories": [
        {
          "name": "Ost",
          "subSubCategories": [
            "Påläggsost",
            "Hushåll"
          ]
        }
      ]
    }
  },
  {
    "name": "Färsk mellanmjölk 1,5% Ekologisk 1l Arla Ko®",
    "weightText": "1 l",
    "caPart": "",
    "weightValue": 1,
    "weightUnit": "l",
    "comparePrice": "16,50 kr/l",
    "currentPrice": 16.5,
    "attributes": [
      "EU Ekologiskt",
      "Ursprungsland Sverige",
      "Ekologiskt",
      "KRAV"
    ],
    "imgUrl": "https://handlaprivatkund.ica.se/images-v3/bf7a00ca-390e-4769-865f-dc369586872e/2d956900-fc04-4c61-b3ee-41601e0eebe9/500x500.jpg",
    "productInformation": "Ekologisk mellanmjölk från Arla, gjord på svensk mjölk från Arlagårdar, har en härligt fyllig smak och är ett populärt val till frukostflingorna, gröten eller som dryck till måltiden. Arla Ko® ekologisk färsk mellanmjölk är en naturlig källa till bland annat protein, kalcium och vitamin B12. Protein bidrar till muskeluppbyggnad och kalcium behövs för att bibehålla en normal benstomme. Varumärket Arla Ko® garanterar att produkten är gjord på 100 procent svensk mjölk.",
    "countryText": "Sverige",
    "companyText": "Arla Ko",
    "ingrediensText": "MJÖLK*, vitamin D. Lågpastöriserad. *KRAV- ekologisk ingrediens.",
    "storage": "Lägsta förvaringstemperatur 2°C Högsta förvaringstemperatur 8°C",
    "allergens": "Innehåller Mjölk",
    "usage": "",
    "nutrition": [
      {
        "Näringsvärde": "Energi (kcal)",
        "100 Gram": "47 kcal"
      },
      {
        "Näringsvärde": "Energi (kJ)",
        "100 Gram": "195 kJ"
      },
      {
        "Näringsvärde": "Fett",
        "100 Gram": "1.5 g"
      },
      {
        "Näringsvärde": "Varav mättat fett",
        "100 Gram": "1 g"
      },
      {
        "Näringsvärde": "Kolhydrat",
        "100 Gram": "4.7 g"
      },
      {
        "Näringsvärde": "Varav sockerarter",
        "100 Gram": "4.7 g"
      },
      {
        "Näringsvärde": "Protein",
        "100 Gram": "3.5 g"
      },
      {
        "Näringsvärde": "Salt",
        "100 Gram": "0.09 g"
      },
      {
        "Näringsvärde": "Vitamin B12",
        "100 Gram": "0.4 µg",
        "% av DRI(*)": "16"
      },
      {
        "Näringsvärde": "Vitamin D",
        "100 Gram": "1 µg",
        "% av DRI(*)": "20"
      },
      {
        "Näringsvärde": "Riboflavin",
        "100 Gram": "0.14 mg",
        "% av DRI(*)": "10"
      },
      {
        "Näringsvärde": "Pantotensyra",
        "100 Gram": "0.5 mg",
        "% av DRI(*)": "8"
      },
      {
        "Näringsvärde": "Kalium",
        "100 Gram": "160 mg",
        "% av DRI(*)": "8"
      },
      {
        "Näringsvärde": "Klorid",
        "100 Gram": "92 mg",
        "% av DRI(*)": "12"
      },
      {
        "Näringsvärde": "Kalcium",
        "100 Gram": "124 mg",
        "% av DRI(*)": "16"
      },
      {
        "Näringsvärde": "Fosfor",
        "100 Gram": "139 mg",
        "% av DRI(*)": "20"
      },
      {
        "Näringsvärde": "Molybden",
        "100 Gram": "3.8 µg",
        "% av DRI(*)": "8"
      }
    ],
    "nutritionUnitText": "Näringsvärde per 100 gram",
    "categories": {
      "mainCategory": "Mejeri & Ost",
      "subCategories": [
        {
          "name": "Mjölk",
          "subSubCategories": [
            "Mellanmjölk",
            "Mellanmjölk, laktos"
          ]
        }
      ]
    }
  },
  {
    "name": "Färsk vispgrädde 40% 5dl Arla Ko®",
    "weightText": "0.5 l",
    "caPart": "",
    "weightValue": 0.5,
    "weightUnit": "l",
    "comparePrice": "79,90 kr/l",
    "currentPrice": 39.95,
    "attributes": [
      "Ursprungsland Sverige"
    ],
    "imgUrl": "https://handlaprivatkund.ica.se/images-v3/bf7a00ca-390e-4769-865f-dc369586872e/7f8f3db6-4f0a-426e-ad5a-ab8dea9ba6f5/500x500.jpg",
    "productInformation": "Färsk vispgrädde gjord på svensk mjölk från Arlagårdar. Den har en tydlig, genuin gräddsmak och mjuk fyllig konsistens. Grädde förstärker och samtidigt rundar av smaken vilket förhöjer matupplevelsen. Även en liten mängd grädde gör skillnad! Vispgrädde smakar också ljuvligt till allt från tårtor, desserter och färska jordgubbar till bakverk som exempelvis nygräddad kladdkaka. Vispa grädden när den är kylskåpskall för att få den perfekt fluffig. Varumärket Arla Ko garanterar att produkten är gjord på 100 procent svensk mjölk.",
    "countryText": "Sverige",
    "companyText": "Arla Ko",
    "ingrediensText": "Pastöriserad GRÄDDE.",
    "storage": "Lägsta förvaringstemperatur 2°C Högsta förvaringstemperatur 8°C",
    "allergens": "Innehåller Mjölk",
    "usage": "",
    "nutrition": [
      {
        "Näringsvärde": "Energi (kcal)",
        "100 Gram": "375 kcal"
      },
      {
        "Näringsvärde": "Energi (kJ)",
        "100 Gram": "1565 kJ"
      },
      {
        "Näringsvärde": "Fett",
        "100 Gram": "40 g"
      },
      {
        "Näringsvärde": "Varav mättat fett",
        "100 Gram": "26 g"
      },
      {
        "Näringsvärde": "Kolhydrat",
        "100 Gram": "2.9 g"
      },
      {
        "Näringsvärde": "Varav sockerarter",
        "100 Gram": "2.9 g"
      },
      {
        "Näringsvärde": "Protein",
        "100 Gram": "2.2 g"
      },
      {
        "Näringsvärde": "Salt",
        "100 Gram": "0.05 g"
      },
      {
        "Näringsvärde": "Vitamin A",
        "100 Gram": "344 µg",
        "% av DRI(*)": "43"
      },
      {
        "Näringsvärde": "Vitamin K",
        "100 Gram": "13 µg",
        "% av DRI(*)": "17"
      }
    ],
    "nutritionUnitText": "Näringsvärde per 100 gram",
    "categories": {
      "mainCategory": "Mejeri & Ost",
      "subCategories": [
        {
          "name": "Grädde",
          "subSubCategories": [
            "Vispgrädde"
          ]
        }
      ]
    }
  },
  {
    "name": "Herrgård® ost mild 28% ca 730g Arla Ko®",
    "weightText": "Ca 0.73 kg",
    "caPart": "Ca",
    "weightValue": 0.73,
    "weightUnit": "kg",
    "comparePrice": "136,00 kr/kg",
    "currentPrice": 99.28,
    "attributes": [
      "Ursprungsland Sverige",
      "Mjölk från Sverige"
    ],
    "imgUrl": "https://handlaprivatkund.ica.se/images-v3/bf7a00ca-390e-4769-865f-dc369586872e/8d58f27e-17dc-47d3-a9ce-c04d00c1367e/500x500.jpg",
    "productInformation": "Vår goda Arla Ko® Herrgård® är mild och gräddig med karakteristiskt inslag av sötma och hasselnöt. Herrgård® passar perfekt som pålägg och i matlagning. Herrgård® började tillverkas på 1800-talet och är än idag en av de mest omtyckta ostarna i Sverige. Vår Arla Ko® Herrgård® görs på Kalmar mejeri på färsk mjölk från Öland och Småland. Varumärket Arla Ko® garanterar att osten är gjord på 100 procent svensk mjölk.",
    "countryText": "Sverige",
    "companyText": "Arla Ko",
    "ingrediensText": "Pastöriserad MJÖLK, salt, syrningskultur, ystenzym, kalciumklorid, konserveringsmedel E202.",
    "storage": "Lägsta förvaringstemperatur 2°C Högsta förvaringstemperatur 10°C",
    "allergens": "",
    "usage": "",
    "nutrition": [
      {
        "Näringsvärde": "Energi (kcal)",
        "100 Gram": "360 kcal"
      },
      {
        "Näringsvärde": "Energi (kJ)",
        "100 Gram": "1493 kJ"
      },
      {
        "Näringsvärde": "Fett",
        "100 Gram": "28 g"
      },
      {
        "Näringsvärde": "Varav mättat fett",
        "100 Gram": "18 g"
      },
      {
        "Näringsvärde": "Kolhydrat",
        "100 Gram": "0 g"
      },
      {
        "Näringsvärde": "Varav sockerarter",
        "100 Gram": "0 g"
      },
      {
        "Näringsvärde": "Protein",
        "100 Gram": "26 g"
      },
      {
        "Näringsvärde": "Salt",
        "100 Gram": "1.2 g"
      },
      {
        "Näringsvärde": "Vitamin B12",
        "100 Gram": "1.5 µg",
        "% av DRI(*)": "60"
      },
      {
        "Näringsvärde": "Kalcium",
        "100 Gram": "774 mg",
        "% av DRI(*)": "97"
      }
    ],
    "nutritionUnitText": "Näringsvärde per 100 gram",
    "categories": {
      "mainCategory": "Mejeri & Ost",
      "subCategories": [
        {
          "name": "Ost",
          "subSubCategories": [
            "Påläggsost",
            "Herrgård"
          ]
        }
      ]
    }
  },
  {
    "name": "Crème fraiche 32% 2dl Arla Köket®",
    "weightText": "0.2 l",
    "caPart": "",
    "weightValue": 0.2,
    "weightUnit": "l",
    "comparePrice": "74,75 kr/l",
    "currentPrice": 14.95,
    "attributes": [
      "Ursprungsland Sverige"
    ],
    "imgUrl": "https://handlaprivatkund.ica.se/images-v3/bf7a00ca-390e-4769-865f-dc369586872e/add7e8ae-a3ed-44ff-8de1-3fd15f3b3205/500x500.jpg",
    "productInformation": "Arla Köket® Crème fraiche 32% är en syrad grädde med en tydlig karaktär. Gräddig med mild syrlig smak och tjock krämig konsistens. Crème fraiche tillverkas genom syrning av grädde från svenska Arlagårdar. Crème fraiche är mycket användbar i både kall och varm mat. Använd den med fördel i grytor, soppor och såser men även i kalla såser och röror eller som ett krämigt tillbehör. Kan vispas upp till fast konsistens. Symbolen med den blågula gräddkannan garanterar 100 procent svensk grädde. Med pappersförpackningen är klimatpåverkan halverad jämfört med den tidigare plastförpackningen.",
    "countryText": "Sverige",
    "companyText": "Arla Köket",
    "ingrediensText": "Pastöriserad GRÄDDE, syrningskultur.",
    "storage": "",
    "allergens": "Innehåller Mjölk",
    "usage": "",
    "nutrition": [
      {
        "Näringsvärde": "Energi (kcal)",
        "100 Gram": "310 kcal"
      },
      {
        "Näringsvärde": "Energi (kJ)",
        "100 Gram": "1300 kJ"
      },
      {
        "Näringsvärde": "Fett",
        "100 Gram": "32 g"
      },
      {
        "Näringsvärde": "Varav mättat fett",
        "100 Gram": "20 g"
      },
      {
        "Näringsvärde": "Kolhydrat",
        "100 Gram": "2.4 g"
      },
      {
        "Näringsvärde": "Varav sockerarter",
        "100 Gram": "2.4 g"
      },
      {
        "Näringsvärde": "Protein",
        "100 Gram": "2.4 g"
      },
      {
        "Näringsvärde": "Salt",
        "100 Gram": "0.1 g"
      },
      {
        "Näringsvärde": "Vitamin A",
        "100 Gram": "300 µg",
        "% av DRI(*)": "38"
      }
    ],
    "nutritionUnitText": "Näringsvärde per 100 gram",
    "categories": {
      "mainCategory": "Mejeri & Ost",
      "subCategories": [
        {
          "name": "Crème fraiche",
          "subSubCategories": [
            "Crème fraiche naturell"
          ]
        }
      ]
    }
  },
  {
    "name": "Filmjölk 3% 1500g Arla Ko®",
    "weightText": "1.5 l",
    "caPart": "",
    "weightValue": 1.5,
    "weightUnit": "l",
    "comparePrice": "15,00 kr/l",
    "currentPrice": 22.5,
    "attributes": [
      "Ursprungsland Sverige"
    ],
    "imgUrl": "https://handlaprivatkund.ica.se/images-v3/bf7a00ca-390e-4769-865f-dc369586872e/fbe39313-aeeb-49e1-b361-053768a7203d/500x500.jpg",
    "productInformation": "Filmjölk gjord på svensk mjölk från Arlagårdar. Klassikern Arla Ko® Filmjölk 3% har svagt syrlig smak med karakteristisk filarom. Produkten har en lite tjockare konsistens och är god naturell men även tillsammans med müsli, flingor, frukt eller bär. Filmjölk har en lång historia i Sverige, redan på vikingatiden åt man mjölkprodukter som liknar dagens Arla filmjölk. Alla produkter från Arla Ko görs på 100 procent svensk mjölk.",
    "countryText": "Sverige",
    "companyText": "Arla Ko",
    "ingrediensText": "Högpastöriserad MJÖLK, filkultur och vitamin D.",
    "storage": "Lägsta förvaringstemperatur 2°C Högsta förvaringstemperatur 8°C",
    "allergens": "Innehåller Mjölk",
    "usage": "",
    "nutrition": [
      {
        "Näringsvärde": "Energi (kcal)",
        "100 Gram": "58 kcal"
      },
      {
        "Näringsvärde": "Energi (kJ)",
        "100 Gram": "245 kJ"
      },
      {
        "Näringsvärde": "Fett",
        "100 Gram": "3 g"
      },
      {
        "Näringsvärde": "Varav mättat fett",
        "100 Gram": "1.9 g"
      },
      {
        "Näringsvärde": "Kolhydrat",
        "100 Gram": "3.7 g"
      },
      {
        "Näringsvärde": "Varav sockerarter",
        "100 Gram": "3.7 g"
      },
      {
        "Näringsvärde": "Protein",
        "100 Gram": "3.5 g"
      },
      {
        "Näringsvärde": "Salt",
        "100 Gram": "0.09 g"
      },
      {
        "Näringsvärde": "Vitamin D",
        "100 Gram": "1 µg",
        "% av DRI(*)": "20"
      },
      {
        "Näringsvärde": "Kalcium",
        "100 Gram": "122 mg",
        "% av DRI(*)": "15"
      }
    ],
    "nutritionUnitText": "Näringsvärde per 100 gram",
    "categories": {
      "mainCategory": "Mejeri & Ost",
      "subCategories": [
        {
          "name": "Filmjölk",
          "subSubCategories": [
            "Filmjölk naturell"
          ]
        }
      ]
    }
  },
  {
    "name": "Salladsost 200g ICA Basic",
    "weightText": "0.2 kg",
    "caPart": "",
    "weightValue": 0.2,
    "weightUnit": "kg",
    "comparePrice": "99,75 kr/kg",
    "currentPrice": 19.95,
    "attributes": [],
    "imgUrl": "https://handlaprivatkund.ica.se/images-v3/bf7a00ca-390e-4769-865f-dc369586872e/8ffe92c2-8500-40db-8ea3-93990e2d3415/500x500.jpg",
    "productInformation": "Salladsosten passar i pastaknyten, färsbiffar och i sallad. Blanda med tomat, gurka, lök och svarta oliver. Stänk över lite olivolja och vinäger.",
    "countryText": "",
    "companyText": "ICA Basic",
    "ingrediensText": "Ingredienser: Pastöriserad KOMJÖLK*, salt, mjölkkoagulerande enzym (mikrobiellt), syrningskultur. *Ursprung: Danmark.",
    "storage": "",
    "allergens": "",
    "usage": "",
    "nutrition": [
      {
        "Näringsvärde": "Energi (kcal)",
        "100 Gram": "206 kcal"
      },
      {
        "Näringsvärde": "Energi (kJ)",
        "100 Gram": "854 kJ"
      },
      {
        "Näringsvärde": "Fett",
        "100 Gram": "16 g"
      },
      {
        "Näringsvärde": "Varav mättat fett",
        "100 Gram": "10 g"
      },
      {
        "Näringsvärde": "Kolhydrat",
        "100 Gram": "1.4 g"
      },
      {
        "Näringsvärde": "Varav sockerarter",
        "100 Gram": "1.4 g"
      },
      {
        "Näringsvärde": "Protein",
        "100 Gram": "14 g"
      },
      {
        "Näringsvärde": "Salt",
        "100 Gram": "3.5 g"
      }
    ],
    "nutritionUnitText": "Näringsvärde per 100 gram",
    "categories": {
      "mainCategory": "Mejeri & Ost",
      "subCategories": [
        {
          "name": "Ost",
          "subSubCategories": [
            "Matlagningsost",
            "Fetaost"
          ]
        }
      ]
    }
  },
  {
    "name": "Smör Normalsaltat 80% 500g Valio",
    "weightText": "0.5 kg",
    "caPart": "",
    "weightValue": 0.5,
    "weightUnit": "kg",
    "comparePrice": "137,90 kr/kg",
    "currentPrice": 68.95,
    "attributes": [],
    "imgUrl": "https://handlaprivatkund.ica.se/images-v3/bf7a00ca-390e-4769-865f-dc369586872e/89730db4-59bc-42ef-8fbb-2f4ef9a0c236/500x500.jpg",
    "productInformation": "Valios normalsaltade smör kärnar vi på traditionellt vis med enbart färsk grädde och en nypa salt - för den goda smakens skull.",
    "countryText": "",
    "companyText": "Valio",
    "ingrediensText": "Pastöriserad GRÄDDE och salt.",
    "storage": "Förvaras vid högst +8°C. Lägsta förvaringstemperatur 4°C Högsta förvaringstemperatur 8°C",
    "allergens": "",
    "usage": "",
    "nutrition": [
      {
        "Näringsvärde": "Energi (kcal)",
        "100 Gram": "713 kcal"
      },
      {
        "Näringsvärde": "Energi (kJ)",
        "100 Gram": "2984 kJ"
      },
      {
        "Näringsvärde": "Fett",
        "100 Gram": "80 g"
      },
      {
        "Näringsvärde": "Varav mättat fett",
        "100 Gram": "47 g"
      },
      {
        "Näringsvärde": "Kolhydrat",
        "100 Gram": "0.8 g"
      },
      {
        "Näringsvärde": "Varav sockerarter",
        "100 Gram": "0.8 g"
      },
      {
        "Näringsvärde": "Protein",
        "100 Gram": "0.6 g"
      },
      {
        "Näringsvärde": "Salt",
        "100 Gram": "1.4 g"
      },
      {
        "Näringsvärde": "Vitamin A",
        "100 Gram": "600 µg",
        "% av DRI(*)": "75"
      }
    ],
    "nutritionUnitText": "Näringsvärde per 100 gram",
    "categories": {
      "mainCategory": "Mejeri & Ost",
      "subCategories": [
        {
          "name": "Smör & Margarin",
          "subSubCategories": [
            "Matfett smör"
          ]
        }
      ]
    }
  },
  {
    "name": "Proteinmilkshake ProPud Chocolate Laktosfri 330ml NJIE",
    "weightText": "0.33 l",
    "caPart": "",
    "weightValue": 0.33,
    "weightUnit": "l",
    "comparePrice": "65,15 kr/l",
    "currentPrice": 21.5,
    "attributes": [
      "Laktosfritt"
    ],
    "imgUrl": "https://handlaprivatkund.ica.se/images-v3/bf7a00ca-390e-4769-865f-dc369586872e/5899ebde-9f03-4ace-8e1a-a53ca028c6fe/500x500.jpg",
    "productInformation": "NJIE ProPud Protein Milkshake Chocolate - en krämig och len milkshake med chokladsmak. Utan tillsatt socker, laktosfri och med 20 g protein per flaska.",
    "countryText": "",
    "companyText": "ProPud",
    "ingrediensText": "MJÖLK/MELK/MÆLK, MJÖLKPROTEIN/MELKEPROTEIN/MÆLKEPROTEIN, fettreducerat kakaopulver (0,6%), stabiliseringsmedel/stabilisator (gellangummi/gellan, cellulosagummi, karragenan), naturliga aromer, sötningsmedel/søtstoffer (steviolglykosider från stevia, acesulfam K), laktasenzym. UHT-behandlad. Innehåller naturligt förekommande socker/Med et naturlig innhold av sukker.",
    "storage": "Oöppnad förpackning kan förvaras i rumstemperatur. Öppnad förpackning förvaras i kyl och bör konsumeras inom 24 timmar.",
    "allergens": "Innehåller Mjölk",
    "usage": "Omskakas före användning. Serveras kyld.",
    "nutrition": [
      {
        "Näringsvärde": "Energi (kcal)",
        "100 Milliliter": "58 kcal"
      },
      {
        "Näringsvärde": "Energi (kJ)",
        "100 Milliliter": "243 kJ"
      },
      {
        "Näringsvärde": "Fett",
        "100 Milliliter": "1.5 g"
      },
      {
        "Näringsvärde": "Varav mättat fett",
        "100 Milliliter": "0.9 g"
      },
      {
        "Näringsvärde": "Kolhydrat",
        "100 Milliliter": "4.9 g"
      },
      {
        "Näringsvärde": "Varav sockerarter",
        "100 Milliliter": "4.9 g"
      },
      {
        "Näringsvärde": "Protein",
        "100 Milliliter": "6.1 g"
      },
      {
        "Näringsvärde": "Salt",
        "100 Milliliter": "0.1 g"
      }
    ],
    "nutritionUnitText": "Näringsvärde per 100 milliliter",
    "categories": {
      "mainCategory": "Mejeri & Ost",
      "subCategories": [
        {
          "name": "Kylda mellanmål & desserter",
          "subSubCategories": [
            "Proteinmål",
            "Proteinmål, laktosfri"
          ]
        }
      ]
    }
  },
  {
    "name": "Crème fraiche Laktosfri 32% 5dl ICA",
    "weightText": "0.5 l",
    "caPart": "",
    "weightValue": 0.5,
    "weightUnit": "l",
    "comparePrice": "75,00 kr/l",
    "currentPrice": 37.5,
    "attributes": [
      "Från Sverige",
      "Ursprungsland Sverige",
      "Laktosfritt"
    ],
    "imgUrl": "https://handlaprivatkund.ica.se/images-v3/bf7a00ca-390e-4769-865f-dc369586872e/191f5a5e-c28a-4a0c-b63c-6055df08afac/500x500.jpg",
    "productInformation": "ICA Crème fraîche Laktosfri 32% är gjord på mjölk från svenska gårdar och passar både till varma och kalla rätter. Den går utmärkt att koka och ger en krämig konsistens och rund smak.",
    "countryText": "Sverige",
    "companyText": "ICA",
    "ingrediensText": "Högpastöriserad GRÄDDE, mjölksyrakultur, laktasenzym.",
    "storage": "Lägsta förvaringstemperatur 2°C Högsta förvaringstemperatur 8°C",
    "allergens": "",
    "usage": "",
    "nutrition": [
      {
        "Näringsvärde": "Energi (kcal)",
        "100 Gram": "120 kcal"
      },
      {
        "Näringsvärde": "Energi (kJ)",
        "100 Gram": "1300 kJ"
      },
      {
        "Näringsvärde": "Fett",
        "100 Gram": "32 g"
      },
      {
        "Näringsvärde": "Varav mättat fett",
        "100 Gram": "20 g"
      },
      {
        "Näringsvärde": "Kolhydrat",
        "100 Gram": "2.4 g"
      },
      {
        "Näringsvärde": "Varav sockerarter",
        "100 Gram": "2.4 g"
      },
      {
        "Näringsvärde": "Protein",
        "100 Gram": "2.4 g"
      },
      {
        "Näringsvärde": "Salt",
        "100 Gram": "0.1 g"
      },
      {
        "Näringsvärde": "Vitamin A",
        "100 Gram": "300 µg",
        "% av DRI(*)": "38"
      }
    ],
    "nutritionUnitText": "Näringsvärde per 100 gram",
    "categories": {
      "mainCategory": "Mejeri & Ost",
      "subCategories": [
        {
          "name": "Crème fraiche",
          "subSubCategories": [
            "Laktosfri crème fraiche"
          ]
        }
      ]
    }
  },
  {
    "name": "Gräddfil 12% 5dl ICA",
    "weightText": "0.5 l",
    "caPart": "",
    "weightValue": 0.5,
    "weightUnit": "l",
    "comparePrice": "43,00 kr/l",
    "currentPrice": 21.5,
    "attributes": [
      "Ursprungsland Sverige"
    ],
    "imgUrl": "https://handlaprivatkund.ica.se/images-v3/bf7a00ca-390e-4769-865f-dc369586872e/034d9a44-c48e-4578-8793-4c9b69823f64/500x500.jpg",
    "productInformation": "ICA Gräddfil är gjord på mjölk från svenska gårdar och passar bra att göra kalla såser och röror på. Du som inte hoppar jämfota när någon stoppar i chili i middagen kan ta en klick vid sidan för att mildra heta smaker. Och ska det ätas sill är det nästan ett måste att ha gräddfil och lite gräslök till. Men även om gräddfil passar till mycket så är den inte kokbar. Då är till exempel crème fraîche ett bättre val.",
    "countryText": "Sverige",
    "companyText": "ICA",
    "ingrediensText": "Högpastöriserad GRÄDDE*, syrningskultur. *Ursprung Sverige.",
    "storage": "",
    "allergens": "",
    "usage": "",
    "nutrition": [
      {
        "Näringsvärde": "Energi (kcal)",
        "100 Gram": "140 kcal"
      },
      {
        "Näringsvärde": "Energi (kJ)",
        "100 Gram": "550 kJ"
      },
      {
        "Näringsvärde": "Fett",
        "100 Gram": "12 g"
      },
      {
        "Näringsvärde": "Varav mättat fett",
        "100 Gram": "7.7 g"
      },
      {
        "Näringsvärde": "Kolhydrat",
        "100 Gram": "3.4 g"
      },
      {
        "Näringsvärde": "Varav sockerarter",
        "100 Gram": "3.4 g"
      },
      {
        "Näringsvärde": "Protein",
        "100 Gram": "3.1 g"
      },
      {
        "Näringsvärde": "Salt",
        "100 Gram": "0.1 g"
      }
    ],
    "nutritionUnitText": "Näringsvärde per 100 gram",
    "categories": {
      "mainCategory": "Mejeri & Ost",
      "subCategories": [
        {
          "name": "Gräddfil",
          "subSubCategories": [
            "Gräddfil"
          ]
        }
      ]
    }
  },
  {
    "name": "Juice Äpple 1l God Morgon®",
    "weightText": "1 l",
    "caPart": "",
    "weightValue": 1,
    "weightUnit": "l",
    "comparePrice": "25,95 kr/l",
    "currentPrice": 25.95,
    "attributes": [],
    "imgUrl": "https://handlaprivatkund.ica.se/images-v3/bf7a00ca-390e-4769-865f-dc369586872e/df2c4cab-f49d-4995-8484-f25e40dfac1f/500x500.jpg",
    "productInformation": "En ofiltrerad äppeljuice, vilket ger en fyllig, smakrik juice med äkta äppelsmak. Perfekt till frukost eller som en törstsläckare under dagen.",
    "countryText": "",
    "companyText": "God Morgon",
    "ingrediensText": "Ofiltrerad äppeljuice från koncentrat, äppelpuré från koncentrat och vitamin C. Pastöriserad.",
    "storage": "Lägsta förvaringstemperatur 2°C Högsta förvaringstemperatur 8°C",
    "allergens": "",
    "usage": "",
    "nutrition": [
      {
        "Näringsvärde": "Energi (kcal)",
        "100 Milliliter": "43 kcal"
      },
      {
        "Näringsvärde": "Energi (kJ)",
        "100 Milliliter": "183 kJ"
      },
      {
        "Näringsvärde": "Fett",
        "100 Milliliter": "0.5 g"
      },
      {
        "Näringsvärde": "Varav mättat fett",
        "100 Milliliter": "0 g"
      },
      {
        "Näringsvärde": "Kolhydrat",
        "100 Milliliter": "10 g"
      },
      {
        "Näringsvärde": "Varav sockerarter",
        "100 Milliliter": "9.7 g"
      },
      {
        "Näringsvärde": "Protein",
        "100 Milliliter": "0.5 g"
      },
      {
        "Näringsvärde": "Salt",
        "100 Milliliter": "0 g"
      },
      {
        "Näringsvärde": "Vitamin C",
        "100 Milliliter": "40 mg",
        "% av DRI(*)": "50"
      }
    ],
    "nutritionUnitText": "Näringsvärde per 100 milliliter",
    "categories": {
      "mainCategory": "Mejeri & Ost",
      "subCategories": [
        {
          "name": "Juice & Fruktdryck",
          "subSubCategories": [
            "Äppeljuice"
          ]
        }
      ]
    }
  },
  {
    "name": "Filmjölk 3% 1000g Arla Ko®",
    "weightText": "1 kg",
    "caPart": "",
    "weightValue": 1,
    "weightUnit": "kg",
    "comparePrice": "15,50 kr/kg",
    "currentPrice": 15.5,
    "attributes": [
      "Ursprungsland Sverige"
    ],
    "imgUrl": "https://handlaprivatkund.ica.se/images-v3/bf7a00ca-390e-4769-865f-dc369586872e/8ff63846-e8f1-4d20-873f-880d9d16f1b0/500x500.jpg",
    "productInformation": "Klassisk filmjölk, gjord på god svensk mjölk från Arlagårdar. Filen har en naturell, svagt syrlig smak med karakteristisk filarom.  Konsistensen är lite tjockare. Ät den naturella filen som den är eller lägg till en god müsli, flingor, frukt eller bär. Visste du att man redan på vikingatiden åt filmjölksliknande produkter? Varumärket Arla Ko visar att produkten görs på 100 procent svensk mjölk. 1000 g.",
    "countryText": "Sverige",
    "companyText": "Arla Ko",
    "ingrediensText": "Högpastöriserad MJÖLK, filkultur och vitamin D.",
    "storage": "Lägsta förvaringstemperatur 4°C Högsta förvaringstemperatur 8°C",
    "allergens": "Innehåller Mjölk",
    "usage": "",
    "nutrition": [
      {
        "Näringsvärde": "Energi (kcal)",
        "100 Gram": "58 kcal"
      },
      {
        "Näringsvärde": "Energi (kJ)",
        "100 Gram": "245 kJ"
      },
      {
        "Näringsvärde": "Fett",
        "100 Gram": "3 g"
      },
      {
        "Näringsvärde": "Varav mättat fett",
        "100 Gram": "1.9 g"
      },
      {
        "Näringsvärde": "Kolhydrat",
        "100 Gram": "3.7 g"
      },
      {
        "Näringsvärde": "Varav sockerarter",
        "100 Gram": "3.7 g"
      },
      {
        "Näringsvärde": "Protein",
        "100 Gram": "3.5 g"
      },
      {
        "Näringsvärde": "Salt",
        "100 Gram": "0.09 g"
      },
      {
        "Näringsvärde": "Vitamin D",
        "100 Gram": "1 µg",
        "% av DRI(*)": "20"
      },
      {
        "Näringsvärde": "Kalcium",
        "100 Gram": "122 mg",
        "% av DRI(*)": "15"
      }
    ],
    "nutritionUnitText": "Näringsvärde per 100 gram",
    "categories": {
      "mainCategory": "Mejeri & Ost",
      "subCategories": [
        {
          "name": "Filmjölk",
          "subSubCategories": [
            "Filmjölk naturell"
          ]
        }
      ]
    }
  },
  {
    "name": "Lätt Crème fraiche Laktosfri 13% 2dl ICA",
    "weightText": "0.2 l",
    "caPart": "",
    "weightValue": 0.2,
    "weightUnit": "l",
    "comparePrice": "87,50 kr/l",
    "currentPrice": 17.5,
    "attributes": [
      "Ursprungsland Sverige",
      "Laktosfritt"
    ],
    "imgUrl": "https://handlaprivatkund.ica.se/images-v3/bf7a00ca-390e-4769-865f-dc369586872e/3a42da92-570f-4694-aac8-076357311a5d/500x500.jpg",
    "productInformation": "ICA Crème fraîche Laktosfri Lätt är gjord på mjölk från svenska gårdar och passar för både varma och kalla rätter. Trots sin lite lägre fetthalt passar den utmärkt att låta koka.",
    "countryText": "Sverige",
    "companyText": "ICA",
    "ingrediensText": "Högpastöriserad grädde*, mjölkprotein, modifierad majsstärkelse, stabiliseringsmedel (E440, E410), syrningskultur, laktasenzym. *Ursprung Sverige.",
    "storage": "",
    "allergens": "",
    "usage": "",
    "nutrition": [
      {
        "Näringsvärde": "Energi (kcal)",
        "100 Gram": "150 kcal"
      },
      {
        "Näringsvärde": "Energi (kJ)",
        "100 Gram": "600 kJ"
      },
      {
        "Näringsvärde": "Fett",
        "100 Gram": "13 g"
      },
      {
        "Näringsvärde": "Varav fleromättat fett",
        "100 Gram": "0.3 g"
      },
      {
        "Näringsvärde": "Varav mättat fett",
        "100 Gram": "8.3 g"
      },
      {
        "Näringsvärde": "Varav enkelomättat fett",
        "100 Gram": "4 g"
      },
      {
        "Näringsvärde": "Kolhydrat",
        "100 Gram": "5.1 g"
      },
      {
        "Näringsvärde": "Varav sockerarter",
        "100 Gram": "3.2 g"
      },
      {
        "Näringsvärde": "Fiber",
        "100 Gram": "0 g"
      },
      {
        "Näringsvärde": "Protein",
        "100 Gram": "2.9 g"
      },
      {
        "Näringsvärde": "Salt",
        "100 Gram": "0.1 g"
      },
      {
        "Näringsvärde": "Vitamin A",
        "100 Gram": "140 µg",
        "% av DRI(*)": "18"
      },
      {
        "Näringsvärde": "Vitamin B12",
        "100 Gram": "0.5 µg",
        "% av DRI(*)": "20"
      }
    ],
    "nutritionUnitText": "Näringsvärde per 100 gram",
    "categories": {
      "mainCategory": "Mejeri & Ost",
      "subCategories": [
        {
          "name": "Crème fraiche",
          "subSubCategories": [
            "Laktosfri crème fraiche"
          ]
        }
      ]
    }
  },
  {
    "name": "Mellanmjölk Längre hållbarhet 1,5% 2l Arla Ko®",
    "weightText": "2 l",
    "caPart": "",
    "weightValue": 2,
    "weightUnit": "l",
    "comparePrice": "14,98 kr/l",
    "currentPrice": 29.95,
    "attributes": [
      "Ursprungsland Sverige"
    ],
    "imgUrl": "https://handlaprivatkund.ica.se/images-v3/bf7a00ca-390e-4769-865f-dc369586872e/5f2b061a-d7d9-426b-8eaf-383666b64d9b/500x500.jpg",
    "productInformation": "Mellanmjölk med lite längre hållbarhet, levererad av Arlabönder som är fast beslutna att göra det med mer omsorg om djuren och hänsyn till klimatet. Mellanmjölk har en fyllig mjölksmak och är populärt till frukostflingorna, gröten eller som måltidsdryck. Mjölk är en naturlig källa till protein, kalcium och vitamin B12. Protein bidrar till muskeluppbyggnad och kalcium behövs för att bibehålla en normal benstomme. Varumärket Arla Ko® garanterar 100% svensk mjölk. Läs mer på arla.se/klimatresa",
    "countryText": "Sverige",
    "companyText": "Arla Ko",
    "ingrediensText": "MJÖLK, vitamin D. Högpastöriserad",
    "storage": "Lägsta förvaringstemperatur 2°C Högsta förvaringstemperatur 8°C",
    "allergens": "Innehåller Mjölk",
    "usage": "",
    "nutrition": [
      {
        "Näringsvärde": "Energi (kcal)",
        "100 Gram": "47 kcal"
      },
      {
        "Näringsvärde": "Energi (kJ)",
        "100 Gram": "195 kJ"
      },
      {
        "Näringsvärde": "Fett",
        "100 Gram": "1.5 g"
      },
      {
        "Näringsvärde": "Varav mättat fett",
        "100 Gram": "1 g"
      },
      {
        "Näringsvärde": "Kolhydrat",
        "100 Gram": "4.7 g"
      },
      {
        "Näringsvärde": "Varav sockerarter",
        "100 Gram": "4.7 g"
      },
      {
        "Näringsvärde": "Protein",
        "100 Gram": "3.5 g"
      },
      {
        "Näringsvärde": "Salt",
        "100 Gram": "0.09 g"
      },
      {
        "Näringsvärde": "Vitamin B12",
        "100 Gram": "0.4 µg",
        "% av DRI(*)": "16"
      },
      {
        "Näringsvärde": "Vitamin D",
        "100 Gram": "1 µg",
        "% av DRI(*)": "20"
      },
      {
        "Näringsvärde": "Riboflavin",
        "100 Gram": "0.14 mg",
        "% av DRI(*)": "10"
      },
      {
        "Näringsvärde": "Pantotensyra",
        "100 Gram": "0.5 mg",
        "% av DRI(*)": "8"
      },
      {
        "Näringsvärde": "Kalium",
        "100 Gram": "160 mg",
        "% av DRI(*)": "8"
      },
      {
        "Näringsvärde": "Klorid",
        "100 Gram": "92 mg",
        "% av DRI(*)": "12"
      },
      {
        "Näringsvärde": "Kalcium",
        "100 Gram": "124 mg",
        "% av DRI(*)": "16"
      },
      {
        "Näringsvärde": "Fosfor",
        "100 Gram": "139 mg",
        "% av DRI(*)": "20"
      },
      {
        "Näringsvärde": "Molybden",
        "100 Gram": "3.8 µg",
        "% av DRI(*)": "8"
      }
    ],
    "nutritionUnitText": "Näringsvärde per 100 gram",
    "categories": {
      "mainCategory": "Mejeri & Ost",
      "subCategories": [
        {
          "name": "Mjölk",
          "subSubCategories": [
            "Mellanmjölk",
            "Mellanmjölk, laktos"
          ]
        }
      ]
    }
  },
  {
    "name": "Fetaost Original 150g Fontana",
    "weightText": "0.15 kg",
    "caPart": "",
    "weightValue": 0.15,
    "weightUnit": "kg",
    "comparePrice": "176,67 kr/kg",
    "currentPrice": 26.5,
    "attributes": [],
    "imgUrl": "https://handlaprivatkund.ica.se/images-v3/bf7a00ca-390e-4769-865f-dc369586872e/d9dbd587-4c62-45e6-976d-bb9436ea998a/500x500.jpg",
    "productInformation": "En traditionell fetaost gjord på den finaste mjölken från får och getter som får ströva fritt på Olympusbergets sluttningar i Norra Grekland. Smaken är lätt syrlig med väl avvägd sälta.",
    "countryText": "",
    "companyText": "Fontana",
    "ingrediensText": "INGREDIENSER: Pastöriserad fårMJÖLK (min 70%) och getMJÖLK (max 30%), havssalt, mikrobiellt ystenzym, mjölksyrakultur.",
    "storage": "Lägsta förvaringstemperatur 4°C Högsta förvaringstemperatur 8°C",
    "allergens": "",
    "usage": "",
    "nutrition": [
      {
        "Näringsvärde": "Energi (kcal)",
        "100 Gram": "276 kcal"
      },
      {
        "Näringsvärde": "Energi (kJ)",
        "100 Gram": "1143 kJ"
      },
      {
        "Näringsvärde": "Fett",
        "100 Gram": "23 g"
      },
      {
        "Näringsvärde": "Varav mättat fett",
        "100 Gram": "15 g"
      },
      {
        "Näringsvärde": "Kolhydrat",
        "100 Gram": "0.2 g"
      },
      {
        "Näringsvärde": "Varav sockerarter",
        "100 Gram": "0.2 g"
      },
      {
        "Näringsvärde": "Protein",
        "100 Gram": "17 g"
      },
      {
        "Näringsvärde": "Salt",
        "100 Gram": "2 g"
      }
    ],
    "nutritionUnitText": "Näringsvärde per 100 gram",
    "categories": {
      "mainCategory": "Mejeri & Ost",
      "subCategories": [
        {
          "name": "Ost",
          "subSubCategories": [
            "Matlagningsost",
            "Fetaost"
          ]
        }
      ]
    }
  },
  {
    "name": "Kvarg Vaniljsmak 0,2% 900g Lindahls",
    "weightText": "0.9 kg",
    "caPart": "",
    "weightValue": 0.9,
    "weightUnit": "kg",
    "comparePrice": "47,72 kr/kg",
    "currentPrice": 42.95,
    "attributes": [
      "Ursprungsland Sverige"
    ],
    "imgUrl": "https://handlaprivatkund.ica.se/images-v3/bf7a00ca-390e-4769-865f-dc369586872e/66438821-af48-427f-bda0-e04d551bf392/500x500.jpg",
    "productInformation": "Lindahls kvarg är en mild och krämig kvarg med ljuvlig smak av vanilj. Lindahls kvarg har ett högt proteininnehåll, låg fetthalt och innehåller inget tillsatt socker. Perfekt att njuta som den är eller toppa med nötter, frukt eller färska bär. Ät den efter träningen, som mellanmål eller bara när du vill ha något gott och nyttigt! Lindahls kvarg är tillverkad i Sverige med svensk mjölk.",
    "countryText": "Sverige",
    "companyText": "Lindahls",
    "ingrediensText": "Högpastöriserad MJÖLK, vassleprotein, modifierad majsstärkelse, naturlig arom, sötningsmedel (aspartam, acesulfam K), citronjuice, mald vaniljstång, mjölksyrakultur. Innehåller en källa av fenylalanin.",
    "storage": "",
    "allergens": "",
    "usage": "",
    "nutrition": [
      {
        "Näringsvärde": "Energi (kcal)",
        "100 Gram": "60 kcal"
      },
      {
        "Näringsvärde": "Energi (kJ)",
        "100 Gram": "240 kJ"
      },
      {
        "Näringsvärde": "Fett",
        "100 Gram": "0.2 g"
      },
      {
        "Näringsvärde": "Varav mättat fett",
        "100 Gram": "0 g"
      },
      {
        "Näringsvärde": "Kolhydrat",
        "100 Gram": "3.5 g"
      },
      {
        "Näringsvärde": "Varav sockerarter",
        "100 Gram": "3.2 g"
      },
      {
        "Näringsvärde": "Protein",
        "100 Gram": "10 g"
      },
      {
        "Näringsvärde": "Salt",
        "100 Gram": "0.1 g"
      }
    ],
    "nutritionUnitText": "Näringsvärde per 100 gram",
    "categories": {
      "mainCategory": "Mejeri & Ost",
      "subCategories": [
        {
          "name": "Kvarg",
          "subSubCategories": [
            "Kvarg smaksatt"
          ]
        }
      ]
    }
  },
  {
    "name": "Margarin Culinesse Flytande 66% 750ml Milda",
    "weightText": "0.75 l",
    "caPart": "",
    "weightValue": 0.75,
    "weightUnit": "l",
    "comparePrice": "39,33 kr/l",
    "currentPrice": 29.5,
    "attributes": [
      "Laktosfritt"
    ],
    "imgUrl": "https://handlaprivatkund.ica.se/images-v3/bf7a00ca-390e-4769-865f-dc369586872e/6ab964df-80b5-4715-872f-7b26aa0eebbe/500x500.jpg",
    "productInformation": "Milda Culinesse är ett 100% växtbaserat flytande margarin gjord med ingredienser från växtriket. Tack vare att den innehåller pressad olja från linfrö, solros och raps kan den hettas upp till en hög temperatur utan att bränna eller stänka. Den passar perfekt till all typ av stekning så som frasigt goda pannkakor och även till bakning av exempelvis bröd och luftiga mjuka kakor. Vegansk. Finns i 500ml och 750ml.",
    "countryText": "",
    "companyText": "Milda",
    "ingrediensText": "Ingredienser: rapsolja, vatten, vegetabiliskt fett (fullhärdad rapsolja), salt (1%), emulgator (solros- och SOJALECITIN), syra (citronsyra), naturlig arom, färgämne (naturlig karoten), vitamin A, vitamin D.",
    "storage": "Lägsta förvaringstemperatur 4°C Högsta förvaringstemperatur 8°C",
    "allergens": "",
    "usage": "",
    "nutrition": [
      {
        "Näringsvärde": "Energi (kcal)",
        "100 Milliliter": "621 kcal"
      },
      {
        "Näringsvärde": "Energi (kJ)",
        "100 Milliliter": "2555 kJ"
      },
      {
        "Näringsvärde": "Fett",
        "100 Milliliter": "69 g"
      },
      {
        "Näringsvärde": "Varav fleromättat fett",
        "100 Milliliter": "17 g"
      },
      {
        "Näringsvärde": "Varav mättat fett",
        "100 Milliliter": "6.4 g"
      },
      {
        "Näringsvärde": "Varav enkelomättat fett",
        "100 Milliliter": "45 g"
      },
      {
        "Näringsvärde": "Kolhydrat",
        "100 Milliliter": "0.5 g"
      },
      {
        "Näringsvärde": "Varav sockerarter",
        "100 Milliliter": "0.5 g"
      },
      {
        "Näringsvärde": "Protein",
        "100 Milliliter": "0.5 g"
      },
      {
        "Näringsvärde": "Salt",
        "100 Milliliter": "0.87 g"
      },
      {
        "Näringsvärde": "Vitamin A",
        "100 Milliliter": "725 µg",
        "% av DRI(*)": "91"
      },
      {
        "Näringsvärde": "Vitamin D",
        "100 Milliliter": "6.6 µg",
        "% av DRI(*)": "132"
      }
    ],
    "nutritionUnitText": "",
    "categories": {
      "mainCategory": "Mejeri & Ost",
      "subCategories": [
        {
          "name": "Smör & Margarin",
          "subSubCategories": [
            "Flytande smör & margarin"
          ]
        }
      ]
    }
  },
  {
    "name": "Riven ost Mager 12% 150g Arla Köket",
    "weightText": "0.15 kg",
    "caPart": "",
    "weightValue": 0.15,
    "weightUnit": "kg",
    "comparePrice": "199,67 kr/kg",
    "currentPrice": 29.95,
    "attributes": [
      "Nyckelhålet",
      "Ursprungsland Sverige"
    ],
    "imgUrl": "https://handlaprivatkund.ica.se/images-v3/bf7a00ca-390e-4769-865f-dc369586872e/9bad097d-e484-4427-bc8d-8558bf78c05b/500x500.jpg",
    "productInformation": "Arla Köket® riven ost Mager 12% är en blandning av de svenska ostarna Riddar® mager och Kadett® och är perfekt om du vill minska på fetthalten men ändå njuta av god och vällagad mat. Den färdigrivna osten är nyckelhålsmärkt och passar till allt – ett gott tips är att strö osten över grillad sparris och cocktailtomater tillsammans med olivolja och salt. Symbolen med den blågula mjölkkannan garanterar 100 procent svensk mjölk.",
    "countryText": "Sverige",
    "companyText": "Arla Köket",
    "ingrediensText": "Pastöriserad MJÖLK, klumpförebyggande medel (potatisstärkelse), salt, syrningskultur, ystenzym, kalciumklorid.",
    "storage": "",
    "allergens": "",
    "usage": "",
    "nutrition": [
      {
        "Näringsvärde": "Energi (kcal)",
        "100 Gram": "242 kcal"
      },
      {
        "Näringsvärde": "Energi (kJ)",
        "100 Gram": "1012 kJ"
      },
      {
        "Näringsvärde": "Fett",
        "100 Gram": "12 g"
      },
      {
        "Näringsvärde": "Varav mättat fett",
        "100 Gram": "7.8 g"
      },
      {
        "Näringsvärde": "Kolhydrat",
        "100 Gram": "1.4 g"
      },
      {
        "Näringsvärde": "Varav sockerarter",
        "100 Gram": "0 g"
      },
      {
        "Näringsvärde": "Protein",
        "100 Gram": "31 g"
      },
      {
        "Näringsvärde": "Salt",
        "100 Gram": "1.2 g"
      },
      {
        "Näringsvärde": "Kalcium",
        "100 Gram": "918 mg",
        "% av DRI(*)": "115"
      }
    ],
    "nutritionUnitText": "Näringsvärde per 100 gram",
    "categories": {
      "mainCategory": "Mejeri & Ost",
      "subCategories": [
        {
          "name": "Ost",
          "subSubCategories": [
            "Matlagningsost",
            "Riven ost"
          ]
        }
      ]
    }
  },
  {
    "name": "Mozzarella 125g ICA",
    "weightText": "0.125 kg",
    "caPart": "",
    "weightValue": 0.125,
    "weightUnit": "kg",
    "comparePrice": "135,60 kr/kg u. spad",
    "currentPrice": 16.95,
    "attributes": [],
    "imgUrl": "https://handlaprivatkund.ica.se/images-v3/bf7a00ca-390e-4769-865f-dc369586872e/7ad19f6d-66ae-4b37-b110-090f30eed9fd/500x500.jpg",
    "productInformation": "ICA Mozzarella är en mångsidig, mild och italiensk ost som passar perfekt både som smält, till exempel på pizza, eller precis som den är. Bara att skiva och servera med lite tomater, basilika och olivolja.",
    "countryText": "",
    "companyText": "ICA",
    "ingrediensText": "Pastöriserad MJÖLK*, salt, mjölkkoagulerande enzym (mikrobiellt), mjölksyrakultur. *Ursprung: Italien.",
    "storage": "",
    "allergens": "",
    "usage": "",
    "nutrition": [],
    "nutritionUnitText": "Näringsvärde per styck",
    "categories": {
      "mainCategory": "Mejeri & Ost",
      "subCategories": [
        {
          "name": "Ost",
          "subSubCategories": [
            "Matlagningsost",
            "Mozzarella"
          ]
        }
      ]
    }
  },
  {
    "name": "Riven ost 500g ICA Basic",
    "weightText": "0.5 kg",
    "caPart": "",
    "weightValue": 0.5,
    "weightUnit": "kg",
    "comparePrice": "97,00 kr/kg",
    "currentPrice": 48.5,
    "attributes": [],
    "imgUrl": "https://handlaprivatkund.ica.se/images-v3/bf7a00ca-390e-4769-865f-dc369586872e/a1a98efd-9db6-48b2-becc-2e59e9435673/500x500.jpg",
    "productInformation": "Riven ost passar i gratänger, pajer och pizza. Strö över nykokt pasta eller ta en nypa riven ost direkt i tomatsåsen för krämigare konsistens.",
    "countryText": "",
    "companyText": "ICA Basic",
    "ingrediensText": "Riven ost (pastöriserad KOMJÖLK*, majsstärkelse, salt, syrningskultur, mjölkkoagulerande enzym (mikrobiellt). *Ursprung EU.",
    "storage": "",
    "allergens": "",
    "usage": "",
    "nutrition": [
      {
        "Näringsvärde": "Energi (kcal)",
        "100 Gram": "350 kcal"
      },
      {
        "Näringsvärde": "Energi (kJ)",
        "100 Gram": "1450 kJ"
      },
      {
        "Näringsvärde": "Fett",
        "100 Gram": "28 g"
      },
      {
        "Näringsvärde": "Varav mättat fett",
        "100 Gram": "19 g"
      },
      {
        "Näringsvärde": "Kolhydrat",
        "100 Gram": "1.7 g"
      },
      {
        "Näringsvärde": "Varav sockerarter",
        "100 Gram": "0 g"
      },
      {
        "Näringsvärde": "Protein",
        "100 Gram": "23 g"
      },
      {
        "Näringsvärde": "Salt",
        "100 Gram": "1.9 g"
      }
    ],
    "nutritionUnitText": "Näringsvärde per 100 gram",
    "categories": {
      "mainCategory": "Mejeri & Ost",
      "subCategories": [
        {
          "name": "Ost",
          "subSubCategories": [
            "Matlagningsost",
            "Riven ost"
          ]
        }
      ]
    }
  },
  {
    "name": "Smör- & rapsolja flytande 80% 7,5dl Arla Köket®",
    "weightText": "0.75 l",
    "caPart": "",
    "weightValue": 0.75,
    "weightUnit": "l",
    "comparePrice": "55,33 kr/l",
    "currentPrice": 41.5,
    "attributes": [
      "Nyckelhålet",
      "Ursprungsland Sverige"
    ],
    "imgUrl": "https://handlaprivatkund.ica.se/images-v3/bf7a00ca-390e-4769-865f-dc369586872e/6e23043a-7da8-432f-96f0-15ef613d30ee/500x500.jpg",
    "productInformation": "Arla Köket® Smör- & rapsolja förhöjer smaken på allt du steker. Vår blandning av smörolja och rapsolja passar lika bra till pannkakor och köttbullar som till kött och fisk. Ska du smörja formar är Arla Smör- & rapsolja enkelt och bekvämt. Den är avsedd för stekning, men du kan även baka med flytande matfettsblaningen – framförallt matbröd, vetebröd och mjuka kakor. Till småkakor och pajdegar rekommenderas vanligt Svenskt Smör från Arla®. Arla Köket® Smör- & rapsolja har en tydlig smak av smör och är lätt att använda då den är flytande vid +8° C. Produkten är nyckelhålsmärkt.",
    "countryText": "Sverige",
    "companyText": "Arla Köket",
    "ingrediensText": "Rapsolja (67%), SKUMMJÖLK, SMÖROLJA (8%), sheaolja, kokosolja, mjölksyrakultur, salt, emulgeringsmedel (lecitin), vitamin A och D, naturlig arom.",
    "storage": "Lägsta förvaringstemperatur 2°C Högsta förvaringstemperatur 8°C",
    "allergens": "Innehåller Mjölk",
    "usage": "",
    "nutrition": [
      {
        "Näringsvärde": "Energi (kcal)",
        "100 Gram": "728 kcal"
      },
      {
        "Näringsvärde": "Energi (kJ)",
        "100 Gram": "2993 kJ"
      },
      {
        "Näringsvärde": "Fett",
        "100 Gram": "80 g"
      },
      {
        "Näringsvärde": "Varav fleromättat fett",
        "100 Gram": "20 g"
      },
      {
        "Näringsvärde": "Varav mättat fett",
        "100 Gram": "12 g"
      },
      {
        "Näringsvärde": "Varav enkelomättat fett",
        "100 Gram": "43 g"
      },
      {
        "Näringsvärde": "Kolhydrat",
        "100 Gram": "0.8 g"
      },
      {
        "Näringsvärde": "Varav sockerarter",
        "100 Gram": "0.8 g"
      },
      {
        "Näringsvärde": "Protein",
        "100 Gram": "0.5 g"
      },
      {
        "Näringsvärde": "Salt",
        "100 Gram": "0.9 g"
      },
      {
        "Näringsvärde": "Vitamin A",
        "100 Gram": "900 µg",
        "% av DRI(*)": "113"
      },
      {
        "Näringsvärde": "Vitamin D",
        "100 Gram": "20 µg",
        "% av DRI(*)": "400"
      }
    ],
    "nutritionUnitText": "Näringsvärde per 100 gram",
    "categories": {
      "mainCategory": "Mejeri & Ost",
      "subCategories": [
        {
          "name": "Smör & Margarin",
          "subSubCategories": [
            "Flytande smör & margarin"
          ]
        }
      ]
    }
  },
  {
    "name": "Riven Cheddar/Mozzarella 28% 150g ICA",
    "weightText": "0.15 kg",
    "caPart": "",
    "weightValue": 0.15,
    "weightUnit": "kg",
    "comparePrice": "163,33 kr/kg",
    "currentPrice": 24.5,
    "attributes": [],
    "imgUrl": "https://handlaprivatkund.ica.se/images-v3/bf7a00ca-390e-4769-865f-dc369586872e/d2af7cf0-31d1-42db-8904-99b810b29e3b/500x500.jpg",
    "productInformation": "Riven ost passar i gratänger, pajer och pizza. Strö över nykokt pasta eller ta en nypa riven ost direkt i tomatsåsen för krämigare konsistens.",
    "countryText": "",
    "companyText": "ICA",
    "ingrediensText": "Pastöriserad MJÖLK*, majsstärkelse, salt, syrningskultur, mjölkkoagulerande enzym (mikrobiellt), färgämne (E160a). *Ursprung EU.",
    "storage": "Kylvara. Förvaras i högst +8°C.",
    "allergens": "",
    "usage": "",
    "nutrition": [
      {
        "Näringsvärde": "Energi (kcal)",
        "100 Gram": "342 kcal"
      },
      {
        "Näringsvärde": "Energi (kJ)",
        "100 Gram": "1419 kJ"
      },
      {
        "Näringsvärde": "Fett",
        "100 Gram": "26 g"
      },
      {
        "Näringsvärde": "Varav mättat fett",
        "100 Gram": "18 g"
      },
      {
        "Näringsvärde": "Kolhydrat",
        "100 Gram": "2 g"
      },
      {
        "Näringsvärde": "Varav sockerarter",
        "100 Gram": "0.2 g"
      },
      {
        "Näringsvärde": "Protein",
        "100 Gram": "24 g"
      },
      {
        "Näringsvärde": "Salt",
        "100 Gram": "1.6 g"
      }
    ],
    "nutritionUnitText": "Näringsvärde per 100 gram",
    "categories": {
      "mainCategory": "Mejeri & Ost",
      "subCategories": [
        {
          "name": "Ost",
          "subSubCategories": [
            "Matlagningsost",
            "Riven ost"
          ]
        }
      ]
    }
  },
  {
    "name": "Grekisk Yoghurt Naturell 0,2% 1000g Arla®",
    "weightText": "1 kg",
    "caPart": "",
    "weightValue": 1,
    "weightUnit": "kg",
    "comparePrice": "44,50 kr/kg",
    "currentPrice": 44.5,
    "attributes": [
      "Nyckelhålet"
    ],
    "imgUrl": "https://handlaprivatkund.ica.se/images-v3/bf7a00ca-390e-4769-865f-dc369586872e/6f1ca255-9138-4c6a-9fc9-94e62ecf3fba/500x500.jpg",
    "productInformation": "Arla® Grekisk Yoghurt 0% är en fettfri, naturell och fyllig yoghurt. Den är superkrämig, proteinrik och perfekt som frukost eller mellanmål för dig som vill orka lite längre. Njut tillsammans med nötter, frukt eller färska bär. Yoghurten är den perfekta basen för frukostskålar, smoothies och mycket mer, möjligheterna till variation är oändliga. 1000 g.",
    "countryText": "",
    "companyText": "Arla",
    "ingrediensText": "Högpastöriserad MJÖLK, yoghurtkultur.",
    "storage": "",
    "allergens": "",
    "usage": "",
    "nutrition": [
      {
        "Näringsvärde": "Energi (kcal)",
        "100 Gram": "60 kcal"
      },
      {
        "Näringsvärde": "Energi (kJ)",
        "100 Gram": "260 kJ"
      },
      {
        "Näringsvärde": "Fett",
        "100 Gram": "0.2 g"
      },
      {
        "Näringsvärde": "Varav mättat fett",
        "100 Gram": "0.1 g"
      },
      {
        "Näringsvärde": "Kolhydrat",
        "100 Gram": "4 g"
      },
      {
        "Näringsvärde": "Varav sockerarter",
        "100 Gram": "4 g"
      },
      {
        "Näringsvärde": "Protein",
        "100 Gram": "10 g"
      },
      {
        "Näringsvärde": "Salt",
        "100 Gram": "0.14 g"
      }
    ],
    "nutritionUnitText": "Näringsvärde per 100 gram",
    "categories": {
      "mainCategory": "Mejeri & Ost",
      "subCategories": [
        {
          "name": "Yoghurt",
          "subSubCategories": [
            "Naturell yoghurt"
          ]
        }
      ]
    }
  },
  {
    "name": "Smör & Raps Normalsaltat 75% 750g Bregott®",
    "weightText": "0.75 kg",
    "caPart": "",
    "weightValue": 0.75,
    "weightUnit": "kg",
    "comparePrice": "110,60 kr/kg",
    "currentPrice": 82.95,
    "attributes": [
      "Ursprungsland Sverige"
    ],
    "imgUrl": "https://handlaprivatkund.ica.se/images-v3/bf7a00ca-390e-4769-865f-dc369586872e/8738c841-a0f9-4653-8af4-ef59579c1cab/500x500.jpg",
    "productInformation": "Bregott® Normalsaltat är en favorit på svenska smörgåsar alltsedan 1969. Kärnat till smör av svensk grädde blandat med rapsolja och en nypa salt – naturligt gott. Grädden finns med för den goda smakens skull och rapsoljan gör det lättare att bre på brödet. Bregott® Normalsaltat gör sig allra bäst på smörgåsen men passar också att steka i och baka med. Symbolen med den blågula gräddkannan garanterar att produkten är gjord på 100 procent svensk grädde.",
    "countryText": "Sverige",
    "companyText": "Bregott",
    "ingrediensText": "SMÖR (pastöriserad GRÄDDE, mjölksyrakultur), rapsolja, vatten, salt, vitamin A och D.",
    "storage": "Bör förvaras vid högst +8ºC. Lägsta förvaringstemperatur 2°C Högsta förvaringstemperatur 8°C",
    "allergens": "",
    "usage": "",
    "nutrition": [
      {
        "Näringsvärde": "Energi (kcal)",
        "100 Gram": "678 kcal"
      },
      {
        "Näringsvärde": "Energi (kJ)",
        "100 Gram": "2789 kJ"
      },
      {
        "Näringsvärde": "Fett",
        "100 Gram": "75 g"
      },
      {
        "Näringsvärde": "Varav fleromättat fett",
        "100 Gram": "8.7 g"
      },
      {
        "Näringsvärde": "Varav mättat fett",
        "100 Gram": "33 g"
      },
      {
        "Näringsvärde": "Varav enkelomättat fett",
        "100 Gram": "28 g"
      },
      {
        "Näringsvärde": "Kolhydrat",
        "100 Gram": "0.4 g"
      },
      {
        "Näringsvärde": "Varav sockerarter",
        "100 Gram": "0.4 g"
      },
      {
        "Näringsvärde": "Protein",
        "100 Gram": "0.4 g"
      },
      {
        "Näringsvärde": "Salt",
        "100 Gram": "1.2 g"
      },
      {
        "Näringsvärde": "Vitamin A",
        "100 Gram": "900 µg",
        "% av DRI(*)": "113"
      },
      {
        "Näringsvärde": "Vitamin D",
        "100 Gram": "20 µg",
        "% av DRI(*)": "400"
      }
    ],
    "nutritionUnitText": "Näringsvärde per 100 gram",
    "categories": {
      "mainCategory": "Mejeri & Ost",
      "subCategories": [
        {
          "name": "Smör & Margarin",
          "subSubCategories": [
            "Bordsask smör"
          ]
        }
      ]
    }
  },
  {
    "name": "Crème fraiche Laktosfri 32% 2dl ICA",
    "weightText": "0.2 l",
    "caPart": "",
    "weightValue": 0.2,
    "weightUnit": "l",
    "comparePrice": "92,50 kr/l",
    "currentPrice": 18.5,
    "attributes": [
      "Från Sverige",
      "Ursprungsland Sverige",
      "Laktosfritt"
    ],
    "imgUrl": "https://handlaprivatkund.ica.se/images-v3/bf7a00ca-390e-4769-865f-dc369586872e/a02caf43-1be3-479a-99ec-90fb555a1eb3/500x500.jpg",
    "productInformation": "ICA Crème fraîche Laktosfri 32% är gjord på mjölk från svenska gårdar och passar både till varma och kalla rätter. Den går utmärkt att koka och ger en krämig konsistens och rund smak.",
    "countryText": "Sverige",
    "companyText": "ICA",
    "ingrediensText": "Högpastöriserad GRÄDDE, mjölksyrakultur, laktasenzym.",
    "storage": "",
    "allergens": "",
    "usage": "",
    "nutrition": [
      {
        "Näringsvärde": "Energi (kcal)",
        "100 Gram": "310 kcal"
      },
      {
        "Näringsvärde": "Energi (kJ)",
        "100 Gram": "1300 kJ"
      },
      {
        "Näringsvärde": "Fett",
        "100 Gram": "32 g"
      },
      {
        "Näringsvärde": "Varav mättat fett",
        "100 Gram": "20 g"
      },
      {
        "Näringsvärde": "Kolhydrat",
        "100 Gram": "2.4 g"
      },
      {
        "Näringsvärde": "Varav sockerarter",
        "100 Gram": "2.4 g"
      },
      {
        "Näringsvärde": "Protein",
        "100 Gram": "2.4 g"
      },
      {
        "Näringsvärde": "Salt",
        "100 Gram": "0.1 g"
      },
      {
        "Näringsvärde": "Vitamin A",
        "100 Gram": "300 µg",
        "% av DRI(*)": "38"
      }
    ],
    "nutritionUnitText": "Näringsvärde per 100 gram",
    "categories": {
      "mainCategory": "Mejeri & Ost",
      "subCategories": [
        {
          "name": "Crème fraiche",
          "subSubCategories": [
            "Laktosfri crème fraiche"
          ]
        }
      ]
    }
  },
  {
    "name": "Havregrädde iMat 13% 2,5dl Oatly",
    "weightText": "0.25 l",
    "caPart": "",
    "weightValue": 0.25,
    "weightUnit": "l",
    "comparePrice": "43,80 kr/l",
    "currentPrice": 10.95,
    "attributes": [],
    "imgUrl": "https://handlaprivatkund.ica.se/images-v3/bf7a00ca-390e-4769-865f-dc369586872e/6b3a9622-fab3-422a-9da0-3c34ff568f0b/500x500.jpg",
    "productInformation": "iMat, används på samma sätt som matlagningsgrädde. Den är helt vegetabilisk och passar lika bra till kall som till varm matlagning.",
    "countryText": "",
    "companyText": "Oatly",
    "ingrediensText": "Ingredienser: Vatten/vann, rapsolja, HAVRE 10%, emulgeringsmedel (E472e), stabiliseringsmedel (E415), joderat salt.",
    "storage": "Produkten är en kylvara, förvaras vid max +8 grader. Öppnad förpackning hållbar minst 5 dagar.",
    "allergens": "Innehåller Spannmål som innehåller gluten",
    "usage": "",
    "nutrition": [
      {
        "Näringsvärde": "Energi (kcal)",
        "100 Milliliter": "150 kcal"
      },
      {
        "Näringsvärde": "Energi (kJ)",
        "100 Milliliter": "600 kJ"
      },
      {
        "Näringsvärde": "Fett",
        "100 Milliliter": "13 g"
      },
      {
        "Näringsvärde": "Varav mättat fett",
        "100 Milliliter": "1.6 g"
      },
      {
        "Näringsvärde": "Kolhydrat",
        "100 Milliliter": "5.8 g"
      },
      {
        "Näringsvärde": "Varav sockerarter",
        "100 Milliliter": "3.6 g"
      },
      {
        "Näringsvärde": "Fiber",
        "100 Milliliter": "0.8 g"
      },
      {
        "Näringsvärde": "Protein",
        "100 Milliliter": "0.9 g"
      },
      {
        "Näringsvärde": "Salt",
        "100 Milliliter": "0.11 g"
      }
    ],
    "nutritionUnitText": "Näringsvärde per 100 milliliter",
    "categories": {
      "mainCategory": "Mejeri & Ost",
      "subCategories": [
        {
          "name": "Grädde",
          "subSubCategories": [
            "Mjölkfri grädde"
          ]
        }
      ]
    }
  },
  {
    "name": "Lättmjölk 1,5l ICA",
    "weightText": "1.5 l",
    "caPart": "",
    "weightValue": 1.5,
    "weightUnit": "l",
    "comparePrice": "12,33 kr/l",
    "currentPrice": 18.5,
    "attributes": [
      "Nyckelhålet",
      "Ursprungsland Sverige",
      "Mjölk från Sverige"
    ],
    "imgUrl": "https://handlaprivatkund.ica.se/images-v3/bf7a00ca-390e-4769-865f-dc369586872e/0ca975c4-d304-40a5-859b-ddda8badc9d1/500x500.jpg",
    "productInformation": "ICA Lättmjölk med längre hållbarhet har värmts upp till en högre temperatur (högpastöriserad) jämfört med vanlig, traditionell lågpastöriserad mjölk. Hållbarheten är längre och smaken kan upplevas mer fyllig och gräddig. Mjölken är berikad med D-vitamin och kommer från svenska gårdar.",
    "countryText": "Sverige",
    "companyText": "ICA",
    "ingrediensText": "Högpastöriserad MJÖLK*, vitamin D. *Ursprung Sverige.",
    "storage": "Lägsta förvaringstemperatur 2°C Högsta förvaringstemperatur 8°C",
    "allergens": "Innehåller Mjölk",
    "usage": "",
    "nutrition": [
      {
        "Näringsvärde": "Energi (kcal)",
        "100 Milliliter": "38 kcal"
      },
      {
        "Näringsvärde": "Energi (kJ)",
        "100 Milliliter": "160 kJ"
      },
      {
        "Näringsvärde": "Fett",
        "100 Milliliter": "0.5 g"
      },
      {
        "Näringsvärde": "Varav mättat fett",
        "100 Milliliter": "0.3 g"
      },
      {
        "Näringsvärde": "Kolhydrat",
        "100 Milliliter": "4.7 g"
      },
      {
        "Näringsvärde": "Varav sockerarter",
        "100 Milliliter": "4.7 g"
      },
      {
        "Näringsvärde": "Protein",
        "100 Milliliter": "3.6 g"
      },
      {
        "Näringsvärde": "Salt",
        "100 Milliliter": "0.09 g"
      },
      {
        "Näringsvärde": "Vitamin B12",
        "100 Milliliter": "0.4 µg",
        "% av DRI(*)": "16"
      },
      {
        "Näringsvärde": "Vitamin D",
        "100 Milliliter": "1 µg",
        "% av DRI(*)": "20"
      },
      {
        "Näringsvärde": "Riboflavin",
        "100 Milliliter": "0.14 mg",
        "% av DRI(*)": "10"
      },
      {
        "Näringsvärde": "Pantotensyra",
        "100 Milliliter": "0.5 mg",
        "% av DRI(*)": "8"
      },
      {
        "Näringsvärde": "Kalium",
        "100 Milliliter": "160 mg",
        "% av DRI(*)": "8"
      },
      {
        "Näringsvärde": "Klorid",
        "100 Milliliter": "92 mg",
        "% av DRI(*)": "12"
      },
      {
        "Näringsvärde": "Kalcium",
        "100 Milliliter": "124 mg",
        "% av DRI(*)": "16"
      },
      {
        "Näringsvärde": "Fosfor",
        "100 Milliliter": "139 mg",
        "% av DRI(*)": "20"
      },
      {
        "Näringsvärde": "Molybden",
        "100 Milliliter": "3.8 µg",
        "% av DRI(*)": "8"
      },
      {
        "Näringsvärde": "Jod",
        "100 Milliliter": "22 µg",
        "% av DRI(*)": "15"
      }
    ],
    "nutritionUnitText": "Näringsvärde per 100 milliliter",
    "categories": {
      "mainCategory": "Mejeri & Ost",
      "subCategories": [
        {
          "name": "Mjölk",
          "subSubCategories": [
            "Lättmjölk",
            "Lättmjölk, laktos"
          ]
        }
      ]
    }
  },
  {
    "name": "Mozzarella Italiensk 125g Zeta",
    "weightText": "0.125 kg",
    "caPart": "",
    "weightValue": 0.125,
    "weightUnit": "kg",
    "comparePrice": "167,60 kr/kg u. spad",
    "currentPrice": 20.95,
    "attributes": [],
    "imgUrl": "https://handlaprivatkund.ica.se/images-v3/bf7a00ca-390e-4769-865f-dc369586872e/22d5f1ac-84bc-4eab-803b-d71916dcab47/500x500.jpg",
    "productInformation": "Zeta Mozzarella italiensk, av pastöriserad komjölk. Mozzarellan är mild i smaken med viss syrlighet och är god till sallader, pastarätter och lyxiga smörgåsar.",
    "countryText": "",
    "companyText": "Zeta",
    "ingrediensText": "Ingredienser: Pastöriserad koMJÖLK, salt, ystenzym, syrningskultur.",
    "storage": "Lägsta förvaringstemperatur 2°C Högsta förvaringstemperatur 8°C",
    "allergens": "",
    "usage": "",
    "nutrition": [
      {
        "Näringsvärde": "Energi (kcal)",
        "100 Gram": "225 kcal"
      },
      {
        "Näringsvärde": "Energi (kJ)",
        "100 Gram": "935 kJ"
      },
      {
        "Näringsvärde": "Fett",
        "100 Gram": "17 g"
      },
      {
        "Näringsvärde": "Varav mättat fett",
        "100 Gram": "12 g"
      },
      {
        "Näringsvärde": "Kolhydrat",
        "100 Gram": "1 g"
      },
      {
        "Näringsvärde": "Varav sockerarter",
        "100 Gram": "1 g"
      },
      {
        "Näringsvärde": "Protein",
        "100 Gram": "17 g"
      },
      {
        "Näringsvärde": "Salt",
        "100 Gram": "0.6 g"
      }
    ],
    "nutritionUnitText": "",
    "categories": {
      "mainCategory": "Mejeri & Ost",
      "subCategories": [
        {
          "name": "Ost",
          "subSubCategories": [
            "Matlagningsost",
            "Mozzarella"
          ]
        }
      ]
    }
  },
  {
    "name": "Crème fraiche 32% 5dl Arla Köket®",
    "weightText": "0.5 l",
    "caPart": "",
    "weightValue": 0.5,
    "weightUnit": "l",
    "comparePrice": "73,90 kr/l",
    "currentPrice": 36.95,
    "attributes": [
      "Ursprungsland Sverige"
    ],
    "imgUrl": "https://handlaprivatkund.ica.se/images-v3/bf7a00ca-390e-4769-865f-dc369586872e/8a1950f9-ee51-4fe1-ab2d-d4f97175c640/500x500.jpg",
    "productInformation": "Arla Köket® Crème fraiche 32% är en syrad grädde med en tydlig karaktär. Gräddig med mild syrlig smak och tjock krämig konsistens. Crème fraiche tillverkas genom syrning av grädde från svenska Arlagårdar. Crème fraiche är mycket användbar i både kall och varm mat. Använd den med fördel i grytor, soppor och såser men även i kalla såser och röror eller som ett krämigt tillbehör. Kan vispas upp till fast konsistens. Symbolen med den blågula gräddkannan garanterar 100 procent svensk grädde.",
    "countryText": "Sverige",
    "companyText": "Arla Köket",
    "ingrediensText": "Pastöriserad GRÄDDE, syrningskultur.",
    "storage": "",
    "allergens": "Innehåller Mjölk",
    "usage": "",
    "nutrition": [
      {
        "Näringsvärde": "Energi (kcal)",
        "100 Gram": "309 kcal"
      },
      {
        "Näringsvärde": "Energi (kJ)",
        "100 Gram": "1275 kJ"
      },
      {
        "Näringsvärde": "Fett",
        "100 Gram": "32 g"
      },
      {
        "Näringsvärde": "Varav mättat fett",
        "100 Gram": "20 g"
      },
      {
        "Näringsvärde": "Kolhydrat",
        "100 Gram": "2.4 g"
      },
      {
        "Näringsvärde": "Varav sockerarter",
        "100 Gram": "2.4 g"
      },
      {
        "Näringsvärde": "Protein",
        "100 Gram": "2.4 g"
      },
      {
        "Näringsvärde": "Salt",
        "100 Gram": "0.07 g"
      },
      {
        "Näringsvärde": "Vitamin A",
        "100 Gram": "300 µg",
        "% av DRI(*)": "38"
      }
    ],
    "nutritionUnitText": "Näringsvärde per 100 gram",
    "categories": {
      "mainCategory": "Mejeri & Ost",
      "subCategories": [
        {
          "name": "Crème fraiche",
          "subSubCategories": [
            "Crème fraiche naturell"
          ]
        }
      ]
    }
  },
  {
    "name": "Yoghurt Original Skogsbär 2% 1000g Yoggi®",
    "weightText": "1 kg",
    "caPart": "",
    "weightValue": 1,
    "weightUnit": "kg",
    "comparePrice": "28,95 kr/kg",
    "currentPrice": 28.95,
    "attributes": [
      "FSC, Forest Stewardship Council",
      "Ursprungsland Sverige"
    ],
    "imgUrl": "https://handlaprivatkund.ica.se/images-v3/bf7a00ca-390e-4769-865f-dc369586872e/0f0106ad-2aa3-4e9b-8f9c-0d807bffb277/500x500.jpg",
    "productInformation": "Krämig fruktyoghurt med mycket frukt och mild, rund smak av skogsbär – jordgubbar, blåbär, björnbär, hallon och lingon. Arla Yoggi® Original skogsbär är en njutning som mättar och ger energi. Smaken är helt naturlig och det är skogens bär som skänkt yoghurten den fina färgen. Yoggi yoghurt passar både stor och liten, servera till frukost, som ett snabbt mellanmål eller en enkel dessert.",
    "countryText": "Sverige",
    "companyText": "Yoggi",
    "ingrediensText": "MJÖLK, bär 8% (jordgubbar, hallon, blåbär, björnbär, lingon), socker 7,5%, MJÖLKPROTEIN, majsstärkelse, naturlig arom, yoghurtkultur, vitamin D. Mjölken är högpastöriserad.",
    "storage": "",
    "allergens": "Innehåller Mjölk",
    "usage": "",
    "nutrition": [
      {
        "Näringsvärde": "Energi (kcal)",
        "100 Gram": "80 kcal"
      },
      {
        "Näringsvärde": "Energi (kJ)",
        "100 Gram": "350 kJ"
      },
      {
        "Näringsvärde": "Fett",
        "100 Gram": "2 g"
      },
      {
        "Näringsvärde": "Varav mättat fett",
        "100 Gram": "1.3 g"
      },
      {
        "Näringsvärde": "Kolhydrat",
        "100 Gram": "12 g"
      },
      {
        "Näringsvärde": "Varav sockerarter",
        "100 Gram": "11 g"
      },
      {
        "Näringsvärde": "Protein",
        "100 Gram": "3.4 g"
      },
      {
        "Näringsvärde": "Salt",
        "100 Gram": "0.1 g"
      },
      {
        "Näringsvärde": "Vitamin D",
        "100 Gram": "0.93 µg",
        "% av DRI(*)": "19"
      }
    ],
    "nutritionUnitText": "Näringsvärde per 100 gram",
    "categories": {
      "mainCategory": "Mejeri & Ost",
      "subCategories": [
        {
          "name": "Yoghurt",
          "subSubCategories": [
            "Smaksatt yoghurt"
          ]
        }
      ]
    }
  },
  {
    "name": "Äpplejuice 2l Bravo",
    "weightText": "2 l",
    "caPart": "",
    "weightValue": 2,
    "weightUnit": "l",
    "comparePrice": "23,25 kr/l",
    "currentPrice": 46.5,
    "attributes": [],
    "imgUrl": "https://handlaprivatkund.ica.se/images-v3/bf7a00ca-390e-4769-865f-dc369586872e/4ee998cf-3336-4402-8971-4c146851fdf2/500x500.jpg",
    "productInformation": "Information från leverantör \n Njut av hela två liter äpplejuice! Bravo är juice så som juice ska vara, 100 % naturlig, utan tillsatt socker eller andra tillsatser. Bravo är dessutom Sveriges största juice, vilket naturligtvis har med den goda smaken att göra.",
    "countryText": "",
    "companyText": "Bravo",
    "ingrediensText": "Äpplejuice.",
    "storage": "Lägsta förvaringstemperatur 2°C Högsta förvaringstemperatur 8°C",
    "allergens": "",
    "usage": "",
    "nutrition": [
      {
        "Näringsvärde": "Energi (kcal)",
        "100 Gram": "45 kcal"
      },
      {
        "Näringsvärde": "Energi (kJ)",
        "100 Gram": "180 kJ"
      },
      {
        "Näringsvärde": "Fett",
        "100 Gram": "0 g"
      },
      {
        "Näringsvärde": "Varav mättat fett",
        "100 Gram": "0 g"
      },
      {
        "Näringsvärde": "Kolhydrat",
        "100 Gram": "9.5 g"
      },
      {
        "Näringsvärde": "Varav sockerarter",
        "100 Gram": "9.5 g"
      },
      {
        "Näringsvärde": "Fiber",
        "100 Gram": "0.2 g"
      },
      {
        "Näringsvärde": "Protein",
        "100 Gram": "0 g"
      },
      {
        "Näringsvärde": "Salt",
        "100 Gram": "0 g"
      }
    ],
    "nutritionUnitText": "Näringsvärde per 100 gram",
    "categories": {
      "mainCategory": "Mejeri & Ost",
      "subCategories": [
        {
          "name": "Juice & Fruktdryck",
          "subSubCategories": [
            "Äppeljuice"
          ]
        }
      ]
    }
  },
  {
    "name": "Cottage cheese Mini 1,5% 500g KESO®",
    "weightText": "0.5 kg",
    "caPart": "",
    "weightValue": 0.5,
    "weightUnit": "kg",
    "comparePrice": "65,00 kr/kg",
    "currentPrice": 32.5,
    "attributes": [
      "Nyckelhålet",
      "Ursprungsland Sverige"
    ],
    "imgUrl": "https://handlaprivatkund.ica.se/images-v3/bf7a00ca-390e-4769-865f-dc369586872e/66645470-d965-4f92-9a51-f4f89ff3e028/500x500.jpg",
    "productInformation": "Färskost med låg fetthalt och grynig konsistens, tillverkad av svensk mjölk från Arlagårdar. För att bli krämig och smakrik blandas ostkornen med mjölk och lite salt. KESO® Cottage Cheese mini 1,5% är perfekt för dig som vill ha en lägre fetthalt och färre kalorier. Produkten är nyckelhålsmärkt och har ett naturligt högt proteininnehåll med 13g protein/100g vilket mättar bra. Ät som den är eller tillsammans med det du gillar. Använd som proteinrik huvudingrediens eller som tillbehör som röra, topping eller dipp vid matlagning och bakning. KESO® passar utmärkt som ett gott mellanmål, exempelvis vid träning. Symbolen med den blågula mjölkkannan garanterar 100 procent svensk mjölk. Den nya pappersbägaren har 60% lägre klimatpåverkan än den tidigare i plast.",
    "countryText": "Sverige",
    "companyText": "Keso",
    "ingrediensText": "Pastöriserad MJÖLK, modifierad potatisstärkelse, salt, VASSLEPERMEAT, syrningskultur, ystenzym.",
    "storage": "Lägsta förvaringstemperatur 2°C Högsta förvaringstemperatur 8°C",
    "allergens": "Innehåller Mjölk",
    "usage": "",
    "nutrition": [
      {
        "Näringsvärde": "Energi (kcal)",
        "100 Gram": "73 kcal"
      },
      {
        "Näringsvärde": "Energi (kJ)",
        "100 Gram": "306 kJ"
      },
      {
        "Näringsvärde": "Fett",
        "100 Gram": "1.5 g"
      },
      {
        "Näringsvärde": "Varav mättat fett",
        "100 Gram": "1 g"
      },
      {
        "Näringsvärde": "Kolhydrat",
        "100 Gram": "3.1 g"
      },
      {
        "Näringsvärde": "Varav sockerarter",
        "100 Gram": "2.6 g"
      },
      {
        "Näringsvärde": "Protein",
        "100 Gram": "12 g"
      },
      {
        "Näringsvärde": "Salt",
        "100 Gram": "0.78 g"
      }
    ],
    "nutritionUnitText": "",
    "categories": {
      "mainCategory": "Mejeri & Ost",
      "subCategories": [
        {
          "name": "Cottage cheese",
          "subSubCategories": [
            "Cottage cheese naturell"
          ]
        }
      ]
    }
  },
  {
    "name": "Cottage cheese Naturell 4% 500g ICA",
    "weightText": "0.5 kg",
    "caPart": "",
    "weightValue": 0.5,
    "weightUnit": "kg",
    "comparePrice": "61,00 kr/kg",
    "currentPrice": 30.5,
    "attributes": [
      "Nyckelhålet",
      "Ursprungsland Sverige",
      "Mjölk från Sverige"
    ],
    "imgUrl": "https://handlaprivatkund.ica.se/images-v3/bf7a00ca-390e-4769-865f-dc369586872e/7d67e1b1-5d3f-40fb-a22b-833455a26e22/500x500.jpg",
    "productInformation": "ICA Cottage cheese naturell är en grynig färskost. Passar som mellanmål tillsammans med färska bär eller som tillbehör i en sallad.",
    "countryText": "Sverige",
    "companyText": "ICA",
    "ingrediensText": "Pastöriserad MJÖLK* och GRÄDDE*, salt, konserveringsmedel (E202), syrningskultur, mjölkkoagulerande enzym (mikrobiellt). *Ursprung Sverige.",
    "storage": "Lägsta förvaringstemperatur 2°C Högsta förvaringstemperatur 8°C",
    "allergens": "",
    "usage": "",
    "nutrition": [
      {
        "Näringsvärde": "Energi (kcal)",
        "100 Gram": "93 kcal"
      },
      {
        "Näringsvärde": "Energi (kJ)",
        "100 Gram": "391 kJ"
      },
      {
        "Näringsvärde": "Fett",
        "100 Gram": "4 g"
      },
      {
        "Näringsvärde": "Varav mättat fett",
        "100 Gram": "2.6 g"
      },
      {
        "Näringsvärde": "Kolhydrat",
        "100 Gram": "1.6 g"
      },
      {
        "Näringsvärde": "Varav sockerarter",
        "100 Gram": "1.6 g"
      },
      {
        "Näringsvärde": "Protein",
        "100 Gram": "13 g"
      },
      {
        "Näringsvärde": "Salt",
        "100 Gram": "0.82 g"
      }
    ],
    "nutritionUnitText": "",
    "categories": {
      "mainCategory": "Mejeri & Ost",
      "subCategories": [
        {
          "name": "Cottage cheese",
          "subSubCategories": [
            "Cottage cheese naturell"
          ]
        }
      ]
    }
  },
  {
    "name": "Färsk standardmjölk Ekologisk 3,0% 1l Arla Ko®",
    "weightText": "1 l",
    "caPart": "",
    "weightValue": 1,
    "weightUnit": "l",
    "comparePrice": "17,50 kr/l",
    "currentPrice": 17.5,
    "attributes": [
      "EU Ekologiskt",
      "Ursprungsland Sverige",
      "Ekologiskt",
      "KRAV"
    ],
    "imgUrl": "https://handlaprivatkund.ica.se/images-v3/bf7a00ca-390e-4769-865f-dc369586872e/1981d6df-6673-46be-b613-0a5be837c03a/500x500.jpg",
    "productInformation": "Ekologisk mjölk från Arla, gjord på svensk mjölk från Arlagårdar, har en rund och fyllig smak med tydligt inslag av grädde. Den goda smaken gör att mjölken passar extra bra i kaffe, te och choklad. Standardmjölk - röd mjölk - kan med fördel användas i matlagning, till bär och gröt. Arla Ko® ekologisk färsk mjölk är en naturlig källa till bland annat protein, kalcium och vitamin B12. Protein bidrar till muskeluppbyggnad och kalcium behövs för att bibehålla en normal benstomme. Varumärket Arla Ko® garanterar att produkten är gjord på 100 procent svensk mjölk.",
    "countryText": "Sverige",
    "companyText": "Arla Ko",
    "ingrediensText": "MJÖLK*, vitamin D. Lågpastöriserad. *KRAV- ekologisk ingrediens.",
    "storage": "Lägsta förvaringstemperatur 2°C Högsta förvaringstemperatur 8°C",
    "allergens": "Innehåller Mjölk",
    "usage": "",
    "nutrition": [
      {
        "Näringsvärde": "Energi (kcal)",
        "100 Gram": "59 kcal"
      },
      {
        "Näringsvärde": "Energi (kJ)",
        "100 Gram": "248 kJ"
      },
      {
        "Näringsvärde": "Fett",
        "100 Gram": "3 g"
      },
      {
        "Näringsvärde": "Varav mättat fett",
        "100 Gram": "1.9 g"
      },
      {
        "Näringsvärde": "Kolhydrat",
        "100 Gram": "4.6 g"
      },
      {
        "Näringsvärde": "Varav sockerarter",
        "100 Gram": "4.6 g"
      },
      {
        "Näringsvärde": "Protein",
        "100 Gram": "3.5 g"
      },
      {
        "Näringsvärde": "Salt",
        "100 Gram": "0.09 g"
      },
      {
        "Näringsvärde": "Vitamin B12",
        "100 Gram": "0.4 µg",
        "% av DRI(*)": "16"
      },
      {
        "Näringsvärde": "Vitamin D",
        "100 Gram": "1 µg",
        "% av DRI(*)": "20"
      },
      {
        "Näringsvärde": "Riboflavin",
        "100 Gram": "0.14 mg",
        "% av DRI(*)": "10"
      },
      {
        "Näringsvärde": "Pantotensyra",
        "100 Gram": "0.5 mg",
        "% av DRI(*)": "8"
      },
      {
        "Näringsvärde": "Kalium",
        "100 Gram": "160 mg",
        "% av DRI(*)": "8"
      },
      {
        "Näringsvärde": "Klorid",
        "100 Gram": "92 mg",
        "% av DRI(*)": "12"
      },
      {
        "Näringsvärde": "Kalcium",
        "100 Gram": "124 mg",
        "% av DRI(*)": "16"
      },
      {
        "Näringsvärde": "Fosfor",
        "100 Gram": "139 mg",
        "% av DRI(*)": "20"
      },
      {
        "Näringsvärde": "Molybden",
        "100 Gram": "3.8 µg",
        "% av DRI(*)": "8"
      }
    ],
    "nutritionUnitText": "Näringsvärde per 100 gram",
    "categories": {
      "mainCategory": "Mejeri & Ost",
      "subCategories": [
        {
          "name": "Mjölk",
          "subSubCategories": [
            "Standardmjölk",
            "Standardmjölk, laktos"
          ]
        }
      ]
    }
  },
  {
    "name": "Gräddfil Laktosfri 10% 3dl Arla Ko®",
    "weightText": "0.3 l",
    "caPart": "",
    "weightValue": 0.3,
    "weightUnit": "l",
    "comparePrice": "53,17 kr/l",
    "currentPrice": 15.95,
    "attributes": [
      "Ursprungsland Sverige",
      "Laktosfritt"
    ],
    "imgUrl": "https://handlaprivatkund.ica.se/images-v3/bf7a00ca-390e-4769-865f-dc369586872e/ddfb2755-9d7e-433b-9e1b-f9e99869cde7/500x500.jpg",
    "productInformation": "Arla Ko® Laktosfri gräddfil 10% tillverkad av färsk grädde från svenska Arlagårdar. Gräddfil är en riktig klassiker som har sin självklara plats i mat till såväl vardag som helg. Laktosfri gräddfil har en svagt syrlig och gräddig, lite söt smak med en lätt krämig konsistens. Gräddfil används med fördel som en svalkande klick till soppor och grytor, till tacos och bakad potatis. Utmärkt i kalla såser, dressingar och dip och i krämiga sallader. I mjuka kakor ger gräddfil saftighet och i desserter som tex pannacotta en fräschare känsla. Varumärket Arla Ko® garanterar att produkten är gjord på 100 procent svensk mjölk.",
    "countryText": "Sverige",
    "companyText": "Arla Ko",
    "ingrediensText": "Pastöriserad GRÄDDE, laktasenzym, syrningskultur.",
    "storage": "Lägsta förvaringstemperatur 2°C Högsta förvaringstemperatur 8°C",
    "allergens": "",
    "usage": "",
    "nutrition": [
      {
        "Näringsvärde": "Energi (kcal)",
        "100 Gram": "119 kcal"
      },
      {
        "Näringsvärde": "Energi (kJ)",
        "100 Gram": "495 kJ"
      },
      {
        "Näringsvärde": "Fett",
        "100 Gram": "10 g"
      },
      {
        "Näringsvärde": "Varav mättat fett",
        "100 Gram": "6.5 g"
      },
      {
        "Näringsvärde": "Kolhydrat",
        "100 Gram": "3.4 g"
      },
      {
        "Näringsvärde": "Varav sockerarter",
        "100 Gram": "3.4 g"
      },
      {
        "Näringsvärde": "Protein",
        "100 Gram": "3.2 g"
      },
      {
        "Näringsvärde": "Salt",
        "100 Gram": "0.08 g"
      }
    ],
    "nutritionUnitText": "Näringsvärde per 100 gram",
    "categories": {
      "mainCategory": "Mejeri & Ost",
      "subCategories": [
        {
          "name": "Gräddfil",
          "subSubCategories": [
            "Laktosfri gräddfil"
          ]
        }
      ]
    }
  },
  {
    "name": "Vispgrädde Laktosfri 36% 2,5dl ICA",
    "weightText": "0.25 l",
    "caPart": "",
    "weightValue": 0.25,
    "weightUnit": "l",
    "comparePrice": "78,00 kr/l",
    "currentPrice": 19.5,
    "attributes": [
      "Ursprungsland Sverige",
      "Mjölk från Sverige",
      "Laktosfritt"
    ],
    "imgUrl": "https://handlaprivatkund.ica.se/images-v3/bf7a00ca-390e-4769-865f-dc369586872e/3077be46-2b4d-4389-9481-94e25562c826/500x500.jpg",
    "productInformation": "ICA Vispgrädde Laktosfri passar dig som är laktosintolerant och kan användas precis som vanlig grädde, på tårtor och bakelser men även i matlagning. Den är gjord av svensk mjölk och har lite längre hållbarhet. Vispa den när den kommer direkt från kylen för bästa resultat.",
    "countryText": "Sverige",
    "companyText": "ICA",
    "ingrediensText": "Högpastöriserad GRÄDDE*, stabiliseringsmedel (E407), laktasenzym. *Ursprung Sverige.",
    "storage": "Kylvara. Förvaras vid högst +8C.",
    "allergens": "Innehåller Mjölk",
    "usage": "",
    "nutrition": [
      {
        "Näringsvärde": "Energi (kcal)",
        "100 Gram": "346 kcal"
      },
      {
        "Näringsvärde": "Energi (kJ)",
        "100 Gram": "1427 kJ"
      },
      {
        "Näringsvärde": "Fett",
        "100 Gram": "36 g"
      },
      {
        "Näringsvärde": "Varav mättat fett",
        "100 Gram": "23 g"
      },
      {
        "Näringsvärde": "Kolhydrat",
        "100 Gram": "3.2 g"
      },
      {
        "Näringsvärde": "Varav sockerarter",
        "100 Gram": "3.2 g"
      },
      {
        "Näringsvärde": "Protein",
        "100 Gram": "2.4 g"
      },
      {
        "Näringsvärde": "Salt",
        "100 Gram": "0.06 g"
      }
    ],
    "nutritionUnitText": "Näringsvärde per 100 gram",
    "categories": {
      "mainCategory": "Mejeri & Ost",
      "subCategories": [
        {
          "name": "Grädde",
          "subSubCategories": [
            "Laktosfri grädde",
            "Laktosfri vispgrädde"
          ]
        }
      ]
    }
  },
  {
    "name": "Matlagningsalternativ Mat 4% Laktosfri 250ml Flora",
    "weightText": "0.25 l",
    "caPart": "",
    "weightValue": 0.25,
    "weightUnit": "l",
    "comparePrice": "47,80 kr/l",
    "currentPrice": 11.95,
    "attributes": [
      "Laktosfritt"
    ],
    "imgUrl": "https://handlaprivatkund.ica.se/images-v3/bf7a00ca-390e-4769-865f-dc369586872e/64b6ed2c-b539-4e4b-a5fc-04506fddd2dd/500x500.jpg",
    "productInformation": "Flora by Milda Mat 4% Laktosfri används som en lätt matlagningsgrädde. Denna matlagningsprodukt är gjord med vegetabiliska oljor så som rapsolja blandat med kärnmjölk. Ger god och fyllig smak samt krämig konsistens till maträtten. Är perfekt till soppor, grytor och gratänger.",
    "countryText": "",
    "companyText": "Flora",
    "ingrediensText": "INGREDIENSER: Vatten, låglaktos SKUMMJÖLK, KÄRNMJÖLK, vegetabiliska oljor (palm#, raps), modifierad stärkelse, stabiliseringsmedel (xantangummi, metylcellulosa), emulgeringsmedel (polysorbat 60), laktasenzym, aromer (innehåller MJÖLK), färgämne (karotener). # Bidrar till produktionen av certifierad hållbar palmolja (4-1117-19-100-00).",
    "storage": "Förvaras mellan 2‒8°C. Öppnad förpackning förvaras kyld vid +2-8 °C. Lägsta förvaringstemperatur 2°C Högsta förvaringstemperatur 8°C",
    "allergens": "Innehåller Mjölk",
    "usage": "",
    "nutrition": [
      {
        "Näringsvärde": "Energi (kcal)",
        "100 Milliliter": "60 kcal"
      },
      {
        "Näringsvärde": "Energi (kJ)",
        "100 Milliliter": "251 kJ"
      },
      {
        "Näringsvärde": "Fett",
        "100 Milliliter": "4.4 g"
      },
      {
        "Näringsvärde": "Varav mättat fett",
        "100 Milliliter": "1.4 g"
      },
      {
        "Näringsvärde": "Kolhydrat",
        "100 Milliliter": "4.5 g"
      },
      {
        "Näringsvärde": "Varav sockerarter",
        "100 Milliliter": "1.7 g"
      },
      {
        "Näringsvärde": "Protein",
        "100 Milliliter": "1.1 g"
      },
      {
        "Näringsvärde": "Salt",
        "100 Milliliter": "0.1 g"
      }
    ],
    "nutritionUnitText": "Näringsvärde per 100 milliliter",
    "categories": {
      "mainCategory": "Mejeri & Ost",
      "subCategories": [
        {
          "name": "Grädde",
          "subSubCategories": [
            "Mjölkfri grädde"
          ]
        }
      ]
    }
  },
  {
    "name": "Fil Naturell 3% 1000g ICA",
    "weightText": "1 kg",
    "caPart": "",
    "weightValue": 1,
    "weightUnit": "kg",
    "comparePrice": "14,50 kr/kg",
    "currentPrice": 14.5,
    "attributes": [
      "Från Sverige",
      "Ursprungsland Sverige"
    ],
    "imgUrl": "https://handlaprivatkund.ica.se/images-v3/bf7a00ca-390e-4769-865f-dc369586872e/8d6fd018-244a-4b8b-b399-5c61c7fa5772/500x500.jpg",
    "productInformation": "ICA Fil Naturell är en krämig yoghurt med naturell smak som du kan göra vad du vill med: använda i matlagning eller äta till frukost med müsli och kanske lite honung.",
    "countryText": "Sverige",
    "companyText": "ICA",
    "ingrediensText": "Högpastöriserad mjölk, filmjölkskultur, vitamin D.",
    "storage": "Lägsta förvaringstemperatur 2°C Högsta förvaringstemperatur 8°C",
    "allergens": "Innehåller Mjölk",
    "usage": "",
    "nutrition": [
      {
        "Näringsvärde": "Energi (kcal)",
        "100 Gram": "60 kcal"
      },
      {
        "Näringsvärde": "Energi (kJ)",
        "100 Gram": "260 kJ"
      },
      {
        "Näringsvärde": "Fett",
        "100 Gram": "3 g"
      },
      {
        "Näringsvärde": "Varav mättat fett",
        "100 Gram": "2 g"
      },
      {
        "Näringsvärde": "Kolhydrat",
        "100 Gram": "4.1 g"
      },
      {
        "Näringsvärde": "Varav sockerarter",
        "100 Gram": "4.1 g"
      },
      {
        "Näringsvärde": "Protein",
        "100 Gram": "3.6 g"
      },
      {
        "Näringsvärde": "Salt",
        "100 Gram": "0.1 g"
      },
      {
        "Näringsvärde": "Vitamin B12",
        "100 Gram": "0.35 µg"
      },
      {
        "Näringsvärde": "Vitamin D",
        "100 Gram": "1 µg"
      },
      {
        "Näringsvärde": "Riboflavin",
        "100 Gram": "0.15 mg"
      },
      {
        "Näringsvärde": "Kalcium",
        "100 Gram": "120 mg"
      },
      {
        "Näringsvärde": "Fosfor",
        "100 Gram": "105 mg"
      },
      {
        "Näringsvärde": "Jod",
        "100 Gram": "12 µg"
      }
    ],
    "nutritionUnitText": "Näringsvärde per 100 gram",
    "categories": {
      "mainCategory": "Mejeri & Ost",
      "subCategories": [
        {
          "name": "Filmjölk",
          "subSubCategories": [
            "Filmjölk naturell"
          ]
        }
      ]
    }
  },
  {
    "name": "Grekisk Yoghurt Mild Naturell 6% 1000g Arla Ko®",
    "weightText": "1 kg",
    "caPart": "",
    "weightValue": 1,
    "weightUnit": "kg",
    "comparePrice": "30,95 kr/kg",
    "currentPrice": 30.95,
    "attributes": [
      "Ursprungsland Sverige"
    ],
    "imgUrl": "https://handlaprivatkund.ica.se/images-v3/bf7a00ca-390e-4769-865f-dc369586872e/eb8b66e9-b5c3-42d8-aca8-8647d8384453/500x500.jpg",
    "productInformation": "Mild grekisk yoghurt, gjord på svensk mjölk från Arlagårdar och grekisk mild yoghurtkultur. Den har en krämig och len konsistens och fyllig  yoghurtsmak. Arlas milda naturella grekiska yoghurt är perfekt till frukost och mellanmål för hela familjen. Ät den som den är eller toppa med müsli, flingor, frukt och bär. Varumärket Arla Ko® garanterar att produkten är gjord på 100 procent svensk mjölk.",
    "countryText": "Sverige",
    "companyText": "Arla Ko",
    "ingrediensText": "Högpastöriserad MJÖLK och GRÄDDE, grekisk mild yoghurtkultur.",
    "storage": "",
    "allergens": "",
    "usage": "",
    "nutrition": [
      {
        "Näringsvärde": "Energi (kcal)",
        "100 Gram": "84 kcal"
      },
      {
        "Näringsvärde": "Energi (kJ)",
        "100 Gram": "352 kJ"
      },
      {
        "Näringsvärde": "Fett",
        "100 Gram": "6 g"
      },
      {
        "Näringsvärde": "Varav mättat fett",
        "100 Gram": "3.9 g"
      },
      {
        "Näringsvärde": "Kolhydrat",
        "100 Gram": "3.6 g"
      },
      {
        "Näringsvärde": "Varav sockerarter",
        "100 Gram": "3.6 g"
      },
      {
        "Näringsvärde": "Protein",
        "100 Gram": "3.4 g"
      },
      {
        "Näringsvärde": "Salt",
        "100 Gram": "0.08 g"
      },
      {
        "Näringsvärde": "Kalcium",
        "100 Gram": "119 mg",
        "% av DRI(*)": "15"
      }
    ],
    "nutritionUnitText": "Näringsvärde per 100 gram",
    "categories": {
      "mainCategory": "Mejeri & Ost",
      "subCategories": [
        {
          "name": "Yoghurt",
          "subSubCategories": [
            "Naturell yoghurt"
          ]
        }
      ]
    }
  },
  {
    "name": "A-fil Naturell 3% 1000g ICA",
    "weightText": "1 kg",
    "caPart": "",
    "weightValue": 1,
    "weightUnit": "kg",
    "comparePrice": "16,95 kr/kg",
    "currentPrice": 16.95,
    "attributes": [
      "Från Sverige",
      "Ursprungsland Sverige"
    ],
    "imgUrl": "https://handlaprivatkund.ica.se/images-v3/bf7a00ca-390e-4769-865f-dc369586872e/d8425388-7fbe-4a5f-85b5-d7e271dfa608/500x500.jpg",
    "productInformation": "ICA A-fil har lite syrlig smak och krämig konsistens. Den är god att äta som den är eller med flingor, bär och hackade nötter. Vi gör vår A-fil på mjölk från svenska gårdar.",
    "countryText": "Sverige",
    "companyText": "ICA",
    "ingrediensText": "Högpastöriserad mjölk, filmjölkskultur, kultur av Lactobacillus acidophilus, vitamin D.",
    "storage": "Lägsta förvaringstemperatur 2°C Högsta förvaringstemperatur 8°C",
    "allergens": "Innehåller Mjölk",
    "usage": "",
    "nutrition": [
      {
        "Näringsvärde": "Energi (kcal)",
        "100 Gram": "60 kcal"
      },
      {
        "Näringsvärde": "Energi (kJ)",
        "100 Gram": "260 kJ"
      },
      {
        "Näringsvärde": "Fett",
        "100 Gram": "3 g"
      },
      {
        "Näringsvärde": "Varav mättat fett",
        "100 Gram": "2 g"
      },
      {
        "Näringsvärde": "Kolhydrat",
        "100 Gram": "4 g"
      },
      {
        "Näringsvärde": "Varav sockerarter",
        "100 Gram": "4 g"
      },
      {
        "Näringsvärde": "Protein",
        "100 Gram": "3.6 g"
      },
      {
        "Näringsvärde": "Salt",
        "100 Gram": "0.1 g"
      },
      {
        "Näringsvärde": "Vitamin D",
        "100 Gram": "1 µg"
      },
      {
        "Näringsvärde": "Kalcium",
        "100 Gram": "120 mg"
      }
    ],
    "nutritionUnitText": "Näringsvärde per 100 gram",
    "categories": {
      "mainCategory": "Mejeri & Ost",
      "subCategories": [
        {
          "name": "Filmjölk",
          "subSubCategories": [
            "Filmjölk naturell"
          ]
        }
      ]
    }
  },
  {
    "name": "Yoghurt Mild Naturlig fetthalt 3,8-4,5% Ekologisk 1000g Arla Ko®",
    "weightText": "1 kg",
    "caPart": "",
    "weightValue": 1,
    "weightUnit": "kg",
    "comparePrice": "21,95 kr/kg",
    "currentPrice": 21.95,
    "attributes": [
      "EU Ekologiskt",
      "Ursprungsland Sverige",
      "Ekologiskt",
      "KRAV"
    ],
    "imgUrl": "https://handlaprivatkund.ica.se/images-v3/bf7a00ca-390e-4769-865f-dc369586872e/5a15115f-c98c-45d9-b77b-d0261f7fca1e/500x500.jpg",
    "productInformation": "Arla mild ekologisk yoghurt med naturlig fetthalt finns för dig som vill ha en yoghurt som är extra krämig och god. Varumärket Arla Ko garanterar att produkten är gjord på 100 procent svensk mjölk. Arla mild ekologisk yoghurt är KRAV-märkt. Samma goda yoghurt – nu i ny smart förpackning som är lätt att förvara, hälla, tömma och återvinna.",
    "countryText": "Sverige",
    "companyText": "Arla Ko",
    "ingrediensText": "Ingredienser: Högpastöriserad MJÖLK*, mild yoghurtkultur. *KRAV-ekologisk ingrediens.",
    "storage": "",
    "allergens": "",
    "usage": "",
    "nutrition": [
      {
        "Näringsvärde": "Energi (kcal)",
        "100 Gram": "65 kcal"
      },
      {
        "Näringsvärde": "Energi (kJ)",
        "100 Gram": "280 kJ"
      },
      {
        "Näringsvärde": "Fett",
        "100 Gram": "4 g"
      },
      {
        "Näringsvärde": "Varav mättat fett",
        "100 Gram": "2.6 g"
      },
      {
        "Näringsvärde": "Kolhydrat",
        "100 Gram": "3.8 g"
      },
      {
        "Näringsvärde": "Varav sockerarter",
        "100 Gram": "3.8 g"
      },
      {
        "Näringsvärde": "Protein",
        "100 Gram": "3.4 g"
      },
      {
        "Näringsvärde": "Salt",
        "100 Gram": "0.1 g"
      },
      {
        "Näringsvärde": "Kalcium",
        "100 Gram": "120 mg",
        "% av DRI(*)": "15"
      }
    ],
    "nutritionUnitText": "Näringsvärde per 100 gram",
    "categories": {
      "mainCategory": "Mejeri & Ost",
      "subCategories": [
        {
          "name": "Yoghurt",
          "subSubCategories": [
            "Naturell yoghurt"
          ]
        }
      ]
    }
  },
  {
    "name": "Yoghurt Mild Naturell 3% 1500g Arla Ko®",
    "weightText": "1.5 kg",
    "caPart": "",
    "weightValue": 1.5,
    "weightUnit": "kg",
    "comparePrice": "18,63 kr/kg",
    "currentPrice": 27.95,
    "attributes": [
      "Ursprungsland Sverige"
    ],
    "imgUrl": "https://handlaprivatkund.ica.se/images-v3/bf7a00ca-390e-4769-865f-dc369586872e/8f7ccf04-3485-4e55-82ce-06c8815d20be/500x500.jpg",
    "productInformation": "Mild naturell yoghurt, gjord på svensk mjölk från Arlagårdar. Konsistensen är tjock och krämig. Produkten är syrad med utvalda bakteriekulturer som ger lite rundare smak. Mild naturell yoghurt från Arla smakar lika gott till frukost som efter träning och är extra god ihop med nötter, honung och färska bär. Med sin krämiga konsistens och tydliga syra är den också fin att använda till kebabsås, brödbak och yoghurtdrinkar. Varumärket Arla Ko® garanterar att produkten är gjord på 100 % svensk mjölk.",
    "countryText": "Sverige",
    "companyText": "Arla Ko",
    "ingrediensText": "Högpastöriserad MJÖLK, mild yoghurtkultur, vitamin D.",
    "storage": "",
    "allergens": "",
    "usage": "",
    "nutrition": [
      {
        "Näringsvärde": "Energi (kcal)",
        "100 Gram": "58 kcal"
      },
      {
        "Näringsvärde": "Energi (kJ)",
        "100 Gram": "245 kJ"
      },
      {
        "Näringsvärde": "Fett",
        "100 Gram": "3 g"
      },
      {
        "Näringsvärde": "Varav mättat fett",
        "100 Gram": "1.9 g"
      },
      {
        "Näringsvärde": "Kolhydrat",
        "100 Gram": "3.7 g"
      },
      {
        "Näringsvärde": "Varav sockerarter",
        "100 Gram": "3.7 g"
      },
      {
        "Näringsvärde": "Protein",
        "100 Gram": "3.5 g"
      },
      {
        "Näringsvärde": "Salt",
        "100 Gram": "0.09 g"
      },
      {
        "Näringsvärde": "Vitamin D",
        "100 Gram": "1 µg",
        "% av DRI(*)": "20"
      },
      {
        "Näringsvärde": "Kalcium",
        "100 Gram": "122 mg",
        "% av DRI(*)": "15"
      }
    ],
    "nutritionUnitText": "Näringsvärde per 100 gram",
    "categories": {
      "mainCategory": "Mejeri & Ost",
      "subCategories": [
        {
          "name": "Yoghurt",
          "subSubCategories": [
            "Naturell yoghurt"
          ]
        }
      ]
    }
  },
  {
    "name": "Vitost hel bit 20% 150g Apetina",
    "weightText": "0.15 kg",
    "caPart": "",
    "weightValue": 0.15,
    "weightUnit": "kg",
    "comparePrice": "159,67 kr/kg",
    "currentPrice": 23.95,
    "attributes": [],
    "imgUrl": "https://handlaprivatkund.ica.se/images-v3/bf7a00ca-390e-4769-865f-dc369586872e/57828e4b-24b1-4e8e-8b14-efb83fe511c8/500x500.jpg",
    "productInformation": "Apetina® vitost i hel bit har en behaglig syrlighet med tydlig sälta som ger maträtten en extra smakdimension. Passar både som salladsost och som matlagningsost. Osten har en fast konsistens med ett trevligt tuggmotstånd och den behåller sin form i varm mat. Smula ner, riv eller bryt osten i bitar och sätt guldkant på gratängen eller pastarätten.",
    "countryText": "",
    "companyText": "Apetina",
    "ingrediensText": "Pastöriserad MJÖLK, salt, syrningskultur, ystenzym, surhetsreglerande medel (kalciumklorid).",
    "storage": "",
    "allergens": "",
    "usage": "",
    "nutrition": [
      {
        "Näringsvärde": "Energi (kcal)",
        "100 Gram": "260 kcal"
      },
      {
        "Näringsvärde": "Energi (kJ)",
        "100 Gram": "1081 kJ"
      },
      {
        "Näringsvärde": "Fett",
        "100 Gram": "20 g"
      },
      {
        "Näringsvärde": "Varav mättat fett",
        "100 Gram": "13 g"
      },
      {
        "Näringsvärde": "Kolhydrat",
        "100 Gram": "0.6 g"
      },
      {
        "Näringsvärde": "Varav sockerarter",
        "100 Gram": "0.6 g"
      },
      {
        "Näringsvärde": "Protein",
        "100 Gram": "18 g"
      },
      {
        "Näringsvärde": "Salt",
        "100 Gram": "2.5 g"
      },
      {
        "Näringsvärde": "Kalcium",
        "100 Gram": "519 mg",
        "% av DRI(*)": "65"
      }
    ],
    "nutritionUnitText": "Näringsvärde per 100 gram",
    "categories": {
      "mainCategory": "Mejeri & Ost",
      "subCategories": [
        {
          "name": "Ost",
          "subSubCategories": [
            "Matlagningsost",
            "Fetaost"
          ]
        }
      ]
    }
  },
  {
    "name": "Vispgrädde 36% 5dl Skånemejerier",
    "weightText": "0.5 l",
    "caPart": "",
    "weightValue": 0.5,
    "weightUnit": "l",
    "comparePrice": "67,90 kr/l",
    "currentPrice": 33.95,
    "attributes": [],
    "imgUrl": "https://handlaprivatkund.ica.se/images-v3/bf7a00ca-390e-4769-865f-dc369586872e/cc69d992-fc5e-4c3d-a7d2-d9b945076860/500x500.jpg",
    "productInformation": "Skånemejeriers Vispgrädde 36 % är lika perfekt till matlagningen som till desserter. Den är vispbar och har en något lägre fetthalt än traditionell vispgrädde. Praktisk skruvkorksförpackning som ger lite längre hållbarhet. Gjord på mjölk från gårdar i södra Sverige med de högsta kraven på djuromsorg.",
    "countryText": "",
    "companyText": "Skånemejerier",
    "ingrediensText": "Högpastöriserad GRÄDDE, stabiliseringsmedel (karragenan).",
    "storage": "",
    "allergens": "",
    "usage": "",
    "nutrition": [
      {
        "Näringsvärde": "Energi (kcal)",
        "100 Gram": "340 kcal"
      },
      {
        "Näringsvärde": "Energi (kJ)",
        "100 Gram": "1440 kJ"
      },
      {
        "Näringsvärde": "Fett",
        "100 Gram": "36 g"
      },
      {
        "Näringsvärde": "Varav mättat fett",
        "100 Gram": "23 g"
      },
      {
        "Näringsvärde": "Kolhydrat",
        "100 Gram": "3.2 g"
      },
      {
        "Näringsvärde": "Varav sockerarter",
        "100 Gram": "3.2 g"
      },
      {
        "Näringsvärde": "Protein",
        "100 Gram": "2.3 g"
      },
      {
        "Näringsvärde": "Salt",
        "100 Gram": "0.1 g"
      },
      {
        "Näringsvärde": "Vitamin A",
        "100 Gram": "330 µg",
        "% av DRI(*)": "41"
      },
      {
        "Näringsvärde": "Vitamin B12",
        "100 Gram": "0.4 µg",
        "% av DRI(*)": "16"
      }
    ],
    "nutritionUnitText": "Näringsvärde per 100 gram",
    "categories": {
      "mainCategory": "Mejeri & Ost",
      "subCategories": [
        {
          "name": "Grädde",
          "subSubCategories": [
            "Vispgrädde"
          ]
        }
      ]
    }
  },
  {
    "name": "Havregrädde iMat 13% 1l Oatly",
    "weightText": "1 l",
    "caPart": "",
    "weightValue": 1,
    "weightUnit": "l",
    "comparePrice": "30,95 kr/l",
    "currentPrice": 30.95,
    "attributes": [],
    "imgUrl": "https://handlaprivatkund.ica.se/images-v3/bf7a00ca-390e-4769-865f-dc369586872e/44133ded-d2d6-4bb6-94c7-0491ee315e50/500x500.jpg",
    "productInformation": "iMat, används precis som vanlig matlagningsgrädde. Kan användas både varm och kall.",
    "countryText": "",
    "companyText": "Oatly",
    "ingrediensText": "INGREDIENSER: Vatten/vann, rapsolja, HAVRE 10%, emulgeringsmedel (E472e), stabiliseringsmedel (E415), joderat salt.",
    "storage": "Produkten är en kylvara, förvaras vid max +8 grader. Öppnad förpackning hållbar minst 5 dagar.",
    "allergens": "Innehåller Spannmål som innehåller gluten",
    "usage": "",
    "nutrition": [
      {
        "Näringsvärde": "Energi (kcal)",
        "100 Milliliter": "150 kcal"
      },
      {
        "Näringsvärde": "Energi (kJ)",
        "100 Milliliter": "600 kJ"
      },
      {
        "Näringsvärde": "Fett",
        "100 Milliliter": "13 g"
      },
      {
        "Näringsvärde": "Varav mättat fett",
        "100 Milliliter": "1.6 g"
      },
      {
        "Näringsvärde": "Kolhydrat",
        "100 Milliliter": "5.8 g"
      },
      {
        "Näringsvärde": "Varav sockerarter",
        "100 Milliliter": "3.6 g"
      },
      {
        "Näringsvärde": "Fiber",
        "100 Milliliter": "0.8 g"
      },
      {
        "Näringsvärde": "Protein",
        "100 Milliliter": "0.9 g"
      },
      {
        "Näringsvärde": "Salt",
        "100 Milliliter": "0.11 g"
      }
    ],
    "nutritionUnitText": "Näringsvärde per 100 milliliter",
    "categories": {
      "mainCategory": "Mejeri & Ost",
      "subCategories": [
        {
          "name": "Grädde",
          "subSubCategories": [
            "Mjölkfri grädde"
          ]
        }
      ]
    }
  },
  {
    "name": "Färskost Naturell 300g Philadelphia",
    "weightText": "0.3 kg",
    "caPart": "",
    "weightValue": 0.3,
    "weightUnit": "kg",
    "comparePrice": "113,17 kr/kg",
    "currentPrice": 33.95,
    "attributes": [],
    "imgUrl": "https://handlaprivatkund.ica.se/images-v3/bf7a00ca-390e-4769-865f-dc369586872e/f3db83d3-2303-4043-9084-9d3352468b95/500x500.jpg",
    "productInformation": "Philadelphia Original med den älskade och karaktäristiska krämigheten och fräschheten. Den är smakrik, glutenfri och vegetarisk och framför allt älskad! Perfekt till smörgåsen, bakverk och i matlagning. Nu som Family Pack 300g.",
    "countryText": "",
    "companyText": "Philadelphia",
    "ingrediensText": "Ingredienser: MJÖLK/MÆLK/MELK, GRÄDDE/FLØDE/FLØTE, vassle-/valle-/myseprodukt (MJÖLK), salt, stabiliseringsmedel/stabilisator (guarkärnmjöl/guargummi), syra (citronsyra), bakteriekultur.",
    "storage": "",
    "allergens": "",
    "usage": "",
    "nutrition": [
      {
        "Näringsvärde": "Energi (kcal)",
        "100 Gram": "226 kcal"
      },
      {
        "Näringsvärde": "Energi (kJ)",
        "100 Gram": "933 kJ"
      },
      {
        "Näringsvärde": "Fett",
        "100 Gram": "21 g"
      },
      {
        "Näringsvärde": "Varav mättat fett",
        "100 Gram": "14 g"
      },
      {
        "Näringsvärde": "Kolhydrat",
        "100 Gram": "4.3 g"
      },
      {
        "Näringsvärde": "Varav sockerarter",
        "100 Gram": "4.3 g"
      },
      {
        "Näringsvärde": "Fiber",
        "100 Gram": "0.2 g"
      },
      {
        "Näringsvärde": "Protein",
        "100 Gram": "5.4 g"
      },
      {
        "Näringsvärde": "Salt",
        "100 Gram": "0.75 g"
      }
    ],
    "nutritionUnitText": "Näringsvärde per 100 gram",
    "categories": {
      "mainCategory": "Mejeri & Ost",
      "subCategories": [
        {
          "name": "Ost",
          "subSubCategories": [
            "Färskost & cream cheese"
          ]
        }
      ]
    }
  },
  {
    "name": "Standardmjölkdryck 3% Laktosfri 1,5l ICA",
    "weightText": "1.5 l",
    "caPart": "",
    "weightValue": 1.5,
    "weightUnit": "l",
    "comparePrice": "15,67 kr/l",
    "currentPrice": 23.5,
    "attributes": [
      "Från Sverige",
      "Ursprungsland Sverige",
      "Laktosfritt"
    ],
    "imgUrl": "https://handlaprivatkund.ica.se/images-v3/bf7a00ca-390e-4769-865f-dc369586872e/65af6650-b354-40ba-ad61-30a481d0cab8/500x500.jpg",
    "productInformation": "ICA standardmjölkdryck Laktosfri passar dig som är laktosintolerant och är, precis som vanlig mjölk, god till nybakade bullar eller i morgonkaffet. Den är gjord på mjölk från svenska gårdar.",
    "countryText": "Sverige",
    "companyText": "ICA",
    "ingrediensText": "Högpastöriserad mjölk*, laktasenzym, vitamin D.",
    "storage": "",
    "allergens": "",
    "usage": "",
    "nutrition": [
      {
        "Näringsvärde": "Energi (kcal)",
        "100 Gram": "55 kcal"
      },
      {
        "Näringsvärde": "Energi (kJ)",
        "100 Gram": "210 kJ"
      },
      {
        "Näringsvärde": "Fett",
        "100 Gram": "3 g"
      },
      {
        "Näringsvärde": "Varav mättat fett",
        "100 Gram": "1.9 g"
      },
      {
        "Näringsvärde": "Kolhydrat",
        "100 Gram": "3 g"
      },
      {
        "Näringsvärde": "Varav sockerarter",
        "100 Gram": "3 g"
      },
      {
        "Näringsvärde": "Protein",
        "100 Gram": "3.4 g"
      },
      {
        "Näringsvärde": "Salt",
        "100 Gram": "0.1 g"
      },
      {
        "Näringsvärde": "Vitamin B12",
        "100 Gram": "0.5 µg"
      },
      {
        "Näringsvärde": "Vitamin D",
        "100 Gram": "1 µg"
      },
      {
        "Näringsvärde": "Riboflavin",
        "100 Gram": "0.14 mg"
      },
      {
        "Näringsvärde": "Kalcium",
        "100 Gram": "120 mg"
      }
    ],
    "nutritionUnitText": "Näringsvärde per 100 gram",
    "categories": {
      "mainCategory": "Mejeri & Ost",
      "subCategories": [
        {
          "name": "Mjölk",
          "subSubCategories": [
            "Standardmjölk",
            "Standardmjölk, laktosfri"
          ]
        }
      ]
    }
  },
  {
    "name": "Pizzaost Riven 26% 150g ICA",
    "weightText": "0.15 kg",
    "caPart": "",
    "weightValue": 0.15,
    "weightUnit": "kg",
    "comparePrice": "163,33 kr/kg",
    "currentPrice": 24.5,
    "attributes": [],
    "imgUrl": "https://handlaprivatkund.ica.se/images-v3/bf7a00ca-390e-4769-865f-dc369586872e/73bc6382-4c25-4bdd-83f1-dcaea7c70c67/500x500.jpg",
    "productInformation": "ICA Pizzaost Riven ger lagom med smak och precis den där trådigheten som gör pizzan oemotståndlig. Strö på osten direkt efter tomatsåsen och innan du lägger på de andra ingredienserna.",
    "countryText": "",
    "companyText": "ICA",
    "ingrediensText": "Pastöriserad MJÖLK*, majsstärkelse, salt, syrningskultur, mjölkkoagulerande enzym (mikrobiellt). *Ursprung EU.",
    "storage": "",
    "allergens": "",
    "usage": "",
    "nutrition": [
      {
        "Näringsvärde": "Energi (kcal)",
        "100 Gram": "340 kcal"
      },
      {
        "Näringsvärde": "Energi (kJ)",
        "100 Gram": "1400 kJ"
      },
      {
        "Näringsvärde": "Fett",
        "100 Gram": "25 g"
      },
      {
        "Näringsvärde": "Varav mättat fett",
        "100 Gram": "17 g"
      },
      {
        "Näringsvärde": "Kolhydrat",
        "100 Gram": "2 g"
      },
      {
        "Näringsvärde": "Varav sockerarter",
        "100 Gram": "0.5 g"
      },
      {
        "Näringsvärde": "Protein",
        "100 Gram": "26 g"
      },
      {
        "Näringsvärde": "Salt",
        "100 Gram": "1.6 g"
      }
    ],
    "nutritionUnitText": "Näringsvärde per 100 gram",
    "categories": {
      "mainCategory": "Mejeri & Ost",
      "subCategories": [
        {
          "name": "Ost",
          "subSubCategories": [
            "Matlagningsost",
            "Riven ost"
          ]
        }
      ]
    }
  },
  {
    "name": "Havredryck Barista 1l ICA",
    "weightText": "1 l",
    "caPart": "",
    "weightValue": 1,
    "weightUnit": "l",
    "comparePrice": "17,50 kr/l",
    "currentPrice": 17.5,
    "attributes": [
      "Från Sverige",
      "Laktosfritt"
    ],
    "imgUrl": "https://handlaprivatkund.ica.se/images-v3/bf7a00ca-390e-4769-865f-dc369586872e/93e97752-da29-4e5a-9ffc-8db7e6709218/500x500.jpg",
    "productInformation": "Vår Havredryck Barista är skapad för att förgylla dina kaffestunder med en krämig och len konsistens. Vår Barista är det perfekta valet för att ge ditt kaffe en mjuk och god smak, utan kompromisser. Den går även utmärkt att skumma eller dricka precis som den är. Tillverkad i Sverige på svensk havre.",
    "countryText": "",
    "companyText": "ICA",
    "ingrediensText": "INGREDIENSER Havrebas (vatten, HAVRE* 10%), rapsolja*, surhetsreglerande medel (E340), kalciumkarbonat, salt, vitaminD, riboflavin, vitamin B12.*Ursprung Sverige.",
    "storage": "",
    "allergens": "",
    "usage": "",
    "nutrition": [
      {
        "Näringsvärde": "Energi (kcal)",
        "100 Milliliter": "62 kcal"
      },
      {
        "Näringsvärde": "Energi (kJ)",
        "100 Milliliter": "259 kJ"
      },
      {
        "Näringsvärde": "Fett",
        "100 Milliliter": "3 g"
      },
      {
        "Näringsvärde": "Varav mättat fett",
        "100 Milliliter": "0.3 g"
      },
      {
        "Näringsvärde": "Kolhydrat",
        "100 Milliliter": "7.5 g"
      },
      {
        "Näringsvärde": "Varav sockerarter",
        "100 Milliliter": "4 g"
      },
      {
        "Näringsvärde": "Fiber",
        "100 Milliliter": "0.5 g"
      },
      {
        "Näringsvärde": "Protein",
        "100 Milliliter": "0.8 g"
      },
      {
        "Näringsvärde": "Salt",
        "100 Milliliter": "0.1 g"
      },
      {
        "Näringsvärde": "Vitamin B12",
        "100 Milliliter": "0.38 µg"
      },
      {
        "Näringsvärde": "Vitamin D",
        "100 Milliliter": "1.1 g"
      },
      {
        "Näringsvärde": "Riboflavin",
        "100 Milliliter": "0.21 mg"
      },
      {
        "Näringsvärde": "Kalcium",
        "100 Milliliter": "120 mg"
      }
    ],
    "nutritionUnitText": "Näringsvärde per 100 milliliter",
    "categories": {
      "mainCategory": "Mejeri & Ost",
      "subCategories": [
        {
          "name": "Mjölk",
          "subSubCategories": [
            "Mjölkfri dryck",
            "Havredryck"
          ]
        }
      ]
    }
  },
  {
    "name": "Mellanmjölkdryck Laktosfri 1,5% 1l Arla Ko®",
    "weightText": "1 l",
    "caPart": "",
    "weightValue": 1,
    "weightUnit": "l",
    "comparePrice": "20,50 kr/l",
    "currentPrice": 20.5,
    "attributes": [
      "Ursprungsland Sverige",
      "Mjölk från Sverige",
      "Laktosfritt"
    ],
    "imgUrl": "https://handlaprivatkund.ica.se/images-v3/bf7a00ca-390e-4769-865f-dc369586872e/4cd3fe1a-769f-495a-9d91-d60f3c3cfa7a/500x500.jpg",
    "productInformation": "Laktosfri mellanmjölkdryck gjord på svensk mjölk från Arlagårdar. Mellanmjölkdrycken är framtagen för vuxna och barn med laktosintolerans och är därför fri från laktos. Den har en fyllig mjölksmak och är ett populärt val till frukostgröt, müsli och flingor men även som dryck till maten eller efter träning. Arla Ko® laktosfri mellanmjölkdryck är en naturlig källa till bland annat protein, kalcium och vitamin B12. Protein bidrar till muskeluppbyggnad och kalcium behövs för att bibehålla en normal benstomme. Varumärket Arla Ko® garanterar att produkten är gjord på 100 procent svensk mjölk. \n \n Högpastöriserad.",
    "countryText": "Sverige",
    "companyText": "Arla Ko",
    "ingrediensText": "MJÖLK, laktasenzym, vitamin D.",
    "storage": "Lägsta förvaringstemperatur 2°C Högsta förvaringstemperatur 8°C",
    "allergens": "",
    "usage": "",
    "nutrition": [
      {
        "Näringsvärde": "Energi (kcal)",
        "100 Gram": "37 kcal"
      },
      {
        "Näringsvärde": "Energi (kJ)",
        "100 Gram": "154 kJ"
      },
      {
        "Näringsvärde": "Fett",
        "100 Gram": "1.5 g"
      },
      {
        "Näringsvärde": "Varav mättat fett",
        "100 Gram": "1 g"
      },
      {
        "Näringsvärde": "Kolhydrat",
        "100 Gram": "2.4 g"
      },
      {
        "Näringsvärde": "Varav sockerarter",
        "100 Gram": "2.4 g"
      },
      {
        "Näringsvärde": "Protein",
        "100 Gram": "3.4 g"
      },
      {
        "Näringsvärde": "Salt",
        "100 Gram": "0.08 g"
      },
      {
        "Näringsvärde": "Vitamin B12",
        "100 Gram": "0.4 µg",
        "% av DRI(*)": "16"
      },
      {
        "Näringsvärde": "Vitamin D",
        "100 Gram": "1 µg",
        "% av DRI(*)": "20"
      },
      {
        "Näringsvärde": "Riboflavin",
        "100 Gram": "0.13 mg",
        "% av DRI(*)": "9"
      },
      {
        "Näringsvärde": "Kalcium",
        "100 Gram": "112 mg",
        "% av DRI(*)": "14"
      }
    ],
    "nutritionUnitText": "Näringsvärde per 100 gram",
    "categories": {
      "mainCategory": "Mejeri & Ost",
      "subCategories": [
        {
          "name": "Mjölk",
          "subSubCategories": [
            "Mellanmjölk",
            "Mellanmjölk, laktosfri"
          ]
        }
      ]
    }
  },
  {
    "name": "Färsk vispgrädde 40% 3dl Arla Ko®",
    "weightText": "0.3 l",
    "caPart": "",
    "weightValue": 0.3,
    "weightUnit": "l",
    "comparePrice": "86,50 kr/l",
    "currentPrice": 25.95,
    "attributes": [
      "Ursprungsland Sverige"
    ],
    "imgUrl": "https://handlaprivatkund.ica.se/images-v3/bf7a00ca-390e-4769-865f-dc369586872e/3c23da9b-75d9-40e7-8db3-5459c61e6490/500x500.jpg",
    "productInformation": "Färsk vispgrädde gjord på svensk mjölk från Arlagårdar. Arla Ko® Färsk vispgrädde 40% har en tydlig, genuin gräddsmak och mjuk fyllig konsistens. Vispgrädde förstärker och samtidigt rundar av smaken vilket förhöjer matupplevelsen. Även en liten mängd grädde i mat gör skillnad! Färsk vispgrädde är vår finaste vispgrädde och smakar ljuvligt till allt från desserter och färska jordgubbar till bakverk som exempelvis kladdkaka och bästa vispgrädden till tårta. Vispa grädden när den är kylskåpskall för att få den perfekt fluffig. Varumärket Arla Ko® garanterar att produkten är gjord på 100 procent svensk mjölk.",
    "countryText": "Sverige",
    "companyText": "Arla Ko",
    "ingrediensText": "Pastöriserad GRÄDDE.",
    "storage": "",
    "allergens": "",
    "usage": "",
    "nutrition": [
      {
        "Näringsvärde": "Energi (kcal)",
        "100 Gram": "375 kcal"
      },
      {
        "Näringsvärde": "Energi (kJ)",
        "100 Gram": "1565 kJ"
      },
      {
        "Näringsvärde": "Fett",
        "100 Gram": "40 g"
      },
      {
        "Näringsvärde": "Varav mättat fett",
        "100 Gram": "26 g"
      },
      {
        "Näringsvärde": "Kolhydrat",
        "100 Gram": "2.9 g"
      },
      {
        "Näringsvärde": "Varav sockerarter",
        "100 Gram": "2.9 g"
      },
      {
        "Näringsvärde": "Protein",
        "100 Gram": "2.2 g"
      },
      {
        "Näringsvärde": "Salt",
        "100 Gram": "0.05 g"
      },
      {
        "Näringsvärde": "Vitamin A",
        "100 Gram": "344 µg",
        "% av DRI(*)": "43"
      },
      {
        "Näringsvärde": "Vitamin K",
        "100 Gram": "13 µg",
        "% av DRI(*)": "17"
      }
    ],
    "nutritionUnitText": "Näringsvärde per 100 gram",
    "categories": {
      "mainCategory": "Mejeri & Ost",
      "subCategories": [
        {
          "name": "Grädde",
          "subSubCategories": [
            "Vispgrädde"
          ]
        }
      ]
    }
  },
  {
    "name": "Kvarg Vaniljsmak 0,2% 150g Lindahls",
    "weightText": "0.15 kg",
    "caPart": "",
    "weightValue": 0.15,
    "weightUnit": "kg",
    "comparePrice": "73,00 kr/kg",
    "currentPrice": 10.95,
    "attributes": [
      "Ursprungsland Sverige"
    ],
    "imgUrl": "https://handlaprivatkund.ica.se/images-v3/bf7a00ca-390e-4769-865f-dc369586872e/ffa5a7bd-2a7c-4cef-be9d-d56ad93a5427/500x500.jpg",
    "productInformation": "Kvarg med smak av Vanilj i portionsförpackning på 150g. Lindahls kvarg har ett högt proteininnehåll 15 gram protein per bägare och inget tillsatt socker. Tillverkad i Skåne med svensk mjölk.",
    "countryText": "Sverige",
    "companyText": "Lindahls",
    "ingrediensText": "Pastöriserad MJÖLK/pasteurisert MELK, mjölksyrakultur/melkesyrekultur, ystenzym/mikrobiell løpe, förtjockningsmedel (modifierad majsstärkelse), naturlig vaniljarom, syra (citronsyra), sötningsmedel/søtstoffer (acesulfam K, aspartam) färgämne/farvestoff (betakaroten). Innehåller en källa av fenylalanin./Inneholder en fenylalaninkilde.",
    "storage": "",
    "allergens": "",
    "usage": "",
    "nutrition": [
      {
        "Näringsvärde": "Energi (kcal)",
        "100 Gram": "60 kcal"
      },
      {
        "Näringsvärde": "Energi (kJ)",
        "100 Gram": "240 kJ"
      },
      {
        "Näringsvärde": "Fett",
        "100 Gram": "0.2 g"
      },
      {
        "Näringsvärde": "Varav mättat fett",
        "100 Gram": "0 g"
      },
      {
        "Näringsvärde": "Kolhydrat",
        "100 Gram": "3.5 g"
      },
      {
        "Näringsvärde": "Varav sockerarter",
        "100 Gram": "3.2 g"
      },
      {
        "Näringsvärde": "Protein",
        "100 Gram": "10 g"
      },
      {
        "Näringsvärde": "Salt",
        "100 Gram": "0.1 g"
      }
    ],
    "nutritionUnitText": "Näringsvärde per 100 gram",
    "categories": {
      "mainCategory": "Mejeri & Ost",
      "subCategories": [
        {
          "name": "Kvarg",
          "subSubCategories": [
            "Kvarg portionsförpackning"
          ]
        }
      ]
    }
  },
  {
    "name": "Goudaost skivad 28% 400g ICA Basic",
    "weightText": "0.4 kg",
    "caPart": "",
    "weightValue": 0.4,
    "weightUnit": "kg",
    "comparePrice": "127,38 kr/kg",
    "currentPrice": 50.95,
    "attributes": [],
    "imgUrl": "https://handlaprivatkund.ica.se/images-v3/bf7a00ca-390e-4769-865f-dc369586872e/bd83b99c-2677-4a48-b29e-5342f3ea0c0f/500x500.jpg",
    "productInformation": "Halvhård ost med mild smak tillverkad av komjölk. Passar till frukost eller ingrediens i t ex en ost- och skinksallad. Praktiskt med färdiga skivor.",
    "countryText": "",
    "companyText": "ICA Basic",
    "ingrediensText": "Pastöriserad MJÖLK*, salt, mjölksyrakultur, mjölkkoagulerande enzym (mikrobiellt). *Ursprung EU.",
    "storage": "",
    "allergens": "",
    "usage": "",
    "nutrition": [
      {
        "Näringsvärde": "Energi (kcal)",
        "100 Gram": "340 kcal"
      },
      {
        "Näringsvärde": "Energi (kJ)",
        "100 Gram": "1450 kJ"
      },
      {
        "Näringsvärde": "Fett",
        "100 Gram": "28 g"
      },
      {
        "Näringsvärde": "Varav mättat fett",
        "100 Gram": "19 g"
      },
      {
        "Näringsvärde": "Kolhydrat",
        "100 Gram": "0.5 g"
      },
      {
        "Näringsvärde": "Varav sockerarter",
        "100 Gram": "0.5 g"
      },
      {
        "Näringsvärde": "Protein",
        "100 Gram": "23 g"
      },
      {
        "Näringsvärde": "Salt",
        "100 Gram": "2 g"
      }
    ],
    "nutritionUnitText": "Näringsvärde per 100 gram",
    "categories": {
      "mainCategory": "Mejeri & Ost",
      "subCategories": [
        {
          "name": "Ost",
          "subSubCategories": [
            "Påläggsost",
            "Skivad ost"
          ]
        }
      ]
    }
  },
  {
    "name": "Lätt Crème Fraiche Naturell Laktosfri 13% 5dl ICA",
    "weightText": "0.5 l",
    "caPart": "",
    "weightValue": 0.5,
    "weightUnit": "l",
    "comparePrice": "71,00 kr/l",
    "currentPrice": 35.5,
    "attributes": [
      "Ursprungsland Sverige",
      "Mjölk från Sverige",
      "Laktosfritt"
    ],
    "imgUrl": "https://handlaprivatkund.ica.se/images-v3/bf7a00ca-390e-4769-865f-dc369586872e/a478b15a-fa35-47de-b403-2dd4e8a17810/500x500.jpg",
    "productInformation": "ICA laktosfri lätt crème fraîche är gjord på mjölk från svenska gårdar och passar för både varma och kalla rätter. Trots sin lite lägre fetthalt passar den utmärkt att låta koka.",
    "countryText": "Sverige",
    "companyText": "ICA",
    "ingrediensText": "Högpastöriserad GRÄDDE, modifierad majsstärkelse, stabiliseringsmedel (E410, E440), laktasenzym, syrningskultur.",
    "storage": "Lägsta förvaringstemperatur 2°C Högsta förvaringstemperatur 8°C",
    "allergens": "",
    "usage": "",
    "nutrition": [
      {
        "Näringsvärde": "Energi (kcal)",
        "100 Gram": "150 kcal"
      },
      {
        "Näringsvärde": "Energi (kJ)",
        "100 Gram": "600 kJ"
      },
      {
        "Näringsvärde": "Fett",
        "100 Gram": "13 g"
      },
      {
        "Näringsvärde": "Varav mättat fett",
        "100 Gram": "8.3 g"
      },
      {
        "Näringsvärde": "Kolhydrat",
        "100 Gram": "3.9 g"
      },
      {
        "Näringsvärde": "Varav sockerarter",
        "100 Gram": "3.2 g"
      },
      {
        "Näringsvärde": "Protein",
        "100 Gram": "3.1 g"
      },
      {
        "Näringsvärde": "Salt",
        "100 Gram": "0.1 g"
      }
    ],
    "nutritionUnitText": "Näringsvärde per 100 gram",
    "categories": {
      "mainCategory": "Mejeri & Ost",
      "subCategories": [
        {
          "name": "Crème fraiche",
          "subSubCategories": [
            "Laktosfri crème fraiche"
          ]
        }
      ]
    }
  },
  {
    "name": "Kvarg Hallonsmak 0,2% 150g Lindahls",
    "weightText": "0.15 kg",
    "caPart": "",
    "weightValue": 0.15,
    "weightUnit": "kg",
    "comparePrice": "73,00 kr/kg",
    "currentPrice": 10.95,
    "attributes": [],
    "imgUrl": "https://handlaprivatkund.ica.se/images-v3/bf7a00ca-390e-4769-865f-dc369586872e/adee18d1-151e-4001-8a59-4ad8e9a86151/500x500.jpg",
    "productInformation": "Information från leverantör \n Lindahls kvarg är en mild och krämig kvarg med ljuvlig smak av hallon. Lindahls kvarg har ett högt proteininnehåll, låg fetthalt och innehåller inget tillsatt socker. Perfekt att njuta som den är eller toppa med nötter, frukt eller färska bär. Ät den efter träningen, som mellanmål eller bara när du vill ha något gott och nyttigt! Lindahls kvarg är tillverkad i Sverige med svensk mjölk.",
    "countryText": "",
    "companyText": "Lindahls",
    "ingrediensText": "KVARG MED HALLONSMAK/BRINGEBÆRSMAK Innehåller sötningsmedel/Inneholder søtstoff. Ingredienser: Pastöriserad MJÖLK/pasteurisert MELK, mjölksyrakultur/melkesyrekultur, ystenzym/mikrobiell løpe, naturlig arom/naturlig smakstilsetning, syra (citronsyra), förtjockningsmedel (modifierad majsstärkelse), färgämne/ farvestoff (svartmorotjuice/gulrotjuice), sötningsmedel/søtstoffer (Acesulfam K, aspartam). Innehåller en källa av fenylalanin./Inneholder en fenylalaninkilde.",
    "storage": "",
    "allergens": "",
    "usage": "",
    "nutrition": [
      {
        "Näringsvärde": "Energi (kcal)",
        "100 Gram": "60 kcal"
      },
      {
        "Näringsvärde": "Energi (kJ)",
        "100 Gram": "240 kJ"
      },
      {
        "Näringsvärde": "Fett",
        "100 Gram": "0.2 g"
      },
      {
        "Näringsvärde": "Varav mättat fett",
        "100 Gram": "0 g"
      },
      {
        "Näringsvärde": "Kolhydrat",
        "100 Gram": "3.5 g"
      },
      {
        "Näringsvärde": "Varav sockerarter",
        "100 Gram": "3.2 g"
      },
      {
        "Näringsvärde": "Protein",
        "100 Gram": "10 g"
      },
      {
        "Näringsvärde": "Salt",
        "100 Gram": "0.1 g"
      }
    ],
    "nutritionUnitText": "Näringsvärde per 100 gram",
    "categories": {
      "mainCategory": "Mejeri & Ost",
      "subCategories": [
        {
          "name": "Kvarg",
          "subSubCategories": [
            "Kvarg portionsförpackning"
          ]
        }
      ]
    }
  },
  {
    "name": "Lättmjölk Lång Hållbarhet 0,5% 1l ICA",
    "weightText": "1 l",
    "caPart": "",
    "weightValue": 1,
    "weightUnit": "l",
    "comparePrice": "13,50 kr/l",
    "currentPrice": 13.5,
    "attributes": [
      "Nyckelhålet",
      "Ursprungsland Sverige",
      "Mjölk från Sverige"
    ],
    "imgUrl": "https://handlaprivatkund.ica.se/images-v3/bf7a00ca-390e-4769-865f-dc369586872e/f0b4b37a-43d5-4acb-9fe8-7c703a01104a/500x500.jpg",
    "productInformation": "ICA Lättmjölk ESL har fler hållbarhetsdagar, eftersom den värmts upp till en högre temperatur jämfört med traditionell lågpastörisering. Det innebär att mjölken håller längre och får en fylligare och gräddigare smak. Dessutom är den berikad med D-vitamin, utan några andra tillsatser, och kommer direkt från svenska gårdar.",
    "countryText": "Sverige",
    "companyText": "ICA",
    "ingrediensText": "Högpastöriserad MJÖLK*, vitamin D. *Ursprung Sverige.",
    "storage": "",
    "allergens": "Innehåller Mjölk",
    "usage": "",
    "nutrition": [
      {
        "Näringsvärde": "Energi (kcal)",
        "100 Milliliter": "38 kcal"
      },
      {
        "Näringsvärde": "Energi (kJ)",
        "100 Milliliter": "160 kJ"
      },
      {
        "Näringsvärde": "Fett",
        "100 Milliliter": "0.5 g"
      },
      {
        "Näringsvärde": "Varav mättat fett",
        "100 Milliliter": "0.3 g"
      },
      {
        "Näringsvärde": "Kolhydrat",
        "100 Milliliter": "4.7 g"
      },
      {
        "Näringsvärde": "Varav sockerarter",
        "100 Milliliter": "4.7 g"
      },
      {
        "Näringsvärde": "Protein",
        "100 Milliliter": "3.6 g"
      },
      {
        "Näringsvärde": "Salt",
        "100 Milliliter": "0.09 g"
      },
      {
        "Näringsvärde": "Vitamin B12",
        "100 Milliliter": "0.4 µg",
        "% av DRI(*)": "10"
      },
      {
        "Näringsvärde": "Vitamin D",
        "100 Milliliter": "1 µg",
        "% av DRI(*)": "20"
      },
      {
        "Näringsvärde": "Riboflavin",
        "100 Milliliter": "0.14 mg",
        "% av DRI(*)": "10"
      },
      {
        "Näringsvärde": "Pantotensyra",
        "100 Milliliter": "0.5 mg",
        "% av DRI(*)": "8"
      },
      {
        "Näringsvärde": "Kalium",
        "100 Milliliter": "160 mg",
        "% av DRI(*)": "8"
      },
      {
        "Näringsvärde": "Klorid",
        "100 Milliliter": "92 mg",
        "% av DRI(*)": "12"
      },
      {
        "Näringsvärde": "Kalcium",
        "100 Milliliter": "124 mg",
        "% av DRI(*)": "16"
      },
      {
        "Näringsvärde": "Fosfor",
        "100 Milliliter": "139 mg",
        "% av DRI(*)": "20"
      },
      {
        "Näringsvärde": "Molybden",
        "100 Milliliter": "3.8 µg",
        "% av DRI(*)": "8"
      },
      {
        "Näringsvärde": "Jod",
        "100 Milliliter": "22 µg",
        "% av DRI(*)": "15"
      }
    ],
    "nutritionUnitText": "Näringsvärde per 100 milliliter",
    "categories": {
      "mainCategory": "Mejeri & Ost",
      "subCategories": [
        {
          "name": "Mjölk",
          "subSubCategories": [
            "Lättmjölk",
            "Lättmjölk, laktos"
          ]
        }
      ]
    }
  },
  {
    "name": "Fruktdryck Mango 1l Proviva",
    "weightText": "1 l",
    "caPart": "",
    "weightValue": 1,
    "weightUnit": "l",
    "comparePrice": "34,50 kr/l",
    "currentPrice": 34.5,
    "attributes": [],
    "imgUrl": "https://handlaprivatkund.ica.se/images-v3/bf7a00ca-390e-4769-865f-dc369586872e/0fdbc56c-edd5-4486-aa74-324a697373a4/500x500.jpg",
    "productInformation": "ProViva Mango är gjord på saftig mild mango från nationalparken Gir i Indien. Precis som alla ProViva innehåller den miljarder goda mjölksyrabakterier och är dessutom rik på vitamin C, som bidrar till immunförsvarets normala funktion. Ett glas ProViva fruktdryck per dag ger ett intag av mer än 1 miljarder Lactobacillus plantarum 299v. Starta dagen med ett glas av vår härligt lena mangodryck som smakar som pressat solsken och ta hand om dig själv inifrån och ut.ProViva - mer än en juice.",
    "countryText": "",
    "companyText": "Proviva",
    "ingrediensText": "Ingredienser Vatten, juice från koncentrat (druva, passionsfrukt), puré (mango 7,5 %, banan), socker, HAVREmjöl 0,5 %, syra (mjölksyra), vitamin C, kultur: Lactobacillus plantarum 299v.",
    "storage": "Lägsta förvaringstemperatur 2°C Högsta förvaringstemperatur 8°C",
    "allergens": "Innehåller Spannmål som innehåller gluten",
    "usage": "",
    "nutrition": [
      {
        "Näringsvärde": "Energi (kcal)",
        "100 Gram": "42 kcal"
      },
      {
        "Näringsvärde": "Energi (kJ)",
        "100 Gram": "180 kJ"
      },
      {
        "Näringsvärde": "Fett",
        "100 Gram": "0.1 g"
      },
      {
        "Näringsvärde": "Varav mättat fett",
        "100 Gram": "0 g"
      },
      {
        "Näringsvärde": "Kolhydrat",
        "100 Gram": "9.8 g"
      },
      {
        "Näringsvärde": "Varav sockerarter",
        "100 Gram": "9.4 g"
      },
      {
        "Näringsvärde": "Fiber",
        "100 Gram": "0.5 g"
      },
      {
        "Näringsvärde": "Protein",
        "100 Gram": "0.2 g"
      },
      {
        "Näringsvärde": "Salt",
        "100 Gram": "0.03 g"
      },
      {
        "Näringsvärde": "Vitamin C",
        "100 Gram": "35 mg",
        "% av DRI(*)": "44"
      }
    ],
    "nutritionUnitText": "Näringsvärde per 100 gram",
    "categories": {
      "mainCategory": "Mejeri & Ost",
      "subCategories": [
        {
          "name": "Juice & Fruktdryck",
          "subSubCategories": [
            "Fruktdryck"
          ]
        }
      ]
    }
  },
  {
    "name": "Crème fraiche Lätt Paprika & chili 11% 2dl ICA",
    "weightText": "0.2 l",
    "caPart": "",
    "weightValue": 0.2,
    "weightUnit": "l",
    "comparePrice": "82,50 kr/l",
    "currentPrice": 16.5,
    "attributes": [
      "Från Sverige",
      "Ursprungsland Sverige"
    ],
    "imgUrl": "https://handlaprivatkund.ica.se/images-v3/bf7a00ca-390e-4769-865f-dc369586872e/10275b1d-3495-46bf-bdfe-30ae771f7cc9/500x500.jpg",
    "productInformation": "En god och krämig crème fraiche smaksatt med paprika och chili, gjord på svensk mjölk. Perfekt som smaksättare i soppan eller grytan med ett nybakat bröd till. Fungerar även utmärkt att använda som sås till kyckling, kött eller fisk.",
    "countryText": "Sverige",
    "companyText": "ICA",
    "ingrediensText": "Ingredienser: Crème fraiche (högpastöriserad GRÄDDE*, stabiliseringsmedel (modifierad majsstärkelse, E412), syrningskultur), kryddblandning (paprika, tomatpuré, salt, socker, majsstärkelse, citronjuicekoncentrat, torkad lök, vit balsamvinäger (vitvinsvinäger, druvjuicekoncentrat, antioxidationsmedel (kaliumdisulfit)), vitlök, chilipulver, aromer). Innehåller 7,4% paprika och 0,05% chilipulver. *Ursprung: Sverige.",
    "storage": "",
    "allergens": "",
    "usage": "",
    "nutrition": [
      {
        "Näringsvärde": "Energi (kcal)",
        "100 Gram": "140 kcal"
      },
      {
        "Näringsvärde": "Energi (kJ)",
        "100 Gram": "580 kJ"
      },
      {
        "Näringsvärde": "Fett",
        "100 Gram": "11 g"
      },
      {
        "Näringsvärde": "Varav mättat fett",
        "100 Gram": "7.1 g"
      },
      {
        "Näringsvärde": "Kolhydrat",
        "100 Gram": "5.5 g"
      },
      {
        "Näringsvärde": "Varav sockerarter",
        "100 Gram": "4.4 g"
      },
      {
        "Näringsvärde": "Protein",
        "100 Gram": "2.6 g"
      },
      {
        "Näringsvärde": "Salt",
        "100 Gram": "1.3 g"
      }
    ],
    "nutritionUnitText": "Näringsvärde per 100 gram",
    "categories": {
      "mainCategory": "Mejeri & Ost",
      "subCategories": [
        {
          "name": "Crème fraiche",
          "subSubCategories": [
            "Crème fraiche smaksatt"
          ]
        }
      ]
    }
  },
  {
    "name": "Yoghurt Mild Vanilj 2% 1500g Arla Ko®",
    "weightText": "1.5 kg",
    "caPart": "",
    "weightValue": 1.5,
    "weightUnit": "kg",
    "comparePrice": "24,33 kr/kg",
    "currentPrice": 36.5,
    "attributes": [
      "Ursprungsland Sverige"
    ],
    "imgUrl": "https://handlaprivatkund.ica.se/images-v3/bf7a00ca-390e-4769-865f-dc369586872e/61c8f26b-dc1f-4a27-a83f-2c0462ab8184/500x500.jpg",
    "productInformation": "En god yoghurt med mild vaniljsmak och krämigt len konsistens. Gjord på svensk mjölk från Arlagårdar. Arla Ko® Mild yoghurt vaniljsmak är ett bra val för hela familjen, till frukost och mellanmål. God i all sin enkelhet men ät den gärna med exempelvis granola, müsli och frukt. Testa också vaniljyoghurt när du ska göra smoothies. Varumärket Arla Ko garanterar att produkten är gjord på 100 procent svensk mjölk.",
    "countryText": "Sverige",
    "companyText": "Arla Ko",
    "ingrediensText": "Högpastöriserad MJÖLK, socker 5%, MJÖLKPROTEIN, naturlig arom, vaniljextrakt, mild yoghurtkultur, vitamin D.",
    "storage": "",
    "allergens": "",
    "usage": "",
    "nutrition": [
      {
        "Näringsvärde": "Energi (kcal)",
        "100 Gram": "70 kcal"
      },
      {
        "Näringsvärde": "Energi (kJ)",
        "100 Gram": "297 kJ"
      },
      {
        "Näringsvärde": "Fett",
        "100 Gram": "2 g"
      },
      {
        "Näringsvärde": "Varav mättat fett",
        "100 Gram": "1.3 g"
      },
      {
        "Näringsvärde": "Kolhydrat",
        "100 Gram": "8.5 g"
      },
      {
        "Näringsvärde": "Varav sockerarter",
        "100 Gram": "8.5 g"
      },
      {
        "Näringsvärde": "Protein",
        "100 Gram": "3.9 g"
      },
      {
        "Näringsvärde": "Salt",
        "100 Gram": "0.08 g"
      },
      {
        "Näringsvärde": "Vitamin D",
        "100 Gram": "1 µg",
        "% av DRI(*)": "20"
      },
      {
        "Näringsvärde": "Kalcium",
        "100 Gram": "119 mg",
        "% av DRI(*)": "15"
      }
    ],
    "nutritionUnitText": "Näringsvärde per 100 gram",
    "categories": {
      "mainCategory": "Mejeri & Ost",
      "subCategories": [
        {
          "name": "Yoghurt",
          "subSubCategories": [
            "Smaksatt yoghurt"
          ]
        }
      ]
    }
  },
  {
    "name": "Minifraiche 5% 2dl Arla Köket®",
    "weightText": "0.2 l",
    "caPart": "",
    "weightValue": 0.2,
    "weightUnit": "l",
    "comparePrice": "67,50 kr/l",
    "currentPrice": 13.5,
    "attributes": [
      "Nyckelhålet",
      "Ursprungsland Sverige"
    ],
    "imgUrl": "https://handlaprivatkund.ica.se/images-v3/bf7a00ca-390e-4769-865f-dc369586872e/18821d84-9a79-44ea-b209-60c948f00d88/500x500.jpg",
    "productInformation": "Arla Köket® Minifraiche 5% är en syrad grädde med extra låg fetthalt. Perfekt för dig som vill minimera fettet, men ändå njuta av god mat. Krämig konsistens med en frisk och syrlig smak. Minifraiche är mycket användbar i t.ex. grytor, soppor och såser men även i kalla såser och röror. Förhöjer smaken och ger fräschör samtidigt som konsistensen blir krämig utan redning. Kokbar. Tillverkas genom syrning av grädde från svenska Arlagårdar. Symbolen med den blågula gräddkannan garanterar 100 procent svensk grädde",
    "countryText": "Sverige",
    "companyText": "Arla Köket",
    "ingrediensText": "Pastöriserad MJÖLK och GRÄDDE, MJÖLKPROTEIN, modifierad majsstärkelse, stabiliseringsmedel (fruktkärnmjöl, pektin), syrningskultur.",
    "storage": "",
    "allergens": "Innehåller Mjölk",
    "usage": "",
    "nutrition": [
      {
        "Näringsvärde": "Energi (kcal)",
        "100 Gram": "80 kcal"
      },
      {
        "Näringsvärde": "Energi (kJ)",
        "100 Gram": "340 kJ"
      },
      {
        "Näringsvärde": "Fett",
        "100 Gram": "5 g"
      },
      {
        "Näringsvärde": "Varav mättat fett",
        "100 Gram": "3.2 g"
      },
      {
        "Näringsvärde": "Kolhydrat",
        "100 Gram": "4.5 g"
      },
      {
        "Näringsvärde": "Varav sockerarter",
        "100 Gram": "3.7 g"
      },
      {
        "Näringsvärde": "Protein",
        "100 Gram": "3.9 g"
      },
      {
        "Näringsvärde": "Salt",
        "100 Gram": "0.1 g"
      }
    ],
    "nutritionUnitText": "Näringsvärde per 100 gram",
    "categories": {
      "mainCategory": "Mejeri & Ost",
      "subCategories": [
        {
          "name": "Crème fraiche",
          "subSubCategories": [
            "Crème fraiche naturell"
          ]
        }
      ]
    }
  },
  {
    "name": "Gratängost Riven 150g ICA",
    "weightText": "0.15 kg",
    "caPart": "",
    "weightValue": 0.15,
    "weightUnit": "kg",
    "comparePrice": "163,33 kr/kg",
    "currentPrice": 24.5,
    "attributes": [],
    "imgUrl": "https://handlaprivatkund.ica.se/images-v3/bf7a00ca-390e-4769-865f-dc369586872e/f2a19f5c-d710-4b0f-99a7-bc4891441142/500x500.jpg",
    "productInformation": "ICA Gratängost Riven ger en mild och krämig konsistens när den smälter vilket gör att den passar ypperligt till gratänger, pajer och pizza. Den är också toppen att ha hemma för den som snabbt vill kunna slänga ihop en toast – bara att strössla på, klämma ihop och steka under press i pannan.",
    "countryText": "",
    "companyText": "ICA",
    "ingrediensText": "Pastöriserad MJÖLK*, majsstärkelse, salt, syrningskultur, mjölkkoagulerande enzym (mikrobiellt). *Ursprung EU.",
    "storage": "Kylvara. Förvaras i högst +8°C.",
    "allergens": "",
    "usage": "",
    "nutrition": [
      {
        "Näringsvärde": "Energi (kcal)",
        "100 Gram": "340 kcal"
      },
      {
        "Näringsvärde": "Energi (kJ)",
        "100 Gram": "1450 kJ"
      },
      {
        "Näringsvärde": "Fett",
        "100 Gram": "27 g"
      },
      {
        "Näringsvärde": "Varav mättat fett",
        "100 Gram": "19 g"
      },
      {
        "Näringsvärde": "Kolhydrat",
        "100 Gram": "1.9 g"
      },
      {
        "Näringsvärde": "Varav sockerarter",
        "100 Gram": "0 g"
      },
      {
        "Näringsvärde": "Protein",
        "100 Gram": "23 g"
      },
      {
        "Näringsvärde": "Salt",
        "100 Gram": "1.8 g"
      }
    ],
    "nutritionUnitText": "Näringsvärde per 100 gram",
    "categories": {
      "mainCategory": "Mejeri & Ost",
      "subCategories": [
        {
          "name": "Ost",
          "subSubCategories": [
            "Matlagningsost",
            "Riven ost"
          ]
        }
      ]
    }
  },
  {
    "name": "Vispgrädde Färsk 40% 5dl ICA",
    "weightText": "0.5 l",
    "caPart": "",
    "weightValue": 0.5,
    "weightUnit": "l",
    "comparePrice": "71,00 kr/l",
    "currentPrice": 35.5,
    "attributes": [
      "Ursprungsland Sverige",
      "Mjölk från Sverige"
    ],
    "imgUrl": "https://handlaprivatkund.ica.se/images-v3/bf7a00ca-390e-4769-865f-dc369586872e/06677955-ca29-4079-a2a8-c5f347dd794f/500x500.jpg",
    "productInformation": "En färsk grädde tillverkad i Sverige på svensk mjölk. Baka en kladdkaka och avnjut med vår vispade grädde. Smaksätt grädden med vaniljsocker, sylt eller kakao - gott på tårtan! Funkar såklart lika bra i din matlagning.",
    "countryText": "Sverige",
    "companyText": "ICA",
    "ingrediensText": "Högpastöriserad VISPGRÄDDE. Ursprung: Sverige.",
    "storage": "",
    "allergens": "",
    "usage": "",
    "nutrition": [
      {
        "Näringsvärde": "Energi (kcal)",
        "100 Milliliter": "370 kcal"
      },
      {
        "Näringsvärde": "Energi (kJ)",
        "100 Milliliter": "1550 kJ"
      },
      {
        "Näringsvärde": "Fett",
        "100 Milliliter": "40 g"
      },
      {
        "Näringsvärde": "Varav mättat fett",
        "100 Milliliter": "26 g"
      },
      {
        "Näringsvärde": "Kolhydrat",
        "100 Milliliter": "3 g"
      },
      {
        "Näringsvärde": "Varav sockerarter",
        "100 Milliliter": "3 g"
      },
      {
        "Näringsvärde": "Protein",
        "100 Milliliter": "2.1 g"
      },
      {
        "Näringsvärde": "Salt",
        "100 Milliliter": "0.1 g"
      },
      {
        "Näringsvärde": "Vitamin A",
        "100 Milliliter": "370 µg",
        "% av DRI(*)": "46"
      },
      {
        "Näringsvärde": "Vitamin K",
        "100 Milliliter": "12 µg",
        "% av DRI(*)": "16"
      }
    ],
    "nutritionUnitText": "Näringsvärde per 100 milliliter",
    "categories": {
      "mainCategory": "Mejeri & Ost",
      "subCategories": [
        {
          "name": "Grädde",
          "subSubCategories": [
            "Vispgrädde"
          ]
        }
      ]
    }
  },
  {
    "name": "Yoghurt Naturell Laktosfri 2,5% 1l Valio",
    "weightText": "1 kg",
    "caPart": "",
    "weightValue": 1,
    "weightUnit": "kg",
    "comparePrice": "22,95 kr/kg",
    "currentPrice": 22.95,
    "attributes": [],
    "imgUrl": "https://handlaprivatkund.ica.se/images-v3/bf7a00ca-390e-4769-865f-dc369586872e/6fded23b-4212-436d-b363-4ede88830678/500x500.jpg",
    "productInformation": "Valio har allt för små och stora mjölkmagar! Våra laktosfria produkter är garanterat 100% fria från laktos och sortimentet utökas ständigt med nya och goda produkter för hela familjen. Med 30 % mindre tillsatt socker än i vanliga smaksatta yoghurtar. Njut av den krämiga lättyoghurten utan laktos. Passar både som mellanmål och frukost.",
    "countryText": "",
    "companyText": "Valio",
    "ingrediensText": "Högpastöriserad MJÖLK, laktasenzym, yoghurtkultur, Lactobacillus acidophilus, Bifidobacterium sp. och vitamin D.",
    "storage": "Förvaras vid högst +8°C. Öppnad förpackning är hållbar 4-5 dagar i kylskåp.",
    "allergens": "",
    "usage": "Omskakas före användning.",
    "nutrition": [
      {
        "Näringsvärde": "Energi (kcal)",
        "100 Gram": "58 kcal"
      },
      {
        "Näringsvärde": "Energi (kJ)",
        "100 Gram": "254 kJ"
      },
      {
        "Näringsvärde": "Fett",
        "100 Gram": "2.5 g"
      },
      {
        "Näringsvärde": "Varav mättat fett",
        "100 Gram": "1.5 g"
      },
      {
        "Näringsvärde": "Kolhydrat",
        "100 Gram": "4 g"
      },
      {
        "Näringsvärde": "Varav sockerarter",
        "100 Gram": "4 g"
      },
      {
        "Näringsvärde": "Protein",
        "100 Gram": "4.2 g"
      },
      {
        "Näringsvärde": "Salt",
        "100 Gram": "0.11 g"
      },
      {
        "Näringsvärde": "Vitamin D",
        "100 Gram": "1 µg",
        "% av DRI(*)": "20"
      },
      {
        "Näringsvärde": "Kalcium",
        "100 Gram": "140 mg",
        "% av DRI(*)": "18"
      }
    ],
    "nutritionUnitText": "Näringsvärde per 100 gram",
    "categories": {
      "mainCategory": "Mejeri & Ost",
      "subCategories": [
        {
          "name": "Yoghurt",
          "subSubCategories": [
            "Laktosfri yoghurt"
          ]
        }
      ]
    }
  },
  {
    "name": "Smör & Raps Normalsaltat 75% 250g Bregott®",
    "weightText": "0.25 kg",
    "caPart": "",
    "weightValue": 0.25,
    "weightUnit": "kg",
    "comparePrice": "139,80 kr/kg",
    "currentPrice": 34.95,
    "attributes": [
      "Ursprungsland Sverige"
    ],
    "imgUrl": "https://handlaprivatkund.ica.se/images-v3/bf7a00ca-390e-4769-865f-dc369586872e/d95fc5bf-22b0-4f53-86c3-730b5d5509b8/500x500.jpg",
    "productInformation": "Bregott® Normalsaltat är en favorit på svenska smörgåsar alltsedan 1969. Kärnat till smör av svensk grädde blandat med rapsolja och en nypa salt – naturligt gott. Grädden finns med för den goda smakens skull och rapsoljan gör det lättare att bre på brödet. Bregott® Normalsaltat gör sig allra bäst på smörgåsen men passar också att steka i och baka med. Symbolen med den blågula gräddkannan garanterar att produkten är gjord på 100 procent svensk grädde.",
    "countryText": "Sverige",
    "companyText": "Bregott",
    "ingrediensText": "SMÖR (pastöriserad GRÄDDE, mjölksyrakultur), rapsolja, vatten, salt, vitamin A och D.",
    "storage": "Bör förvaras vid högst +8ºC. Lägsta förvaringstemperatur 2°C Högsta förvaringstemperatur 8°C",
    "allergens": "Innehåller Mjölk",
    "usage": "",
    "nutrition": [
      {
        "Näringsvärde": "Energi (kcal)",
        "100 Gram": "678 kcal"
      },
      {
        "Näringsvärde": "Energi (kJ)",
        "100 Gram": "2789 kJ"
      },
      {
        "Näringsvärde": "Fett",
        "100 Gram": "75 g"
      },
      {
        "Näringsvärde": "Varav fleromättat fett",
        "100 Gram": "8.7 g"
      },
      {
        "Näringsvärde": "Varav mättat fett",
        "100 Gram": "33 g"
      },
      {
        "Näringsvärde": "Varav enkelomättat fett",
        "100 Gram": "28 g"
      },
      {
        "Näringsvärde": "Kolhydrat",
        "100 Gram": "0.4 g"
      },
      {
        "Näringsvärde": "Varav sockerarter",
        "100 Gram": "0.4 g"
      },
      {
        "Näringsvärde": "Protein",
        "100 Gram": "0.4 g"
      },
      {
        "Näringsvärde": "Salt",
        "100 Gram": "1.2 g"
      },
      {
        "Näringsvärde": "Vitamin A",
        "100 Gram": "900 µg",
        "% av DRI(*)": "113"
      },
      {
        "Näringsvärde": "Vitamin D",
        "100 Gram": "20 µg",
        "% av DRI(*)": "400"
      }
    ],
    "nutritionUnitText": "Näringsvärde per 100 gram",
    "categories": {
      "mainCategory": "Mejeri & Ost",
      "subCategories": [
        {
          "name": "Smör & Margarin",
          "subSubCategories": [
            "Bordsask smör"
          ]
        }
      ]
    }
  },
  {
    "name": "Chokladpudding 5% 190g Grand Dessert",
    "weightText": "0.19 kg",
    "caPart": "",
    "weightValue": 0.19,
    "weightUnit": "kg",
    "comparePrice": "52,37 kr/kg",
    "currentPrice": 9.95,
    "attributes": [],
    "imgUrl": "https://handlaprivatkund.ica.se/images-v3/bf7a00ca-390e-4769-865f-dc369586872e/393792ce-32a6-4a76-8599-e2bf1075c9d8/500x500.jpg",
    "productInformation": "",
    "countryText": "",
    "companyText": "Grand Dessert",
    "ingrediensText": "Ingredienser: pastöriserad SKUMMJÖLK/pasteurisert SKUMMETMELK, GRÄDDE/FLØTE 20%, vassle (MJÖLK)/myse (MELK), glukos-fruktossirap, socker/sukker, modifierad stärkelse/modifisert stivelse, choklad/ sjokolade 1,0%(socker/sukker, kakaopulver, kakaosmör/kakaosmør), fettreducerad kakaopulver 1,0%, gelatin (nötkött/biff), förtjockningsmedel/fortykningsmiddel (E 407, E 412), emulgeringsmedel/emulgator (E 472b), arom/aroma.",
    "storage": "Tillverkningsland: Tyskland. Förvaring: max +8 °C/Oppbevaring: maks +8°C. Bäst före/Best før: se locket. Lägsta förvaringstemperatur 2°C Högsta förvaringstemperatur 8°C",
    "allergens": "",
    "usage": "",
    "nutrition": [
      {
        "Näringsvärde": "Energi (kcal)",
        "100 Gram": "123 kcal"
      },
      {
        "Näringsvärde": "Energi (kJ)",
        "100 Gram": "516 kJ"
      },
      {
        "Näringsvärde": "Fett",
        "100 Gram": "4.9 g"
      },
      {
        "Näringsvärde": "Varav mättat fett",
        "100 Gram": "3.2 g"
      },
      {
        "Näringsvärde": "Kolhydrat",
        "100 Gram": "17 g"
      },
      {
        "Näringsvärde": "Varav sockerarter",
        "100 Gram": "14 g"
      },
      {
        "Näringsvärde": "Protein",
        "100 Gram": "2.7 g"
      },
      {
        "Näringsvärde": "Salt",
        "100 Gram": "0.1 g"
      }
    ],
    "nutritionUnitText": "Näringsvärde per 100 gram",
    "categories": {
      "mainCategory": "Mejeri & Ost",
      "subCategories": [
        {
          "name": "Kylda mellanmål & desserter",
          "subSubCategories": [
            "Kylda desserter",
            "Kylda desserter, laktos"
          ]
        }
      ]
    }
  },
  {
    "name": "Kefir Naturell Laktosfri 2,5% 1000g Arla Cultura®",
    "weightText": "1 kg",
    "caPart": "",
    "weightValue": 1,
    "weightUnit": "kg",
    "comparePrice": "22,50 kr/kg",
    "currentPrice": 22.5,
    "attributes": [
      "Ursprungsland Sverige",
      "Laktosfritt"
    ],
    "imgUrl": "https://handlaprivatkund.ica.se/images-v3/bf7a00ca-390e-4769-865f-dc369586872e/8f335abf-31e3-45f9-84d3-a349657f4afb/500x500.jpg",
    "productInformation": "Arla Cultura® Kefir fermenteras med kulturer karakteristiska för kefir och innehåller 13 olika levande mjölksyrabakterier och jäst. Den är även en naturlig källa till kalcium som bidrar till matsmältningsenzymernas normala funktion. Det bästa du kan göra för din mage är att äta sunt och varierat samt ha en hälsosam livsstil. Toppa kefiren med färska bär, nötter eller njut som den är. Gjord på 100% svensk mjölk från Arlagårdar.",
    "countryText": "Sverige",
    "companyText": "Arla",
    "ingrediensText": "MJÖLK, syrningskultur, jäst, D-vitamin, laktasenzym. Mjölken är högpastöriserad.",
    "storage": "Lägsta förvaringstemperatur 4°C Högsta förvaringstemperatur 8°C",
    "allergens": "Innehåller Mjölk",
    "usage": "",
    "nutrition": [
      {
        "Näringsvärde": "Energi (kcal)",
        "100 Gram": "54 kcal"
      },
      {
        "Näringsvärde": "Energi (kJ)",
        "100 Gram": "228 kJ"
      },
      {
        "Näringsvärde": "Fett",
        "100 Gram": "2.5 g"
      },
      {
        "Näringsvärde": "Varav mättat fett",
        "100 Gram": "1.6 g"
      },
      {
        "Näringsvärde": "Kolhydrat",
        "100 Gram": "3.7 g"
      },
      {
        "Näringsvärde": "Varav sockerarter",
        "100 Gram": "3.7 g"
      },
      {
        "Näringsvärde": "Protein",
        "100 Gram": "3.5 g"
      },
      {
        "Näringsvärde": "Salt",
        "100 Gram": "0.09 g"
      },
      {
        "Näringsvärde": "Vitamin D",
        "100 Gram": "1 µg",
        "% av DRI(*)": "20"
      },
      {
        "Näringsvärde": "Kalcium",
        "100 Gram": "123 mg",
        "% av DRI(*)": "15"
      },
      {
        "Näringsvärde": "Fosfor",
        "100 Gram": "138 mg",
        "% av DRI(*)": "20"
      }
    ],
    "nutritionUnitText": "Näringsvärde per 100 gram",
    "categories": {
      "mainCategory": "Mejeri & Ost",
      "subCategories": [
        {
          "name": "Filmjölk",
          "subSubCategories": [
            "Laktosfri filmjölk"
          ]
        }
      ]
    }
  },
  {
    "name": "Matlagningsgrädde 15% 2,5dl Kelda®",
    "weightText": "0.25 l",
    "caPart": "",
    "weightValue": 0.25,
    "weightUnit": "l",
    "comparePrice": "63,80 kr/l",
    "currentPrice": 15.95,
    "attributes": [],
    "imgUrl": "https://handlaprivatkund.ica.se/images-v3/bf7a00ca-390e-4769-865f-dc369586872e/23d7f772-d1c8-4354-b71a-1bcf52fc6f2e/500x500.jpg",
    "productInformation": "Kelda® Matlagningsgrädde 15% är en kokbar grädde med lägre fetthalt och lång hållbarhet och därför perfekt att ha på lut i kylen till vardagsmatlagningen. Matlagningsgrädde har en mild, gräddig smak och passar utmärkt till lite kryddigare rätter. En matgrädde som du med fördel kan använda i såser, soppor och grytor. Kan behöva redas, speciellt om syrliga ingredienser ingår i din matlagning.",
    "countryText": "",
    "companyText": "Kelda",
    "ingrediensText": "GRÄDDE, stabiliseringsmedel (karragenan).",
    "storage": "Lägsta förvaringstemperatur 2°C Högsta förvaringstemperatur 8°C",
    "allergens": "Innehåller Mjölk",
    "usage": "",
    "nutrition": [
      {
        "Näringsvärde": "Energi (kcal)",
        "100 Gram": "163 kcal"
      },
      {
        "Näringsvärde": "Energi (kJ)",
        "100 Gram": "676 kJ"
      },
      {
        "Näringsvärde": "Fett",
        "100 Gram": "15 g"
      },
      {
        "Näringsvärde": "Varav mättat fett",
        "100 Gram": "9.6 g"
      },
      {
        "Näringsvärde": "Kolhydrat",
        "100 Gram": "4.2 g"
      },
      {
        "Näringsvärde": "Varav sockerarter",
        "100 Gram": "4.2 g"
      },
      {
        "Näringsvärde": "Protein",
        "100 Gram": "2.9 g"
      },
      {
        "Näringsvärde": "Salt",
        "100 Gram": "0.1 g"
      }
    ],
    "nutritionUnitText": "Näringsvärde per 100 gram",
    "categories": {
      "mainCategory": "Mejeri & Ost",
      "subCategories": [
        {
          "name": "Grädde",
          "subSubCategories": [
            "Matlagningsgrädde"
          ]
        }
      ]
    }
  },
  {
    "name": "Äppeljuice Koncentrat 2dl ICA",
    "weightText": "1 l",
    "caPart": "",
    "weightValue": 1,
    "weightUnit": "l",
    "comparePrice": "12,50 kr/l drickklar",
    "currentPrice": 12.5,
    "attributes": [],
    "imgUrl": "https://handlaprivatkund.ica.se/images-v3/bf7a00ca-390e-4769-865f-dc369586872e/1cd12628-c217-4a72-97b3-79816dffd788/500x500.jpg",
    "productInformation": "ICA Äppeljuice Koncentrat är ett bra sätt att spara plats i kylen och ändå få smakrik, frisk äppeljuice. Späd med 1 del juice och 4 delar iskallt vatten i en tillbringare – det blir 1 liter färdig juice.",
    "countryText": "",
    "companyText": "ICA",
    "ingrediensText": "INGREDIENSER: Koncentrerad äppeljuice.",
    "storage": "Lägsta förvaringstemperatur 4°C Högsta förvaringstemperatur 25°C",
    "allergens": "",
    "usage": "",
    "nutrition": [],
    "nutritionUnitText": "Näringsvärde per styck",
    "categories": {
      "mainCategory": "Mejeri & Ost",
      "subCategories": [
        {
          "name": "Juice & Fruktdryck",
          "subSubCategories": [
            "Måltidsdryck",
            "Måltidsdryck koncentrat"
          ]
        }
      ]
    }
  },
  {
    "name": "Juice Tropisk 2l Bravo",
    "weightText": "2 l",
    "caPart": "",
    "weightValue": 2,
    "weightUnit": "l",
    "comparePrice": "23,25 kr/l",
    "currentPrice": 46.5,
    "attributes": [],
    "imgUrl": "https://handlaprivatkund.ica.se/images-v3/bf7a00ca-390e-4769-865f-dc369586872e/75f98a8f-d313-44e9-ba5a-e338c7910f22/500x500.jpg",
    "productInformation": "Information från leverantör \n Njut av hela två liter tropisk juice med en frisk blandning av bl a ananas, passionsfrukt, banan, mango, papaya och kiwifrukt. Bravo är juice så som juice ska vara, 100 % naturlig, utan tillsatt socker eller andra tillsatser. Bravo är dessutom Sveriges största juice, vilket naturligtvis har med den goda smaken att göra.",
    "countryText": "",
    "companyText": "Bravo",
    "ingrediensText": "Juice av äpple 72 %, juice av tropiska frukter 28 % (apelsin, passionsfrukt, ananas, banan, mango, kiwi, papaya).",
    "storage": "Lägsta förvaringstemperatur 2°C Högsta förvaringstemperatur 8°C",
    "allergens": "",
    "usage": "",
    "nutrition": [
      {
        "Näringsvärde": "Energi (kcal)",
        "100 Gram": "47 kcal"
      },
      {
        "Näringsvärde": "Energi (kJ)",
        "100 Gram": "198 kJ"
      },
      {
        "Näringsvärde": "Fett",
        "100 Gram": "0 g"
      },
      {
        "Näringsvärde": "Varav mättat fett",
        "100 Gram": "0 g"
      },
      {
        "Näringsvärde": "Kolhydrat",
        "100 Gram": "11 g"
      },
      {
        "Näringsvärde": "Varav sockerarter",
        "100 Gram": "10 g"
      },
      {
        "Näringsvärde": "Fiber",
        "100 Gram": "0.2 g"
      },
      {
        "Näringsvärde": "Protein",
        "100 Gram": "0.3 g"
      },
      {
        "Näringsvärde": "Salt",
        "100 Gram": "0 g"
      }
    ],
    "nutritionUnitText": "Näringsvärde per 100 gram",
    "categories": {
      "mainCategory": "Mejeri & Ost",
      "subCategories": [
        {
          "name": "Juice & Fruktdryck",
          "subSubCategories": []
        }
      ]
    }
  },
  {
    "name": "Fruktdryck Blåbär 1l Proviva",
    "weightText": "1 l",
    "caPart": "",
    "weightValue": 1,
    "weightUnit": "l",
    "comparePrice": "34,50 kr/l",
    "currentPrice": 34.5,
    "attributes": [],
    "imgUrl": "https://handlaprivatkund.ica.se/images-v3/bf7a00ca-390e-4769-865f-dc369586872e/938c33c7-b22c-4e2f-9b55-00d575c2ce4a/500x500.jpg",
    "productInformation": "ProViva Blåbär är så god att den varit många trogna fans favorit sedan lanseringen 1994. Njut av blåbär från våra svenska skogar i denna fruktdryck med intensiv, bärig smak och fyllig konsistens. Precis som alla ProViva innehåller den miljarder goda mjölksyrabakterier och är dessutom rik på vitamin C, som bidrar till immunförsvarets normala funktion. Ett glas ProViva fruktdryck per dag ger ett intag av mer än 1 miljarder Lactobacillus plantarum 299v. ProViva Blåbär är en riktig klassiker som passar bra till frukost, mellanmål eller när du behöver en energikick. Köp en idag och upptäck varför den varit en favorit i snart trettio år! ProViva - mer än en juice.",
    "countryText": "",
    "companyText": "Proviva",
    "ingrediensText": "INGREDIENSER: Vatten, blåbär 9 % (bär, puré), socker, modifierad potatisstärkelse, HAVREmjöl 0,8 %, syra (citronsyra), vitamin C, kultur: Lactobacillus plantarum 299v.",
    "storage": "Lägsta förvaringstemperatur 2°C Högsta förvaringstemperatur 8°C",
    "allergens": "Innehåller Spannmål som innehåller gluten",
    "usage": "",
    "nutrition": [
      {
        "Näringsvärde": "Energi (kcal)",
        "100 Gram": "45 kcal"
      },
      {
        "Näringsvärde": "Energi (kJ)",
        "100 Gram": "194 kJ"
      },
      {
        "Näringsvärde": "Fett",
        "100 Gram": "0.1 g"
      },
      {
        "Näringsvärde": "Varav mättat fett",
        "100 Gram": "0 g"
      },
      {
        "Näringsvärde": "Kolhydrat",
        "100 Gram": "10.7 g"
      },
      {
        "Näringsvärde": "Varav sockerarter",
        "100 Gram": "8.7 g"
      },
      {
        "Näringsvärde": "Fiber",
        "100 Gram": "0.5 g"
      },
      {
        "Näringsvärde": "Protein",
        "100 Gram": "0.2 g"
      },
      {
        "Näringsvärde": "Salt",
        "100 Gram": "0.03 g"
      },
      {
        "Näringsvärde": "Vitamin C",
        "100 Gram": "35 mg",
        "% av DRI(*)": "44"
      }
    ],
    "nutritionUnitText": "Näringsvärde per 100 gram",
    "categories": {
      "mainCategory": "Mejeri & Ost",
      "subCategories": [
        {
          "name": "Juice & Fruktdryck",
          "subSubCategories": [
            "Fruktdryck"
          ]
        }
      ]
    }
  },
  {
    "name": "Mellanmål Zero Jordgubb 165g Risifrutti",
    "weightText": "0.165 kg",
    "caPart": "",
    "weightValue": 0.165,
    "weightUnit": "kg",
    "comparePrice": "75,76 kr/kg",
    "currentPrice": 12.5,
    "attributes": [],
    "imgUrl": "https://handlaprivatkund.ica.se/images-v3/bf7a00ca-390e-4769-865f-dc369586872e/95d9489c-3de3-4b24-bccb-a2ae163d3f27/500x500.jpg",
    "productInformation": "Risifrutti Zero Jordgubb är ett lite roligare mellanmål, utan tillsatt socker och med mindre kalorier. Precis som alla andra Risifrutti har även denna variant utan tillsatt socker en bas av krämig risgröt med smak av vanilj, mjölk och grädde. Den stora skillnaden är att den är sötad med steviolglykosider som framställs av den naturliga växten Stevia. Självklart finns det en god bärsås gjord på jordgubbar med!",
    "countryText": "",
    "companyText": "RisiFrutti",
    "ingrediensText": "MJÖLK, vatten, ris (8,5%), jordgubbar (4,4%), äpplejuice, GRÄDDE, fläderbärsjuice, förtjockningsmedel (pektin, karragenan, modifierad stärkelse), naturliga aromer (bl.a. vanillin), sötningsmedel (steviolglykosider), salt, syra (citronsyra).",
    "storage": "I kylskåp 2-8 °C",
    "allergens": "",
    "usage": "",
    "nutrition": [
      {
        "Näringsvärde": "Energi (kcal)",
        "100 Gram": "94 kcal"
      },
      {
        "Näringsvärde": "Energi (kJ)",
        "100 Gram": "394 kJ"
      },
      {
        "Näringsvärde": "Fett",
        "100 Gram": "3.3 g"
      },
      {
        "Näringsvärde": "Varav mättat fett",
        "100 Gram": "2.1 g"
      },
      {
        "Näringsvärde": "Kolhydrat",
        "100 Gram": "13 g"
      },
      {
        "Näringsvärde": "Varav sockerarter",
        "100 Gram": "5.6 g"
      },
      {
        "Näringsvärde": "Protein",
        "100 Gram": "3.2 g"
      },
      {
        "Näringsvärde": "Salt",
        "100 Gram": "0.17 g"
      }
    ],
    "nutritionUnitText": "Näringsvärde per 100 gram",
    "categories": {
      "mainCategory": "Mejeri & Ost",
      "subCategories": [
        {
          "name": "Kylda mellanmål & desserter",
          "subSubCategories": [
            "Kylda mellanmål",
            "Rismål, laktos"
          ]
        }
      ]
    }
  },
  {
    "name": "Texmex ost riven 29% 150g Arla Köket",
    "weightText": "0.15 kg",
    "caPart": "",
    "weightValue": 0.15,
    "weightUnit": "kg",
    "comparePrice": "199,67 kr/kg",
    "currentPrice": 29.95,
    "attributes": [
      "Ursprungsland Sverige"
    ],
    "imgUrl": "https://handlaprivatkund.ica.se/images-v3/bf7a00ca-390e-4769-865f-dc369586872e/93c19ed0-6949-4adf-882d-023c4b933459/500x500.jpg",
    "productInformation": "Arla Köket® riven ost Texmex lyfter smakerna i kryddiga rätter. Osten har lite mer karaktär och är en blandning av de svenska ostarna Herrgård® och Kvibille® Cheddar. Den färdigrivna osten passar utmärkt i allt från tacos till grytor och soppor, omelett och tortilla. Ett gott tips är att ha den rivna texmex-osten till heta kycklingtacos med klassiska tillbehör. Symbolen med den blågula mjölkkannan garanterar 100 procent svensk mjölk.",
    "countryText": "Sverige",
    "companyText": "Arla Köket",
    "ingrediensText": "Pastöriserad MJÖLK, klumpförebyggande medel (potatisstärkelse), salt, syrningskultur, ystenzym, kalciumklorid, konserveringsmedel (E251, E202).",
    "storage": "",
    "allergens": "",
    "usage": "",
    "nutrition": [
      {
        "Näringsvärde": "Energi (kcal)",
        "100 Gram": "370 kcal"
      },
      {
        "Näringsvärde": "Energi (kJ)",
        "100 Gram": "1535 kJ"
      },
      {
        "Näringsvärde": "Fett",
        "100 Gram": "29 g"
      },
      {
        "Näringsvärde": "Varav mättat fett",
        "100 Gram": "18 g"
      },
      {
        "Näringsvärde": "Kolhydrat",
        "100 Gram": "1.4 g"
      },
      {
        "Näringsvärde": "Varav sockerarter",
        "100 Gram": "0 g"
      },
      {
        "Näringsvärde": "Protein",
        "100 Gram": "25 g"
      },
      {
        "Näringsvärde": "Salt",
        "100 Gram": "1.4 g"
      },
      {
        "Näringsvärde": "Kalcium",
        "100 Gram": "751 mg",
        "% av DRI(*)": "94"
      }
    ],
    "nutritionUnitText": "Näringsvärde per 100 gram",
    "categories": {
      "mainCategory": "Mejeri & Ost",
      "subCategories": [
        {
          "name": "Ost",
          "subSubCategories": [
            "Matlagningsost",
            "Riven ost"
          ]
        }
      ]
    }
  },
  {
    "name": "Lättmargarin Omega3 38% 600g Becel",
    "weightText": "0.6 kg",
    "caPart": "",
    "weightValue": 0.6,
    "weightUnit": "kg",
    "comparePrice": "58,25 kr/kg",
    "currentPrice": 34.95,
    "attributes": [
      "Nyckelhålet",
      "Laktosfritt"
    ],
    "imgUrl": "https://handlaprivatkund.ica.se/images-v3/bf7a00ca-390e-4769-865f-dc369586872e/301ff08e-76c5-4399-ad63-2cd7404f2ce9/500x500.jpg",
    "productInformation": "Få en hälsoboost av Becel, med Omega 3 från växtriket. Becel är ett lätt smörgåsmargarin som är gjord på solros-, linfrö- och rapsolja och som har en hälsosam fettsammansättning med hög andel omättat fett. Mjölkfri, vegansk och nyckelhålsmärkt. Klimatsmart val.",
    "countryText": "",
    "companyText": "Becel",
    "ingrediensText": "Ingredienser: Vatten, växtoljor (raps, solros, linfrö), kokosolja, modifierad stärkelse, salt (1,0%), kaliumklorid, emulgeringsmedel (mono- och diglycerider av fettsyror, lecitin), konserveringsmedel (kaliumsorbat), surhetsreglerande medel (citronsyra), naturlig arom, vitaminer (A, B1, D).",
    "storage": "Förvaras kyld, förvarasmellan +2-+8°C. Lägsta förvaringstemperatur 2°C Högsta förvaringstemperatur 8°C",
    "allergens": "",
    "usage": "",
    "nutrition": [
      {
        "Näringsvärde": "Energi (kcal)",
        "100 Gram": "348 kcal"
      },
      {
        "Näringsvärde": "Energi (kJ)",
        "100 Gram": "1425 kJ"
      },
      {
        "Näringsvärde": "Fett",
        "100 Gram": "38 g"
      },
      {
        "Näringsvärde": "Varav fleromättat fett",
        "100 Gram": "12 g"
      },
      {
        "Näringsvärde": "Varav mättat fett",
        "100 Gram": "8.8 g"
      },
      {
        "Näringsvärde": "Varav enkelomättat fett",
        "100 Gram": "17 g"
      },
      {
        "Näringsvärde": "Kolhydrat",
        "100 Gram": "1.1 g"
      },
      {
        "Näringsvärde": "Varav sockerarter",
        "100 Gram": "0 g"
      },
      {
        "Näringsvärde": "Protein",
        "100 Gram": "0 g"
      },
      {
        "Näringsvärde": "Salt",
        "100 Gram": "1 g"
      },
      {
        "Näringsvärde": "Vitamin A",
        "100 Gram": "800 µg",
        "% av DRI(*)": "100"
      },
      {
        "Näringsvärde": "Vitamin D",
        "100 Gram": "20 µg",
        "% av DRI(*)": "400"
      },
      {
        "Näringsvärde": "Tiamin",
        "100 Gram": "0.83 mg",
        "% av DRI(*)": "75"
      }
    ],
    "nutritionUnitText": "Näringsvärde per 100 gram",
    "categories": {
      "mainCategory": "Mejeri & Ost",
      "subCategories": [
        {
          "name": "Smör & Margarin",
          "subSubCategories": [
            "Bordsask margarin"
          ]
        }
      ]
    }
  },
  {
    "name": "Kvarg Vanilj Laktosfri 7% 200g Valio",
    "weightText": "0.2 kg",
    "caPart": "",
    "weightValue": 0.2,
    "weightUnit": "kg",
    "comparePrice": "82,50 kr/kg",
    "currentPrice": 16.5,
    "attributes": [
      "Laktosfritt"
    ],
    "imgUrl": "https://handlaprivatkund.ica.se/images-v3/bf7a00ca-390e-4769-865f-dc369586872e/5c2bb658-f477-419d-897f-7bf7c7a8ca90/500x500.jpg",
    "productInformation": "Laktosfri kvarg med fyllig och rund smak av vanilj. God som den är tillsammans med frukt och bär som mellanmål . Passar också utmärkt att baka med då den tål ugnsvärme och passar både kalla desserter och gräddade bakverk. Kvargen tillför en fyllig och saftig smak till många bakverk.",
    "countryText": "",
    "companyText": "Valio",
    "ingrediensText": "KVARG (högpastöriserad SKUMMJÖLK, syrningskultur), högpastöriserad GRÄDDE, socker, vatten, modifierad potatisstärkelse, förtjockningsmedel (fruktkärnmjöl), malen vaniljstång, aromer, färgämne (karotener), enzymer (löpe och laktas).",
    "storage": "Förvaras i högst +8°C. Öppnad förpackning är hållbar i 3-4 dagar i kylskåp.",
    "allergens": "",
    "usage": "",
    "nutrition": [
      {
        "Näringsvärde": "Energi (kcal)",
        "100 Gram": "157 kcal"
      },
      {
        "Näringsvärde": "Energi (kJ)",
        "100 Gram": "660 kJ"
      },
      {
        "Näringsvärde": "Fett",
        "100 Gram": "7 g"
      },
      {
        "Näringsvärde": "Varav mättat fett",
        "100 Gram": "4.1 g"
      },
      {
        "Näringsvärde": "Kolhydrat",
        "100 Gram": "16 g"
      },
      {
        "Näringsvärde": "Varav sockerarter",
        "100 Gram": "15 g"
      },
      {
        "Näringsvärde": "Protein",
        "100 Gram": "7.2 g"
      },
      {
        "Näringsvärde": "Salt",
        "100 Gram": "0.08 g"
      }
    ],
    "nutritionUnitText": "Näringsvärde per 100 gram",
    "categories": {
      "mainCategory": "Mejeri & Ost",
      "subCategories": [
        {
          "name": "Kvarg",
          "subSubCategories": [
            "Laktosfri kvarg"
          ]
        }
      ]
    }
  },
  {
    "name": "Mozzarella Mini 150g Galbani",
    "weightText": "0.15 kg",
    "caPart": "",
    "weightValue": 0.15,
    "weightUnit": "kg",
    "comparePrice": "190,00 kr/kg u. spad",
    "currentPrice": 28.5,
    "attributes": [],
    "imgUrl": "https://handlaprivatkund.ica.se/images-v3/bf7a00ca-390e-4769-865f-dc369586872e/c5574d3b-f36e-4060-ac1a-72ea421a0038/500x500.jpg",
    "productInformation": "Färskost med mild smak. Mozzarellakulorna passar till panering och fritering, i sallader och som tilltugg på buffébordet.",
    "countryText": "",
    "companyText": "Galbani",
    "ingrediensText": "Pastöriserad MJÖLK och MELLANMJÖLK (IT), salt, ystenzym, surhetsreglerande medel: citronsyra.",
    "storage": "",
    "allergens": "",
    "usage": "",
    "nutrition": [
      {
        "Näringsvärde": "Energi (kcal)",
        "100 Gram": "233 kcal"
      },
      {
        "Näringsvärde": "Energi (kJ)",
        "100 Gram": "969 kJ"
      },
      {
        "Näringsvärde": "Fett",
        "100 Gram": "17 g"
      },
      {
        "Näringsvärde": "Varav mättat fett",
        "100 Gram": "12 g"
      },
      {
        "Näringsvärde": "Kolhydrat",
        "100 Gram": "1 g"
      },
      {
        "Näringsvärde": "Varav sockerarter",
        "100 Gram": "0.5 g"
      },
      {
        "Näringsvärde": "Protein",
        "100 Gram": "19 g"
      },
      {
        "Näringsvärde": "Salt",
        "100 Gram": "0.75 g"
      }
    ],
    "nutritionUnitText": "Näringsvärde per 100 gram",
    "categories": {
      "mainCategory": "Mejeri & Ost",
      "subCategories": [
        {
          "name": "Ost",
          "subSubCategories": [
            "Matlagningsost",
            "Mozzarella"
          ]
        }
      ]
    }
  },
  {
    "name": "Smör & Raps Mellan 57% 750g Bregott®",
    "weightText": "0.75 kg",
    "caPart": "",
    "weightValue": 0.75,
    "weightUnit": "kg",
    "comparePrice": "106,60 kr/kg",
    "currentPrice": 79.95,
    "attributes": [
      "Nyckelhålet",
      "Ursprungsland Sverige"
    ],
    "imgUrl": "https://handlaprivatkund.ica.se/images-v3/bf7a00ca-390e-4769-865f-dc369586872e/c01db171-91a3-4510-b6ef-ed454cd310c2/500x500.jpg",
    "productInformation": "Bregott® Mellan är en lite mjukare, lite mer bredbar matfettsblandning. Ett smakrikt alternativ med god smak, men med lägre fetthalt. Grädden finns med för den goda smakens skull och rapsoljan gör det lättare att bre på brödet. Bregott® Mellan gör sig allra bäst på smörgåsen, men passar också att steka i och baka med. Symbolen med den blågula gräddkannan garanterar att produkten är gjord på 100 procent svensk grädde. Produkten är nyckelhålsmärkt.",
    "countryText": "Sverige",
    "companyText": "Bregott",
    "ingrediensText": "Vatten, SMÖR (pastöriserad GRÄDDE, mjölksyrakultur), rapsolja, salt, vitamin A och D.",
    "storage": "Bör förvaras vid högst +8ºC. Lägsta förvaringstemperatur 2°C Högsta förvaringstemperatur 8°C",
    "allergens": "Innehåller Mjölk",
    "usage": "",
    "nutrition": [
      {
        "Näringsvärde": "Energi (kcal)",
        "100 Gram": "515 kcal"
      },
      {
        "Näringsvärde": "Energi (kJ)",
        "100 Gram": "2118 kJ"
      },
      {
        "Näringsvärde": "Fett",
        "100 Gram": "57 g"
      },
      {
        "Näringsvärde": "Varav fleromättat fett",
        "100 Gram": "9.4 g"
      },
      {
        "Näringsvärde": "Varav mättat fett",
        "100 Gram": "19 g"
      },
      {
        "Näringsvärde": "Varav enkelomättat fett",
        "100 Gram": "25 g"
      },
      {
        "Näringsvärde": "Kolhydrat",
        "100 Gram": "0.3 g"
      },
      {
        "Näringsvärde": "Varav sockerarter",
        "100 Gram": "0.3 g"
      },
      {
        "Näringsvärde": "Protein",
        "100 Gram": "0.2 g"
      },
      {
        "Näringsvärde": "Salt",
        "100 Gram": "1 g"
      },
      {
        "Näringsvärde": "Vitamin A",
        "100 Gram": "900 µg",
        "% av DRI(*)": "113"
      },
      {
        "Näringsvärde": "Vitamin D",
        "100 Gram": "20 µg",
        "% av DRI(*)": "400"
      }
    ],
    "nutritionUnitText": "Näringsvärde per 100 gram",
    "categories": {
      "mainCategory": "Mejeri & Ost",
      "subCategories": [
        {
          "name": "Smör & Margarin",
          "subSubCategories": [
            "Bordsask smör"
          ]
        }
      ]
    }
  },
  {
    "name": "Mellanmål Skogsbär 165g Mannafrutti",
    "weightText": "0.165 kg",
    "caPart": "",
    "weightValue": 0.165,
    "weightUnit": "kg",
    "comparePrice": "75,76 kr/kg",
    "currentPrice": 12.5,
    "attributes": [],
    "imgUrl": "https://handlaprivatkund.ica.se/images-v3/bf7a00ca-390e-4769-865f-dc369586872e/3dd6274d-2efe-4aea-a847-a574b69fb060/500x500.jpg",
    "productInformation": "Mannafrutti Skogsbär är ett mellanmål som helt enkelt är gjord på mannagryn i stället för ris. Mannafrutti är ett enkelt och mättande mellanmål som innehåller en bas av krämig mannagrynsgröt, mjölk och grädde. Mannagrynsgröten kommer med en god bärsås gjord på skogsbär.Mannafrutti är precis som Risifrutti en vardagshjälte som är perfekt att ha hemma i kylskåpet eller att packa med i väskan som ett snabbt mellanmål.Historien om Risifrutti började 1993 och sedan dess är det ett älskat mellanmål hos både stora och små. Produkterna är kända för sin goda smak och naturliga råvaror. Risgröten tillverkas i Örebro och de goda frukt- och bärsåserna tillverkas i Kumla. För att läsa mer om Risifrutti besök risifrutti.se",
    "countryText": "",
    "companyText": "RisiFrutti",
    "ingrediensText": "MJÖLK/MÆLK, GRÄDDE/FLØDE, vatten, socker (9%), bär (6%) (hallon/hindbær, blåbär, boysenbär, björnbär/brombær), MANNAGRYN AV VETE/HVEDE (4%), förtjockningsmedel/fortykningsmiddel (pektin, karragenan), VETESTÄRKELSE/HVEDESTIVELSE, naturliga aromer (bl.a. vanillin), syra (citronsyra), salt.",
    "storage": "I kylskåp 2-8 °C",
    "allergens": "",
    "usage": "",
    "nutrition": [
      {
        "Näringsvärde": "Energi (kcal)",
        "100 Gram": "139 kcal"
      },
      {
        "Näringsvärde": "Energi (kJ)",
        "100 Gram": "581 kJ"
      },
      {
        "Näringsvärde": "Fett",
        "100 Gram": "7.2 g"
      },
      {
        "Näringsvärde": "Varav mättat fett",
        "100 Gram": "4.6 g"
      },
      {
        "Näringsvärde": "Kolhydrat",
        "100 Gram": "15 g"
      },
      {
        "Näringsvärde": "Varav sockerarter",
        "100 Gram": "12 g"
      },
      {
        "Näringsvärde": "Protein",
        "100 Gram": "2.9 g"
      },
      {
        "Näringsvärde": "Salt",
        "100 Gram": "0.11 g"
      }
    ],
    "nutritionUnitText": "Näringsvärde per 100 gram",
    "categories": {
      "mainCategory": "Mejeri & Ost",
      "subCategories": [
        {
          "name": "Kylda mellanmål & desserter",
          "subSubCategories": [
            "Kylda mellanmål",
            "Rismål, laktos"
          ]
        }
      ]
    }
  },
  {
    "name": "Vaniljyoghurt Mild 1,5% Lättsockrad 1000g Arla Ko®",
    "weightText": "1 kg",
    "caPart": "",
    "weightValue": 1,
    "weightUnit": "kg",
    "comparePrice": "25,95 kr/kg",
    "currentPrice": 25.95,
    "attributes": [
      "Nyckelhålet",
      "Ursprungsland Sverige"
    ],
    "imgUrl": "https://handlaprivatkund.ica.se/images-v3/bf7a00ca-390e-4769-865f-dc369586872e/960fef6c-6fe7-4773-9d81-865adbc353a3/500x500.jpg",
    "productInformation": "Arla Ko® Lättsockrad mild vaniljyoghurt 1,5% med krämig konsistens. Den lättsockrade yoghurten som är nyckelhålsmärkt är ett utmärkt val om du vill dra ner på sockret utan att göra avkall på den goda smaken. Mild yoghurt med vanilj är lika god till frukost som till mellanmål. Låt den vara huvudnumret eller toppa med müsli, flingor, frukt och bär. Arlas vaniljyoghurt är även en perfekt bas till smoothies. Arla Ko(trademark-symbol) garanterar att produkten görs på 100 procent svensk mjölk. Vaniljyoghurten har en praktisk förpackning som är lätt att återvinna. Skruvkorken och toppen sorteras som plast och kartongen som papper.",
    "countryText": "Sverige",
    "companyText": "Arla Ko",
    "ingrediensText": "Högpastöriserad MJÖLK, socker 2,5%, MJÖLKPROTEIN, naturlig arom, vaniljextrakt, mild yoghurtkultur, vitamin D.",
    "storage": "",
    "allergens": "Innehåller Mjölk",
    "usage": "",
    "nutrition": [
      {
        "Näringsvärde": "Energi (kcal)",
        "100 Gram": "57 kcal"
      },
      {
        "Näringsvärde": "Energi (kJ)",
        "100 Gram": "242 kJ"
      },
      {
        "Näringsvärde": "Fett",
        "100 Gram": "1.5 g"
      },
      {
        "Näringsvärde": "Varav mättat fett",
        "100 Gram": "1 g"
      },
      {
        "Näringsvärde": "Kolhydrat",
        "100 Gram": "6.2 g"
      },
      {
        "Näringsvärde": "Varav sockerarter",
        "100 Gram": "6.2 g"
      },
      {
        "Näringsvärde": "Protein",
        "100 Gram": "4.1 g"
      },
      {
        "Näringsvärde": "Salt",
        "100 Gram": "0.09 g"
      },
      {
        "Näringsvärde": "Vitamin D",
        "100 Gram": "1 µg",
        "% av DRI(*)": "20"
      },
      {
        "Näringsvärde": "Kalcium",
        "100 Gram": "123 mg",
        "% av DRI(*)": "15"
      }
    ],
    "nutritionUnitText": "Näringsvärde per 100 gram",
    "categories": {
      "mainCategory": "Mejeri & Ost",
      "subCategories": [
        {
          "name": "Yoghurt",
          "subSubCategories": [
            "Smaksatt yoghurt"
          ]
        }
      ]
    }
  },
  {
    "name": "Yoghurt Original Samoa 2% 1000g Yoggi®",
    "weightText": "1 kg",
    "caPart": "",
    "weightValue": 1,
    "weightUnit": "kg",
    "comparePrice": "28,95 kr/kg",
    "currentPrice": 28.95,
    "attributes": [
      "FSC, Forest Stewardship Council",
      "Ursprungsland Sverige"
    ],
    "imgUrl": "https://handlaprivatkund.ica.se/images-v3/bf7a00ca-390e-4769-865f-dc369586872e/61aadac3-977d-428b-a891-ec8563e270e4/500x500.jpg",
    "productInformation": "Krämig fruktyoghurt med frisk Samoasmak - persika, kiwi, mango, ananas, melon och passionsfrukt. Arla Yoggi® Original Samoa mättar och ger snabbt ny energi, från frukost till dessert. Smaken är helt naturlig och det är frukten som ger yoghurten den fina färgen. Yoggi yoghurt passar både stor och liten, servera till frukost, som ett snabbt mellanmål eller en enkel dessert.",
    "countryText": "Sverige",
    "companyText": "Yoggi",
    "ingrediensText": "MJÖLK, frukt 8 % (persika, kiwi, mango, ananas, melon, passionsfruktjuice), socker 7,5%, MJÖLKPROTEIN, majsstärkelse, naturlig arom, yoghurtkultur, vitamin D. Mjölken är högpastöriserad.",
    "storage": "",
    "allergens": "Innehåller Mjölk",
    "usage": "",
    "nutrition": [
      {
        "Näringsvärde": "Energi (kcal)",
        "100 Gram": "80 kcal"
      },
      {
        "Näringsvärde": "Energi (kJ)",
        "100 Gram": "340 kJ"
      },
      {
        "Näringsvärde": "Fett",
        "100 Gram": "2 g"
      },
      {
        "Näringsvärde": "Varav mättat fett",
        "100 Gram": "1.3 g"
      },
      {
        "Näringsvärde": "Kolhydrat",
        "100 Gram": "12 g"
      },
      {
        "Näringsvärde": "Varav sockerarter",
        "100 Gram": "11 g"
      },
      {
        "Näringsvärde": "Protein",
        "100 Gram": "3.3 g"
      },
      {
        "Näringsvärde": "Salt",
        "100 Gram": "0.1 g"
      },
      {
        "Näringsvärde": "Vitamin D",
        "100 Gram": "0.93 µg",
        "% av DRI(*)": "19"
      }
    ],
    "nutritionUnitText": "Näringsvärde per 100 gram",
    "categories": {
      "mainCategory": "Mejeri & Ost",
      "subCategories": [
        {
          "name": "Yoghurt",
          "subSubCategories": [
            "Smaksatt yoghurt"
          ]
        }
      ]
    }
  },
  {
    "name": "Gräddfil 12% 3dl Arla Ko®",
    "weightText": "0.3 l",
    "caPart": "",
    "weightValue": 0.3,
    "weightUnit": "l",
    "comparePrice": "49,83 kr/l",
    "currentPrice": 14.95,
    "attributes": [
      "Ursprungsland Sverige"
    ],
    "imgUrl": "https://handlaprivatkund.ica.se/images-v3/bf7a00ca-390e-4769-865f-dc369586872e/171b2f1e-1246-4fb0-876e-e1d092f3b3d8/500x500.jpg",
    "productInformation": "Arla Ko® Gräddfil 12% tillverkas av färsk grädde från svenska Arlagårdar. Originalet sedan 1952 är en riktig klassiker som har sin självklara plats i mat till såväl vardag som helg och smakar som gräddfil ska smaka- svagt syrlig och gräddig med en lätt krämig konsistens. Gräddfil används med fördel som en svalkande klick till soppor och grytor, till tacos och bakad potatis. Utmärkt i kalla såser, dressingar och dip och i krämiga sallader. I mjuka kakor ger gräddfil saftighet och i desserter som tex pannacotta en fräschare känsla. Varumärket Arla Ko® garanterar att produkten är gjord på 100 procent svensk mjölk.",
    "countryText": "Sverige",
    "companyText": "Arla Ko",
    "ingrediensText": "Pastöriserad GRÄDDE, syrningskultur.",
    "storage": "",
    "allergens": "",
    "usage": "",
    "nutrition": [
      {
        "Näringsvärde": "Energi (kcal)",
        "100 Gram": "140 kcal"
      },
      {
        "Näringsvärde": "Energi (kJ)",
        "100 Gram": "550 kJ"
      },
      {
        "Näringsvärde": "Fett",
        "100 Gram": "12 g"
      },
      {
        "Näringsvärde": "Varav mättat fett",
        "100 Gram": "7.7 g"
      },
      {
        "Näringsvärde": "Kolhydrat",
        "100 Gram": "3.4 g"
      },
      {
        "Näringsvärde": "Varav sockerarter",
        "100 Gram": "3.4 g"
      },
      {
        "Näringsvärde": "Protein",
        "100 Gram": "3.1 g"
      },
      {
        "Näringsvärde": "Salt",
        "100 Gram": "0.1 g"
      }
    ],
    "nutritionUnitText": "Näringsvärde per 100 gram",
    "categories": {
      "mainCategory": "Mejeri & Ost",
      "subCategories": [
        {
          "name": "Gräddfil",
          "subSubCategories": [
            "Gräddfil"
          ]
        }
      ]
    }
  },
  {
    "name": "Kvarg Mild Naturell 0,2% Laktosfri 1000g Arla®",
    "weightText": "1 kg",
    "caPart": "",
    "weightValue": 1,
    "weightUnit": "kg",
    "comparePrice": "42,95 kr/kg",
    "currentPrice": 42.95,
    "attributes": [
      "Nyckelhålet",
      "Laktosfritt"
    ],
    "imgUrl": "https://handlaprivatkund.ica.se/images-v3/bf7a00ca-390e-4769-865f-dc369586872e/dc9fddcc-d487-4c85-8da4-fdf1b85b62a4/500x500.jpg",
    "productInformation": "Laktosfri mild kvarg med len konsistens. Arla® mild kvarg naturell har ett naturligt högt proteininnehåll och är nyckelhålsmärkt, det perfekta valet för dig som rör på dig mycket. Ät naturell kvarg som den är eller toppa med nötter, frukt eller färska bär. Lika gott till frukost som mellanmål och i samband med träning. Kvarg från Arla® är alltid laktosfri. 1 000 g.",
    "countryText": "",
    "companyText": "Arla",
    "ingrediensText": "MJÖLK, mjölksyrakultur, laktasenzym. Mjölken är högpastöriserad.",
    "storage": "",
    "allergens": "",
    "usage": "",
    "nutrition": [
      {
        "Näringsvärde": "Energi (kcal)",
        "100 Gram": "60 kcal"
      },
      {
        "Näringsvärde": "Energi (kJ)",
        "100 Gram": "280 kJ"
      },
      {
        "Näringsvärde": "Fett",
        "100 Gram": "0.2 g"
      },
      {
        "Näringsvärde": "Varav mättat fett",
        "100 Gram": "0.1 g"
      },
      {
        "Näringsvärde": "Kolhydrat",
        "100 Gram": "4 g"
      },
      {
        "Näringsvärde": "Varav sockerarter",
        "100 Gram": "4 g"
      },
      {
        "Näringsvärde": "Protein",
        "100 Gram": "11 g"
      },
      {
        "Näringsvärde": "Salt",
        "100 Gram": "0.1 g"
      }
    ],
    "nutritionUnitText": "Näringsvärde per 100 gram",
    "categories": {
      "mainCategory": "Mejeri & Ost",
      "subCategories": [
        {
          "name": "Kvarg",
          "subSubCategories": [
            "Kvarg naturell"
          ]
        }
      ]
    }
  },
  {
    "name": "Mellanmjölk Lång hållbarhet 1,5% 1l ICA",
    "weightText": "1 l",
    "caPart": "",
    "weightValue": 1,
    "weightUnit": "l",
    "comparePrice": "15,50 kr/l",
    "currentPrice": 15.5,
    "attributes": [
      "Ursprungsland Sverige",
      "Mjölk från Sverige"
    ],
    "imgUrl": "https://handlaprivatkund.ica.se/images-v3/bf7a00ca-390e-4769-865f-dc369586872e/a104745b-8646-4df5-9cdb-5fc3f34cfa82/500x500.jpg",
    "productInformation": "",
    "countryText": "Sverige",
    "companyText": "ICA",
    "ingrediensText": "Ingredienser Högpastöriserad MJÖLK*, vitamin D. *Ursprung Sverige.",
    "storage": "Lägsta förvaringstemperatur 2°C Högsta förvaringstemperatur 8°C",
    "allergens": "Innehåller Mjölk",
    "usage": "",
    "nutrition": [
      {
        "Näringsvärde": "Energi (kcal)",
        "100 Milliliter": "47 kcal"
      },
      {
        "Näringsvärde": "Energi (kJ)",
        "100 Milliliter": "195 kJ"
      },
      {
        "Näringsvärde": "Fett",
        "100 Milliliter": "1.5 g"
      },
      {
        "Näringsvärde": "Varav mättat fett",
        "100 Milliliter": "1 g"
      },
      {
        "Näringsvärde": "Kolhydrat",
        "100 Milliliter": "4.7 g"
      },
      {
        "Näringsvärde": "Varav sockerarter",
        "100 Milliliter": "4.7 g"
      },
      {
        "Näringsvärde": "Protein",
        "100 Milliliter": "3.5 g"
      },
      {
        "Näringsvärde": "Salt",
        "100 Milliliter": "0.09 g"
      },
      {
        "Näringsvärde": "Vitamin B12",
        "100 Milliliter": "0.4 µg",
        "% av DRI(*)": "16"
      },
      {
        "Näringsvärde": "Vitamin D",
        "100 Milliliter": "1 µg",
        "% av DRI(*)": "20"
      },
      {
        "Näringsvärde": "Riboflavin",
        "100 Milliliter": "0.14 mg",
        "% av DRI(*)": "10"
      },
      {
        "Näringsvärde": "Folsyra",
        "100 Milliliter": "15 µg"
      },
      {
        "Näringsvärde": "Pantotensyra",
        "100 Milliliter": "0.5 mg",
        "% av DRI(*)": "8"
      },
      {
        "Näringsvärde": "Kalium",
        "100 Milliliter": "160 mg",
        "% av DRI(*)": "8"
      },
      {
        "Näringsvärde": "Klorid",
        "100 Milliliter": "92 mg",
        "% av DRI(*)": "12"
      },
      {
        "Näringsvärde": "Kalcium",
        "100 Milliliter": "124 mg",
        "% av DRI(*)": "16"
      },
      {
        "Näringsvärde": "Fosfor",
        "100 Milliliter": "139 mg",
        "% av DRI(*)": "20"
      },
      {
        "Näringsvärde": "Molybden",
        "100 Milliliter": "3.8 µg",
        "% av DRI(*)": "8"
      },
      {
        "Näringsvärde": "Jod",
        "100 Milliliter": "22 µg",
        "% av DRI(*)": "15"
      }
    ],
    "nutritionUnitText": "Näringsvärde per 100 milliliter",
    "categories": {
      "mainCategory": "Mejeri & Ost",
      "subCategories": [
        {
          "name": "Mjölk",
          "subSubCategories": [
            "Mellanmjölk",
            "Mellanmjölk, laktos"
          ]
        }
      ]
    }
  },
  {
    "name": "Kvarg Vit Chokladsmak Utan tillsatt socker 0,2% 150g Lindahls",
    "weightText": "0.15 kg",
    "caPart": "",
    "weightValue": 0.15,
    "weightUnit": "kg",
    "comparePrice": "73,00 kr/kg",
    "currentPrice": 10.95,
    "attributes": [
      "Ursprungsland Sverige"
    ],
    "imgUrl": "https://handlaprivatkund.ica.se/images-v3/bf7a00ca-390e-4769-865f-dc369586872e/2c95521a-50eb-4081-a356-f77fb3d856ae/500x500.jpg",
    "productInformation": "Information från leverantör \n Lindahls kvarg är en mild och krämig kvarg med ljuvlig smak av vit choklad. Lindahls kvarg har ett högt proteininnehåll, låg fetthalt och innehåller inget tillsatt socker. Perfekt att njuta som den är eller toppa med nötter, frukt eller färska bär. Ät den efter träningen, som mellanmål eller bara när du vill ha något gott och nyttigt! Lindahls kvarg är tillverkad i Sverige med svensk mjölk.",
    "countryText": "Sverige",
    "companyText": "Lindahls",
    "ingrediensText": "Pastöriserad MJÖLK/ pasteurisert MELK, mjölksyrakultur/melkesyrekultur, ystenzym/mikrobiell løpe, smör, arom, syra (mjölksyra), förtjockningsmedel (modifierad majsstärkelse), färgämne (karoten), sötningsmedel/søtstoffer (Acesulfam K, aspartam). Innehåller en källa av fenylalanin./Inneholder en fenylalaninkilde.",
    "storage": "",
    "allergens": "",
    "usage": "",
    "nutrition": [
      {
        "Näringsvärde": "Energi (kcal)",
        "100 Gram": "60 kcal"
      },
      {
        "Näringsvärde": "Energi (kJ)",
        "100 Gram": "240 kJ"
      },
      {
        "Näringsvärde": "Fett",
        "100 Gram": "0.2 g"
      },
      {
        "Näringsvärde": "Varav mättat fett",
        "100 Gram": "0 g"
      },
      {
        "Näringsvärde": "Kolhydrat",
        "100 Gram": "3.5 g"
      },
      {
        "Näringsvärde": "Varav sockerarter",
        "100 Gram": "3.2 g"
      },
      {
        "Näringsvärde": "Protein",
        "100 Gram": "10 g"
      },
      {
        "Näringsvärde": "Salt",
        "100 Gram": "0.1 g"
      }
    ],
    "nutritionUnitText": "Näringsvärde per 100 gram",
    "categories": {
      "mainCategory": "Mejeri & Ost",
      "subCategories": [
        {
          "name": "Kvarg",
          "subSubCategories": [
            "Kvarg portionsförpackning"
          ]
        }
      ]
    }
  },
  {
    "name": "Yoghurt Vanilj Mild 2% 1500g ICA",
    "weightText": "1.5 kg",
    "caPart": "",
    "weightValue": 1.5,
    "weightUnit": "kg",
    "comparePrice": "21,30 kr/kg",
    "currentPrice": 31.95,
    "attributes": [
      "Ursprungsland Sverige",
      "Mjölk från Sverige"
    ],
    "imgUrl": "https://handlaprivatkund.ica.se/images-v3/bf7a00ca-390e-4769-865f-dc369586872e/64c838e4-0839-436c-bb0e-3a5a3555d936/500x500.jpg",
    "productInformation": "ICA Vaniljyoghurt 2% är en mild och krämig yoghurt med fyllig vaniljsmak. Passar precis som den är eller med fruktsallad och nötter för en god frukost eller brunch. Yoghurten är gjord på svensk mjölk.",
    "countryText": "Sverige",
    "companyText": "ICA",
    "ingrediensText": "Högpastöriserad MJÖLK*, socker, MJÖLKPROTEIN, naturlig arom, vaniljextrakt, mild yoghurtkultur, vitamin D. Produkten innehåller 5% tillsatt socker. *Ursprung Sverige.",
    "storage": "",
    "allergens": "",
    "usage": "",
    "nutrition": [
      {
        "Näringsvärde": "Energi (kcal)",
        "100 Gram": "70 kcal"
      },
      {
        "Näringsvärde": "Energi (kJ)",
        "100 Gram": "300 kJ"
      },
      {
        "Näringsvärde": "Fett",
        "100 Gram": "2 g"
      },
      {
        "Näringsvärde": "Varav mättat fett",
        "100 Gram": "1.3 g"
      },
      {
        "Näringsvärde": "Kolhydrat",
        "100 Gram": "8.7 g"
      },
      {
        "Näringsvärde": "Varav sockerarter",
        "100 Gram": "8.7 g"
      },
      {
        "Näringsvärde": "Protein",
        "100 Gram": "3.9 g"
      },
      {
        "Näringsvärde": "Salt",
        "100 Gram": "0.1 g"
      },
      {
        "Näringsvärde": "Vitamin D",
        "100 Gram": "1 µg",
        "% av DRI(*)": "20"
      }
    ],
    "nutritionUnitText": "Näringsvärde per 100 gram",
    "categories": {
      "mainCategory": "Mejeri & Ost",
      "subCategories": [
        {
          "name": "Yoghurt",
          "subSubCategories": [
            "Smaksatt yoghurt"
          ]
        }
      ]
    }
  },
  {
    "name": "Yoghurt Turkisk Naturell 10% 1000g Salakis",
    "weightText": "1 kg",
    "caPart": "",
    "weightValue": 1,
    "weightUnit": "kg",
    "comparePrice": "35,95 kr/kg",
    "currentPrice": 35.95,
    "attributes": [],
    "imgUrl": "https://handlaprivatkund.ica.se/images-v3/bf7a00ca-390e-4769-865f-dc369586872e/370d3b5b-f948-4c89-a3c4-c2a4effd5936/500x500.jpg",
    "productInformation": "Mild, med en behaglig syra och krämig konsistens. Underbar till frukost och mellanmål, som den är eller med bär och frukt. Perfekt till kalla såser, röror, efterrätter, bakning och i matlagning där du värmer, men inte kokar yoghurten. Milt syrlig Den naturliga syran hos Turkisk yoghurt gör den perfekt som bas i exempelvis dressingar där den kan ersätta majonnäs och till viss del även vinäger. Syran gör också att yoghurten passar fint till rätter som själva innehåller syrliga ingredienser, som tomatbaserad korv stroganoff. I de här sammanhangen skiktar sig andra mejeriprodukter lätt. I sött sällskap ger yoghurtens friska smak dessutom en härlig kontrast. Användbart krämig Turkisk yoghurt 10% är ett gott alternativ till fetare produkter som gräddfil och majonnäs. Byt ut rakt av och njut av den friska smaken. Vill du ha ett saftigt och hållbart bröd när du bakar kan du ersätta smör och vätska helt eller delvis med Turkisk yoghurt 10%. Tips: Har du bara Lindahls Turkisk yoghurt hemma kan du koka den utan att den skär sig om du först rör ut den med lite Maizenamjöl. Lite pyssel, men ingen panik alltså.",
    "countryText": "",
    "companyText": "Salakis",
    "ingrediensText": "Högpastöriserad och homogeniserad MJÖLK*/ høy- pasteurisert og homogenisert MELK*/MÆLK*/pastöroitu ja homogenisoitu MAITO*, högpastöriserad och homogeniserad GRÄDDE*/høypasteurisert og homoge- nisert FLØTE*/FLØDE*/pastöroitu ja homogenisoitu KERMA*, MJÖLKprotein/MELKprotein/MÆLKEprotein*/MAITO- proteiini, yoghurtkultur/hapate. *Ursprung/opprinnelse/alkuperä EU.",
    "storage": "",
    "allergens": "",
    "usage": "",
    "nutrition": [
      {
        "Näringsvärde": "Energi (kcal)",
        "100 Gram": "129 kcal"
      },
      {
        "Näringsvärde": "Energi (kJ)",
        "100 Gram": "528 kJ"
      },
      {
        "Näringsvärde": "Fett",
        "100 Gram": "10 g"
      },
      {
        "Näringsvärde": "Varav mättat fett",
        "100 Gram": "6.6 g"
      },
      {
        "Näringsvärde": "Kolhydrat",
        "100 Gram": "5.1 g"
      },
      {
        "Näringsvärde": "Varav sockerarter",
        "100 Gram": "5.1 g"
      },
      {
        "Näringsvärde": "Protein",
        "100 Gram": "4.2 g"
      },
      {
        "Näringsvärde": "Salt",
        "100 Gram": "0.13 g"
      }
    ],
    "nutritionUnitText": "Näringsvärde per 100 gram",
    "categories": {
      "mainCategory": "Mejeri & Ost",
      "subCategories": [
        {
          "name": "Yoghurt",
          "subSubCategories": [
            "Matlagningsyoghurt",
            "Turkisk yoghurt"
          ]
        }
      ]
    }
  },
  {
    "name": "Mellanmål Skogsbär 175g Risifrutti",
    "weightText": "0.175 kg",
    "caPart": "",
    "weightValue": 0.175,
    "weightUnit": "kg",
    "comparePrice": "71,43 kr/kg",
    "currentPrice": 12.5,
    "attributes": [],
    "imgUrl": "https://handlaprivatkund.ica.se/images-v3/bf7a00ca-390e-4769-865f-dc369586872e/6ef16a23-b6ce-44c8-bc80-c47e02fbd449/500x500.jpg",
    "productInformation": "Risifrutti skogsbär är ett enkelt mellanmål när du är på språng! Precis som alla andra risifrutti innehåller även skogsbär en bas av krämig risgröt med smak av vanilj, mjölk och grädde. Den här varianten kommer med riktigt god bärsås av skogsbär.Risifrutti är en vardagshjälte som är perfekt att ha hemma i kylskåpet eller att packa med i väskan som ett snabbt mellanmål.Historien om Risifrutti började 1993 och sedan dess är det ett älskat mellanmål hos både stora och små. Produkterna är kända för sin goda smak och naturliga råvaror. Risgröten tillverkas i Örebro och de goda frukt- och bärsåserna tillverkas i Kumla. För att läsa mer om Risifrutti besök risifrutti.se",
    "countryText": "",
    "companyText": "RisiFrutti",
    "ingrediensText": "MJÖLK/MÆLK, vatten/vand, ris (8,5%), socker (6,7%), bär (6%) (hallon/hindbær, blåbär, boysenbär, björnbär/brombær), GRÄDDE/FLØDE, förtjockningsmedel/fortykningsmiddel (pektin, karragenan), naturliga aromer (bl.a. vanillin), salt, syra (citronsyra).",
    "storage": "I kylskåp 2-8 °C",
    "allergens": "",
    "usage": "",
    "nutrition": [
      {
        "Näringsvärde": "Energi (kcal)",
        "100 Gram": "111 kcal"
      },
      {
        "Näringsvärde": "Energi (kJ)",
        "100 Gram": "465 kJ"
      },
      {
        "Näringsvärde": "Fett",
        "100 Gram": "3.3 g"
      },
      {
        "Näringsvärde": "Varav mättat fett",
        "100 Gram": "2.1 g"
      },
      {
        "Näringsvärde": "Kolhydrat",
        "100 Gram": "17 g"
      },
      {
        "Näringsvärde": "Varav sockerarter",
        "100 Gram": "10 g"
      },
      {
        "Näringsvärde": "Protein",
        "100 Gram": "3.1 g"
      },
      {
        "Näringsvärde": "Salt",
        "100 Gram": "0.16 g"
      }
    ],
    "nutritionUnitText": "Näringsvärde per 100 gram",
    "categories": {
      "mainCategory": "Mejeri & Ost",
      "subCategories": [
        {
          "name": "Kylda mellanmål & desserter",
          "subSubCategories": [
            "Kylda mellanmål",
            "Rismål, laktos"
          ]
        }
      ]
    }
  },
  {
    "name": "Snackost orginal 6st 120g Mini Babybel",
    "weightText": "0.12 kg",
    "caPart": "",
    "weightValue": 0.12,
    "weightUnit": "kg",
    "comparePrice": "232,92 kr/kg",
    "currentPrice": 27.95,
    "attributes": [],
    "imgUrl": "https://handlaprivatkund.ica.se/images-v3/bf7a00ca-390e-4769-865f-dc369586872e/98f15ed7-c88a-4488-95cf-41b6691b2d21/500x500.jpg",
    "productInformation": "",
    "countryText": "",
    "companyText": "Mini Babybel",
    "ingrediensText": "Pastöriserad/Pasturisert MJÖLK/MELK/MÆLK, salt, MJÖLK-/MELKE-/MÆLKesyrakultur, ystenzym/vegetarisk løpe. Kraftigt saltad.",
    "storage": "Förvaras kyld efter köp",
    "allergens": "",
    "usage": "Undvik kvävningsrisk för barn under 4 år, dela i små munsbitar.",
    "nutrition": [
      {
        "Näringsvärde": "Energi (kcal)",
        "100 Gram": "295 kcal"
      },
      {
        "Näringsvärde": "Energi (kJ)",
        "100 Gram": "1225 kJ"
      },
      {
        "Näringsvärde": "Fett",
        "100 Gram": "23 g"
      },
      {
        "Näringsvärde": "Varav mättat fett",
        "100 Gram": "15.5 g"
      },
      {
        "Näringsvärde": "Kolhydrat",
        "100 Gram": "0.01 g"
      },
      {
        "Näringsvärde": "Varav sockerarter",
        "100 Gram": "0.01 g"
      },
      {
        "Näringsvärde": "Protein",
        "100 Gram": "22 g"
      },
      {
        "Näringsvärde": "Salt",
        "100 Gram": "1.7 g"
      },
      {
        "Näringsvärde": "Kalcium",
        "100 Gram": "680 mg",
        "% av DRI(*)": "85"
      }
    ],
    "nutritionUnitText": "Näringsvärde per 100 gram",
    "categories": {
      "mainCategory": "Mejeri & Ost",
      "subCategories": [
        {
          "name": "Ost",
          "subSubCategories": [
            "Dessertost",
            "Färskost Dessert"
          ]
        }
      ]
    }
  },
  {
    "name": "Feta 150g Zeta",
    "weightText": "0.15 kg",
    "caPart": "",
    "weightValue": 0.15,
    "weightUnit": "kg",
    "comparePrice": "170,00 kr/kg",
    "currentPrice": 25.5,
    "attributes": [],
    "imgUrl": "https://handlaprivatkund.ica.se/images-v3/bf7a00ca-390e-4769-865f-dc369586872e/1d00a386-f4fd-4040-bca0-0d7464755cd2/500x500.jpg",
    "productInformation": "Zeta Fetaost, från Grekland, av pastöriserad får- och getmjölk. Smakrik och friskt syrlig med lätt sälta. Konsistensen är lite smulig, perfekt att finfördela.",
    "countryText": "",
    "companyText": "Zeta",
    "ingrediensText": "INGREDIENSER: Pastöriserad får- och getMJÖLK, havssalt, syrningskultur, ystenzym.",
    "storage": "Lägsta förvaringstemperatur 2°C Högsta förvaringstemperatur 8°C",
    "allergens": "",
    "usage": "",
    "nutrition": [
      {
        "Näringsvärde": "Energi (kcal)",
        "100 Gram": "275 kcal"
      },
      {
        "Näringsvärde": "Energi (kJ)",
        "100 Gram": "1140 kJ"
      },
      {
        "Näringsvärde": "Fett",
        "100 Gram": "23 g"
      },
      {
        "Näringsvärde": "Varav mättat fett",
        "100 Gram": "16 g"
      },
      {
        "Näringsvärde": "Kolhydrat",
        "100 Gram": "1 g"
      },
      {
        "Näringsvärde": "Varav sockerarter",
        "100 Gram": "0.5 g"
      },
      {
        "Näringsvärde": "Protein",
        "100 Gram": "16 g"
      },
      {
        "Näringsvärde": "Salt",
        "100 Gram": "2.5 g"
      }
    ],
    "nutritionUnitText": "",
    "categories": {
      "mainCategory": "Mejeri & Ost",
      "subCategories": [
        {
          "name": "Ost",
          "subSubCategories": [
            "Matlagningsost",
            "Fetaost"
          ]
        }
      ]
    }
  },
  {
    "name": "Lätt Crème fraiche 13% 2dl Arla Köket®",
    "weightText": "0.2 l",
    "caPart": "",
    "weightValue": 0.2,
    "weightUnit": "l",
    "comparePrice": "67,50 kr/l",
    "currentPrice": 13.5,
    "attributes": [
      "Ursprungsland Sverige"
    ],
    "imgUrl": "https://handlaprivatkund.ica.se/images-v3/bf7a00ca-390e-4769-865f-dc369586872e/bae7343b-16d2-4211-a53f-073e89f1f658/500x500.jpg",
    "productInformation": "Arla Köket® Lätt crème fraiche 13% är en syrad grädde med lägre fetthalt, krämig konsistens och frisk syrlig smak. Lätt crème fraiche är mycket användbar i t.ex. grytor, soppor och såser men även i kalla såser och röror eller som ett krämigt tillbehör. Perfekt i potatissallad. Förhöjer smaken och ger fräschör samtidigt som konsistensen blir krämig utan redning. Kokbar. Tillverkas genom syrning av grädde från svenska Arlagårdar. Symbolen med den blågula gräddkannan ga-ranterar 100 procent svensk grädde.",
    "countryText": "Sverige",
    "companyText": "Arla Köket",
    "ingrediensText": "Pastöriserad GRÄDDE, modifierad majsstärkelse, stabiliseringsmedel (fruktkärnmjöl, pektin), syrningskultur.",
    "storage": "",
    "allergens": "Innehåller Mjölk",
    "usage": "",
    "nutrition": [
      {
        "Näringsvärde": "Energi (kcal)",
        "100 Gram": "150 kcal"
      },
      {
        "Näringsvärde": "Energi (kJ)",
        "100 Gram": "600 kJ"
      },
      {
        "Näringsvärde": "Fett",
        "100 Gram": "13 g"
      },
      {
        "Näringsvärde": "Varav mättat fett",
        "100 Gram": "8.3 g"
      },
      {
        "Näringsvärde": "Kolhydrat",
        "100 Gram": "3.9 g"
      },
      {
        "Näringsvärde": "Varav sockerarter",
        "100 Gram": "3.3 g"
      },
      {
        "Näringsvärde": "Protein",
        "100 Gram": "3.1 g"
      },
      {
        "Näringsvärde": "Salt",
        "100 Gram": "0.1 g"
      }
    ],
    "nutritionUnitText": "Näringsvärde per 100 gram",
    "categories": {
      "mainCategory": "Mejeri & Ost",
      "subCategories": [
        {
          "name": "Ost",
          "subSubCategories": [
            "Färskost & cream cheese"
          ]
        }
      ]
    }
  },
  {
    "name": "Smör Gårdsgoda Normalsaltat 75% 500g Valio",
    "weightText": "0.5 kg",
    "caPart": "",
    "weightValue": 0.5,
    "weightUnit": "kg",
    "comparePrice": "103,90 kr/kg",
    "currentPrice": 51.95,
    "attributes": [],
    "imgUrl": "https://handlaprivatkund.ica.se/images-v3/bf7a00ca-390e-4769-865f-dc369586872e/396717a9-1ba5-473e-a9de-bfccebbc6e00/500x500.jpg",
    "productInformation": "Ett bredbart alternativ till din smörgås med smör gjord  på färsk grädde som främsta ingrediens. Precis så enkelt och gott som vi vill ha det! Tips! Gårdsgoda passar även utmärkt till matlagning, bakning och att steka i.",
    "countryText": "",
    "companyText": "Valio",
    "ingrediensText": "SMÖR (64 %), rapsolja (23 %), vatten, salt och vitamin D.",
    "storage": "Förvaras vid högst +8°C. Lägsta förvaringstemperatur 4°C Högsta förvaringstemperatur 8°C",
    "allergens": "",
    "usage": "",
    "nutrition": [
      {
        "Näringsvärde": "Energi (kcal)",
        "100 Gram": "667 kcal"
      },
      {
        "Näringsvärde": "Energi (kJ)",
        "100 Gram": "2790 kJ"
      },
      {
        "Näringsvärde": "Fett",
        "100 Gram": "75 g"
      },
      {
        "Näringsvärde": "Varav mättat fett",
        "100 Gram": "31 g"
      },
      {
        "Näringsvärde": "Kolhydrat",
        "100 Gram": "0.5 g"
      },
      {
        "Näringsvärde": "Varav sockerarter",
        "100 Gram": "0.5 g"
      },
      {
        "Näringsvärde": "Protein",
        "100 Gram": "0.4 g"
      },
      {
        "Näringsvärde": "Salt",
        "100 Gram": "1.4 g"
      },
      {
        "Näringsvärde": "Vitamin D",
        "100 Gram": "20 µg",
        "% av DRI(*)": "400"
      }
    ],
    "nutritionUnitText": "Näringsvärde per 100 gram",
    "categories": {
      "mainCategory": "Mejeri & Ost",
      "subCategories": [
        {
          "name": "Smör & Margarin",
          "subSubCategories": [
            "Bordsask smör"
          ]
        }
      ]
    }
  },
  {
    "name": "Grevé® ost mild 28% ca 700g Arla Ko®",
    "weightText": "Ca 0.7 kg",
    "caPart": "Ca",
    "weightValue": 0.7,
    "weightUnit": "kg",
    "comparePrice": "136,00 kr/kg",
    "currentPrice": 95.2,
    "attributes": [
      "Ursprungsland Sverige",
      "Mjölk från Sverige"
    ],
    "imgUrl": "https://handlaprivatkund.ica.se/images-v3/bf7a00ca-390e-4769-865f-dc369586872e/1b8497ad-f5f2-4265-8aab-193dbd043919/500x500.jpg",
    "productInformation": "Vår goda Arla Ko® Grevé® är tydligt nötig med sötma och sälta. En ost med smidig konsistens och stora, härliga hål. Grevé® passar perfekt som pålägg, i såser och i röror. Vår Arla Ko® Grevé® görs på Kalmar mejeri på färsk mjölk från Öland och Småland. Varumärket Arla Ko® garanterar att osten är gjord på 100 procent svensk mjölk.",
    "countryText": "Sverige",
    "companyText": "Arla Ko",
    "ingrediensText": "Pastöriserad MJÖLK, salt, syrningskultur, ystenzym, kalciumklorid, konserveringsmedel E202.",
    "storage": "",
    "allergens": "",
    "usage": "",
    "nutrition": [
      {
        "Näringsvärde": "Energi (kcal)",
        "100 Gram": "358 kcal"
      },
      {
        "Näringsvärde": "Energi (kJ)",
        "100 Gram": "1488 kJ"
      },
      {
        "Näringsvärde": "Fett",
        "100 Gram": "28 g"
      },
      {
        "Näringsvärde": "Varav mättat fett",
        "100 Gram": "18 g"
      },
      {
        "Näringsvärde": "Kolhydrat",
        "100 Gram": "0 g"
      },
      {
        "Näringsvärde": "Varav sockerarter",
        "100 Gram": "0 g"
      },
      {
        "Näringsvärde": "Protein",
        "100 Gram": "26 g"
      },
      {
        "Näringsvärde": "Salt",
        "100 Gram": "1.2 g"
      },
      {
        "Näringsvärde": "Vitamin B12",
        "100 Gram": "1.5 µg",
        "% av DRI(*)": "60"
      },
      {
        "Näringsvärde": "Kalcium",
        "100 Gram": "766 mg",
        "% av DRI(*)": "96"
      }
    ],
    "nutritionUnitText": "Näringsvärde per 100 gram",
    "categories": {
      "mainCategory": "Mejeri & Ost",
      "subCategories": [
        {
          "name": "Ost",
          "subSubCategories": [
            "Påläggsost",
            "Grevé"
          ]
        }
      ]
    }
  },
  {
    "name": "Matlagningsgrädde 13% 5dl Arla Köket®",
    "weightText": "0.5 l",
    "caPart": "",
    "weightValue": 0.5,
    "weightUnit": "l",
    "comparePrice": "61,00 kr/l",
    "currentPrice": 30.5,
    "attributes": [
      "Ursprungsland Sverige"
    ],
    "imgUrl": "https://handlaprivatkund.ica.se/images-v3/bf7a00ca-390e-4769-865f-dc369586872e/eb01f838-6516-45c6-9c5f-0102bf79deda/500x500.jpg",
    "productInformation": "Arla Köket® Matlagningsgrädde 13% är en kokbar grädde med lägre fetthalt och längre hållbarhet. Matgrädden som lockar fram det bästa i vardagsmatlagningen – även en liten mängd grädde gör skillnad för smaken. Den har en fyllig, gräddig smak och är idealisk att använda i grytor, soppor och såser. Kan behöva redas, speciellt om syrliga ingredienser ingår i din matlagning. Grädden har en praktisk återförslutningsbar förpackning med skruvkork och håller sig fräsch och god flera dagar. Symbolen med den blågula gräddkannan garanterar 100 procent svensk grädde.",
    "countryText": "Sverige",
    "companyText": "Arla Köket",
    "ingrediensText": "Pastöriserad GRÄDDE, stabiliseringsmedel (karragenan).",
    "storage": "",
    "allergens": "Innehåller Mjölk",
    "usage": "",
    "nutrition": [
      {
        "Näringsvärde": "Energi (kcal)",
        "100 Gram": "150 kcal"
      },
      {
        "Näringsvärde": "Energi (kJ)",
        "100 Gram": "600 kJ"
      },
      {
        "Näringsvärde": "Fett",
        "100 Gram": "13 g"
      },
      {
        "Näringsvärde": "Varav mättat fett",
        "100 Gram": "8.3 g"
      },
      {
        "Näringsvärde": "Kolhydrat",
        "100 Gram": "4.2 g"
      },
      {
        "Näringsvärde": "Varav sockerarter",
        "100 Gram": "4.2 g"
      },
      {
        "Näringsvärde": "Protein",
        "100 Gram": "3.1 g"
      },
      {
        "Näringsvärde": "Salt",
        "100 Gram": "0.1 g"
      },
      {
        "Näringsvärde": "Vitamin A",
        "100 Gram": "120 µg",
        "% av DRI(*)": "15"
      },
      {
        "Näringsvärde": "Vitamin B12",
        "100 Gram": "0.53 µg",
        "% av DRI(*)": "21"
      }
    ],
    "nutritionUnitText": "Näringsvärde per 100 gram",
    "categories": {
      "mainCategory": "Mejeri & Ost",
      "subCategories": [
        {
          "name": "Grädde",
          "subSubCategories": [
            "Matlagningsgrädde"
          ]
        }
      ]
    }
  },
  {
    "name": "Standardmjölk Lång Hållbarhet 3% 1l ICA",
    "weightText": "1 l",
    "caPart": "",
    "weightValue": 1,
    "weightUnit": "l",
    "comparePrice": "15,50 kr/l",
    "currentPrice": 15.5,
    "attributes": [
      "Ursprungsland Sverige",
      "Mjölk från Sverige"
    ],
    "imgUrl": "https://handlaprivatkund.ica.se/images-v3/bf7a00ca-390e-4769-865f-dc369586872e/87c7bd76-a87e-4aec-9c01-7b287aa15d95/500x500.jpg",
    "productInformation": "ICA Standardmjölk med lite längre hållbarhet är en god och fyllig mjölk med 3% fetthalt, från våra svenska gårdar. Den passar att dricka till dagens alla måltider, är särskilt god till kakor och nästan nödvändig till sommarens jordgubbar. Dessutom går den utmärkt att baka med.",
    "countryText": "Sverige",
    "companyText": "ICA",
    "ingrediensText": "Högpastöriserad MJÖLK*, vitamin D. *Ursprung Sverige.",
    "storage": "",
    "allergens": "Innehåller Mjölk",
    "usage": "",
    "nutrition": [
      {
        "Näringsvärde": "Energi (kcal)",
        "100 Milliliter": "59 kcal"
      },
      {
        "Näringsvärde": "Energi (kJ)",
        "100 Milliliter": "248 kJ"
      },
      {
        "Näringsvärde": "Fett",
        "100 Milliliter": "3 g"
      },
      {
        "Näringsvärde": "Varav mättat fett",
        "100 Milliliter": "1.9 g"
      },
      {
        "Näringsvärde": "Kolhydrat",
        "100 Milliliter": "4.6 g"
      },
      {
        "Näringsvärde": "Varav sockerarter",
        "100 Milliliter": "4.6 g"
      },
      {
        "Näringsvärde": "Protein",
        "100 Milliliter": "3.5 g"
      },
      {
        "Näringsvärde": "Salt",
        "100 Milliliter": "0.09 g"
      },
      {
        "Näringsvärde": "Vitamin B12",
        "100 Milliliter": "0.4 µg",
        "% av DRI(*)": "16"
      },
      {
        "Näringsvärde": "Vitamin D",
        "100 Milliliter": "1 µg",
        "% av DRI(*)": "20"
      },
      {
        "Näringsvärde": "Riboflavin",
        "100 Milliliter": "0.14 mg",
        "% av DRI(*)": "10"
      },
      {
        "Näringsvärde": "Folsyra",
        "100 Milliliter": "15 µg",
        "% av DRI(*)": "8"
      },
      {
        "Näringsvärde": "Pantotensyra",
        "100 Milliliter": "0.5 mg",
        "% av DRI(*)": "8"
      },
      {
        "Näringsvärde": "Kalium",
        "100 Milliliter": "160 mg",
        "% av DRI(*)": "8"
      },
      {
        "Näringsvärde": "Klorid",
        "100 Milliliter": "92 mg",
        "% av DRI(*)": "12"
      },
      {
        "Näringsvärde": "Kalcium",
        "100 Milliliter": "124 mg",
        "% av DRI(*)": "16"
      },
      {
        "Näringsvärde": "Fosfor",
        "100 Milliliter": "139 mg",
        "% av DRI(*)": "20"
      },
      {
        "Näringsvärde": "Molybden",
        "100 Milliliter": "3.8 µg",
        "% av DRI(*)": "8"
      },
      {
        "Näringsvärde": "Jod",
        "100 Milliliter": "22 µg",
        "% av DRI(*)": "15"
      }
    ],
    "nutritionUnitText": "Näringsvärde per 100 milliliter",
    "categories": {
      "mainCategory": "Mejeri & Ost",
      "subCategories": [
        {
          "name": "Mjölk",
          "subSubCategories": [
            "Standardmjölk",
            "Standardmjölk, laktos"
          ]
        }
      ]
    }
  },
  {
    "name": "Lättdryck Päron Koncentrat 2dl Kiviks",
    "weightText": "1 l",
    "caPart": "",
    "weightValue": 1,
    "weightUnit": "l",
    "comparePrice": "7,95 kr/l drickklar",
    "currentPrice": 7.95,
    "attributes": [],
    "imgUrl": "https://handlaprivatkund.ica.se/images-v3/bf7a00ca-390e-4769-865f-dc369586872e/8488a6fb-88df-4761-ab4c-3ba53240cbce/500x500.jpg",
    "productInformation": "Pärondryck med mild och sval smak av sensommar. Spädes 1+4 till 1 liter färdig och god dryck för hela familjen. Drickfärdig dryck innehåller: 12% frukt och 6% tillsatt socker.",
    "countryText": "",
    "companyText": "Kiviks Musteri",
    "ingrediensText": "Vatten, päronjuice från koncentrat 12 %, socker, päronarom, syra (citronsyra).",
    "storage": "Oöppnad förpackning kan förvaras i rumstemperatur. Öppnad förpackning förvarad vid högst +8°C är hållbar 4-5 dagar.",
    "allergens": "",
    "usage": "",
    "nutrition": [
      {
        "Näringsvärde": "Energi (kcal)",
        "100 Milliliter": "30 kcal"
      },
      {
        "Näringsvärde": "Energi (kJ)",
        "100 Milliliter": "120 kJ"
      },
      {
        "Näringsvärde": "Fett",
        "100 Milliliter": "0 g"
      },
      {
        "Näringsvärde": "Varav mättat fett",
        "100 Milliliter": "0 g"
      },
      {
        "Näringsvärde": "Kolhydrat",
        "100 Milliliter": "7.2 g"
      },
      {
        "Näringsvärde": "Varav sockerarter",
        "100 Milliliter": "7.2 g"
      },
      {
        "Näringsvärde": "Protein",
        "100 Milliliter": "0 g"
      },
      {
        "Näringsvärde": "Salt",
        "100 Milliliter": "0 g"
      }
    ],
    "nutritionUnitText": "Näringsvärde per 100 milliliter",
    "categories": {
      "mainCategory": "Mejeri & Ost",
      "subCategories": [
        {
          "name": "Juice & Fruktdryck",
          "subSubCategories": [
            "Måltidsdryck",
            "Måltidsdryck koncentrat"
          ]
        }
      ]
    }
  },
  {
    "name": "Kvarg Hallon & Blåbär Laktosfri 7% 200g Valio",
    "weightText": "0.2 kg",
    "caPart": "",
    "weightValue": 0.2,
    "weightUnit": "kg",
    "comparePrice": "82,50 kr/kg",
    "currentPrice": 16.5,
    "attributes": [
      "Laktosfritt"
    ],
    "imgUrl": "https://handlaprivatkund.ica.se/images-v3/bf7a00ca-390e-4769-865f-dc369586872e/c659abb9-4594-49a6-a117-dbae16ebe3d3/500x500.jpg",
    "productInformation": "Laktosfri kvarg med fyllig och rund smak av hallon & blåbär. God som den är tillsammans med frukt och bär som mellanmål. Passar också utmärkt att baka med då den tål ugnsvärme och passar både kalla desserter och gräddade bakverk. Kvargen tillför en fyllig och saftig smak till många bakverk.",
    "countryText": "",
    "companyText": "Valio",
    "ingrediensText": "KVARG (högpastöriserad SKUMMJÖLK, syrningskultur), högpastöriserad GRÄDDE, socker, hallon 3%, blåbär 2,6% (bär, juice från koncentrat), lingonjuice från koncentrat 0,4%, modifierad potatisstärkelse, aromer, enzymer (löpe och laktas).",
    "storage": "Förvaras i högst +8°C. Öppnad förpackning är hållbar i 3-4 dagar i kylskåp. Lägsta förvaringstemperatur 2°C Högsta förvaringstemperatur 8°C",
    "allergens": "",
    "usage": "",
    "nutrition": [
      {
        "Näringsvärde": "Energi (kcal)",
        "100 Gram": "153 kcal"
      },
      {
        "Näringsvärde": "Energi (kJ)",
        "100 Gram": "643 kJ"
      },
      {
        "Näringsvärde": "Fett",
        "100 Gram": "7 g"
      },
      {
        "Näringsvärde": "Varav mättat fett",
        "100 Gram": "4.1 g"
      },
      {
        "Näringsvärde": "Kolhydrat",
        "100 Gram": "15 g"
      },
      {
        "Näringsvärde": "Varav sockerarter",
        "100 Gram": "15 g"
      },
      {
        "Näringsvärde": "Protein",
        "100 Gram": "7.2 g"
      },
      {
        "Näringsvärde": "Salt",
        "100 Gram": "0.11 g"
      }
    ],
    "nutritionUnitText": "",
    "categories": {
      "mainCategory": "Mejeri & Ost",
      "subCategories": [
        {
          "name": "Kvarg",
          "subSubCategories": [
            "Laktosfri kvarg"
          ]
        }
      ]
    }
  },
  {
    "name": "Apelsinjuice Nypressad 850ml Brämhults",
    "weightText": "0.85 l",
    "caPart": "",
    "weightValue": 0.85,
    "weightUnit": "l",
    "comparePrice": "57,06 kr/l exkl pant",
    "currentPrice": 48.5,
    "attributes": [],
    "imgUrl": "https://handlaprivatkund.ica.se/images-v3/bf7a00ca-390e-4769-865f-dc369586872e/8a79c0f6-b2d8-4d78-b22c-8ca946802ee9/500x500.jpg",
    "productInformation": "Färska apelsiner köps in från hela världen, beroende på vilken säsong det är. Ingenting pressas förrän råvaran kommit fram till presseriet och kvalitetsgranskats. Därefter pressar vi apelsinerna för att sedan låta den nypressade juicen landa i hyllan, klar för dig att dricka. Denna juicen är för dig som uppskattar hur säsongerna påverkar smaken, från syrlig till sötare under året. Ny smak varje dag.",
    "countryText": "",
    "companyText": "Brämhults",
    "ingrediensText": "Ingredienser: Nypressad juice av apelsin.",
    "storage": "Färsk kylvara: Förvaras vid högst 8°C. Lägsta förvaringstemperatur 0°C Högsta förvaringstemperatur 8°C",
    "allergens": "",
    "usage": "",
    "nutrition": [
      {
        "Näringsvärde": "Energi (kcal)",
        "100 Milliliter": "43 kcal"
      },
      {
        "Näringsvärde": "Energi (kJ)",
        "100 Milliliter": "182 kJ"
      },
      {
        "Näringsvärde": "Fett",
        "100 Milliliter": "0 g"
      },
      {
        "Näringsvärde": "Varav mättat fett",
        "100 Milliliter": "0 g"
      },
      {
        "Näringsvärde": "Kolhydrat",
        "100 Milliliter": "9 g"
      },
      {
        "Näringsvärde": "Varav sockerarter",
        "100 Milliliter": "9 g"
      },
      {
        "Näringsvärde": "Fiber",
        "100 Milliliter": "0.7 g"
      },
      {
        "Näringsvärde": "Protein",
        "100 Milliliter": "0.7 g"
      },
      {
        "Näringsvärde": "Salt",
        "100 Milliliter": "0 g"
      },
      {
        "Näringsvärde": "Vitamin C",
        "100 Milliliter": "45 mg",
        "% av DRI(*)": "56"
      }
    ],
    "nutritionUnitText": "Näringsvärde per 100 milliliter",
    "categories": {
      "mainCategory": "Mejeri & Ost",
      "subCategories": [
        {
          "name": "Juice & Fruktdryck",
          "subSubCategories": [
            "Nypressad Juice"
          ]
        }
      ]
    }
  },
  {
    "name": "Matlagningsgrädde Laktosfri 10% 5dl Valio",
    "weightText": "0.5 l",
    "caPart": "",
    "weightValue": 0.5,
    "weightUnit": "l",
    "comparePrice": "61,90 kr/l",
    "currentPrice": 30.95,
    "attributes": [
      "Laktosfritt"
    ],
    "imgUrl": "https://handlaprivatkund.ica.se/images-v3/bf7a00ca-390e-4769-865f-dc369586872e/91277ca8-b8ec-4e4e-94d6-5210d359bae0/500x500.jpg",
    "productInformation": "Valio Eila® laktosfri matgrädde kan användas i soppor, såser, bakning och ugnsrätter. Tål långvarig kokning.",
    "countryText": "",
    "companyText": "Valio",
    "ingrediensText": "GRÄDDE, vatten, modifierad stärkelse och laktasenzym. Högpastöriserad.",
    "storage": "Förvaras vid högst +8°C. Öppnad förpackning är hållbar 4-5 dagar i kylskåp.",
    "allergens": "Innehåller Mjölk",
    "usage": "Omskakas före användning.",
    "nutrition": [
      {
        "Näringsvärde": "Energi (kcal)",
        "100 Gram": "119 kcal"
      },
      {
        "Näringsvärde": "Energi (kJ)",
        "100 Gram": "494 kJ"
      },
      {
        "Näringsvärde": "Fett",
        "100 Gram": "10 g"
      },
      {
        "Näringsvärde": "Varav mättat fett",
        "100 Gram": "5.9 g"
      },
      {
        "Näringsvärde": "Kolhydrat",
        "100 Gram": "5.6 g"
      },
      {
        "Näringsvärde": "Varav sockerarter",
        "100 Gram": "2.5 g"
      },
      {
        "Näringsvärde": "Protein",
        "100 Gram": "1.7 g"
      },
      {
        "Näringsvärde": "Salt",
        "100 Gram": "0.19 g"
      }
    ],
    "nutritionUnitText": "Näringsvärde per 100 gram",
    "categories": {
      "mainCategory": "Mejeri & Ost",
      "subCategories": [
        {
          "name": "Grädde",
          "subSubCategories": [
            "Laktosfri grädde",
            "Laktosfri matlagningsgrädde"
          ]
        }
      ]
    }
  },
  {
    "name": "Kvarg Blåbär & Vanilj Utan tillsatt socker 0,2% 150g Lindahls",
    "weightText": "0.15 kg",
    "caPart": "",
    "weightValue": 0.15,
    "weightUnit": "kg",
    "comparePrice": "73,00 kr/kg",
    "currentPrice": 10.95,
    "attributes": [],
    "imgUrl": "https://handlaprivatkund.ica.se/images-v3/bf7a00ca-390e-4769-865f-dc369586872e/f0ddd795-c4e9-40c8-bbe4-c6a11e5ce1a1/500x500.jpg",
    "productInformation": "Lindahls kvarg är en mild och krämig kvarg med ljuvlig smak av blåbär vanilj. Lindahls kvarg har ett högt proteininnehåll, låg fetthalt och innehåller inget tillsatt socker. Perfekt att njuta som den är eller toppa med nötter, frukt eller färska bär. Ät den efter träningen, som mellanmål eller bara när du vill ha något gott och nyttigt! Lindahls kvarg är tillverkad i Sverige med svensk mjölk.",
    "countryText": "",
    "companyText": "Lindahls",
    "ingrediensText": "Högpastöriserad MJÖLK/høypasteurisert MELK, VASSLEPROTIEN/MYSEPROTEIN, mjölksyrakultur/melkesyrekultur, modifierad majsstärkelse maissitärkkelys, färgämne (juice från svart morot och hibiskus), naturlig vaniljarom, arom, syra (citronsyra), sötningsmedel/søtstoffer (Acesulfam K, aspartam). Innehåller en källa av fenylalanin./Inneholder en fenylalaninkilde.",
    "storage": "",
    "allergens": "",
    "usage": "",
    "nutrition": [
      {
        "Näringsvärde": "Energi (kcal)",
        "100 Gram": "60 kcal"
      },
      {
        "Näringsvärde": "Energi (kJ)",
        "100 Gram": "250 kJ"
      },
      {
        "Näringsvärde": "Fett",
        "100 Gram": "0.2 g"
      },
      {
        "Näringsvärde": "Varav mättat fett",
        "100 Gram": "0 g"
      },
      {
        "Näringsvärde": "Kolhydrat",
        "100 Gram": "3.5 g"
      },
      {
        "Näringsvärde": "Varav sockerarter",
        "100 Gram": "3.5 g"
      },
      {
        "Näringsvärde": "Protein",
        "100 Gram": "10 g"
      },
      {
        "Näringsvärde": "Salt",
        "100 Gram": "0.1 g"
      }
    ],
    "nutritionUnitText": "Näringsvärde per 100 gram",
    "categories": {
      "mainCategory": "Mejeri & Ost",
      "subCategories": [
        {
          "name": "Kvarg",
          "subSubCategories": [
            "Kvarg portionsförpackning"
          ]
        }
      ]
    }
  },
  {
    "name": "Grekisk Yoghurt Naturell 10% 1000g Arla®",
    "weightText": "1 kg",
    "caPart": "",
    "weightValue": 1,
    "weightUnit": "kg",
    "comparePrice": "44,50 kr/kg",
    "currentPrice": 44.5,
    "attributes": [],
    "imgUrl": "https://handlaprivatkund.ica.se/images-v3/bf7a00ca-390e-4769-865f-dc369586872e/6aeb5c46-633f-465e-a787-43f2968fed27/500x500.jpg",
    "productInformation": "Arla® Grekisk Yoghurt 10% är en naturell, len och fyllig yoghurt. Den är superkrämig, mättande och perfekt som frukost eller mellanmål för dig som vill orka lite längre. Toppa den med det du gillar bäst, njut tillsammans med nötter, frukt, honung eller färska bär. Yoghurten är den perfekta basen för frukostskålar, smoothies och mycket mer, möjligheterna till variation är oändliga. 1000 g.",
    "countryText": "",
    "companyText": "Arla",
    "ingrediensText": "Högpastöriserad MJÖLK och GRÄDDE, yoghurtkultur.",
    "storage": "",
    "allergens": "",
    "usage": "",
    "nutrition": [
      {
        "Näringsvärde": "Energi (kcal)",
        "100 Gram": "123 kcal"
      },
      {
        "Näringsvärde": "Energi (kJ)",
        "100 Gram": "510 kJ"
      },
      {
        "Näringsvärde": "Fett",
        "100 Gram": "10 g"
      },
      {
        "Näringsvärde": "Varav mättat fett",
        "100 Gram": "6.4 g"
      },
      {
        "Näringsvärde": "Kolhydrat",
        "100 Gram": "3.3 g"
      },
      {
        "Näringsvärde": "Varav sockerarter",
        "100 Gram": "3.3 g"
      },
      {
        "Näringsvärde": "Protein",
        "100 Gram": "4.2 g"
      },
      {
        "Näringsvärde": "Salt",
        "100 Gram": "0.1 g"
      }
    ],
    "nutritionUnitText": "Näringsvärde per 100 gram",
    "categories": {
      "mainCategory": "Mejeri & Ost",
      "subCategories": [
        {
          "name": "Yoghurt",
          "subSubCategories": [
            "Naturell yoghurt"
          ]
        }
      ]
    }
  },
  {
    "name": "Grana Padano 12 mån 200g ICA",
    "weightText": "0.2 kg",
    "caPart": "",
    "weightValue": 0.2,
    "weightUnit": "kg",
    "comparePrice": "304,75 kr/kg",
    "currentPrice": 60.95,
    "attributes": [],
    "imgUrl": "https://handlaprivatkund.ica.se/images-v3/bf7a00ca-390e-4769-865f-dc369586872e/0ac1a2fb-4fee-4cb3-896f-0ac14bf2d10b/500x500.jpg",
    "productInformation": "ICA Grana Padano är en D.O.P-skyddad hårdost från Italien, vilket betyder att den är ursprungsskyddad. Den är lite mildare än kusinen parmesanost och passar perfekt både som den är på en charkbricka eller som pricken över i på pastan. Just den här är lagrad i minst 12 månader.",
    "countryText": "",
    "companyText": "ICA",
    "ingrediensText": "Ingredienser: Opastöriserad MJÖLK*, salt, löpe (animaliskt), konserveringsmedel: lysozym (från ÄGG). *Ursprung: Italien.",
    "storage": "",
    "allergens": "",
    "usage": "",
    "nutrition": [
      {
        "Näringsvärde": "Energi (kcal)",
        "100 Gram": "398 kcal"
      },
      {
        "Näringsvärde": "Energi (kJ)",
        "100 Gram": "1654 kJ"
      },
      {
        "Näringsvärde": "Fett",
        "100 Gram": "29 g"
      },
      {
        "Näringsvärde": "Varav mättat fett",
        "100 Gram": "18 g"
      },
      {
        "Näringsvärde": "Kolhydrat",
        "100 Gram": "0 g"
      },
      {
        "Näringsvärde": "Varav sockerarter",
        "100 Gram": "0 g"
      },
      {
        "Näringsvärde": "Protein",
        "100 Gram": "33 g"
      },
      {
        "Näringsvärde": "Salt",
        "100 Gram": "1.5 g"
      }
    ],
    "nutritionUnitText": "Näringsvärde per 100 gram",
    "categories": {
      "mainCategory": "Mejeri & Ost",
      "subCategories": [
        {
          "name": "Ost",
          "subSubCategories": [
            "Matlagningsost",
            "Italiensk hårdost"
          ]
        }
      ]
    }
  },
  {
    "name": "Fruktdryck Hallon Björnbär Utan tillsatt socker 1l ProViva",
    "weightText": "1 l",
    "caPart": "",
    "weightValue": 1,
    "weightUnit": "l",
    "comparePrice": "33,95 kr/l",
    "currentPrice": 33.95,
    "attributes": [],
    "imgUrl": "https://handlaprivatkund.ica.se/images-v3/bf7a00ca-390e-4769-865f-dc369586872e/153bb590-889a-42fa-b136-d12f114c8258/500x500.jpg",
    "productInformation": "ProViva Hallon Björnbär UTS - dröm dig bort till sommarens hallonsnår. Inte till taggarna, bara till den fina smaken av nyplockade hallon. Tänk sedan att du fick med dig några björnbär också. Det här är en härlig, bärig blandning med rik smak. Istället för socker har vi tillsatt steviolglykosider som utvinns ur växten stevia i ProViva Hallon Björnbär. Innehåller miljarder goda bakterier och är rik på antioxidanten vitamin C, som bidrar till immunförsvarets normala funktion. ProViva - magens lille vän.",
    "countryText": "",
    "companyText": "Proviva",
    "ingrediensText": "Vatten, juice från koncentrat (druva, hallon 3 %, aronia), puré (hallon 6 %, banan, björnbär 3 %), HAVREmjöl 0,8 %, förtjockningsmedel (pektin), naturlig arom, syra (äppelsyra, citronsyra), vitamin C, sötningsmedel (steviolglykosider), kultur: Lactobacillus plantarum 299v. Totalt fruktinnehåll 35 %.",
    "storage": "Lägsta förvaringstemperatur 2°C Högsta förvaringstemperatur 8°C",
    "allergens": "Innehåller Spannmål som innehåller gluten",
    "usage": "",
    "nutrition": [
      {
        "Näringsvärde": "Energi (kcal)",
        "100 Gram": "22 kcal"
      },
      {
        "Näringsvärde": "Energi (kJ)",
        "100 Gram": "92 kJ"
      },
      {
        "Näringsvärde": "Fett",
        "100 Gram": "0.1 g"
      },
      {
        "Näringsvärde": "Varav mättat fett",
        "100 Gram": "0 g"
      },
      {
        "Näringsvärde": "Kolhydrat",
        "100 Gram": "5.1 g"
      },
      {
        "Näringsvärde": "Varav sockerarter",
        "100 Gram": "4.2 g"
      },
      {
        "Näringsvärde": "Fiber",
        "100 Gram": "0.5 g"
      },
      {
        "Näringsvärde": "Protein",
        "100 Gram": "0.2 g"
      },
      {
        "Näringsvärde": "Salt",
        "100 Gram": "0.03 g"
      },
      {
        "Näringsvärde": "Vitamin C",
        "100 Gram": "35 mg",
        "% av DRI(*)": "44"
      }
    ],
    "nutritionUnitText": "",
    "categories": {
      "mainCategory": "Mejeri & Ost",
      "subCategories": [
        {
          "name": "Juice & Fruktdryck",
          "subSubCategories": [
            "Fruktdryck"
          ]
        }
      ]
    }
  },
  {
    "name": "Herrgård 28% mellanlagrad ca 750g ICA",
    "weightText": "Ca 0.75 kg",
    "caPart": "Ca",
    "weightValue": 0.75,
    "weightUnit": "kg",
    "comparePrice": "110,00 kr/kg",
    "currentPrice": 82.5,
    "attributes": [
      "Från Sverige",
      "Ursprungsland Sverige"
    ],
    "imgUrl": "https://handlaprivatkund.ica.se/images-v3/bf7a00ca-390e-4769-865f-dc369586872e/971b0d6e-36d8-4996-85b9-70fe5fc7400b/500x500.jpg",
    "productInformation": "ICA Herrgård® mellanlagrad har en gräddig och nötig smak. Lagrad 5-7 månader och gjord på svensk mjölk.",
    "countryText": "Sverige",
    "companyText": "ICA",
    "ingrediensText": "Ingredienser: Pastöriserad MJÖLK*, salt, mjölksyrakultur, mjölkkoagulerande enzym (mikrobiellt), konserveringsmedel E202. *Ursprung Sverige",
    "storage": "",
    "allergens": "",
    "usage": "",
    "nutrition": [
      {
        "Näringsvärde": "Energi (kcal)",
        "100 Gram": "360 kcal"
      },
      {
        "Näringsvärde": "Energi (kJ)",
        "100 Gram": "1500 kJ"
      },
      {
        "Näringsvärde": "Fett",
        "100 Gram": "28 g"
      },
      {
        "Näringsvärde": "Varav mättat fett",
        "100 Gram": "18 g"
      },
      {
        "Näringsvärde": "Kolhydrat",
        "100 Gram": "0 g"
      },
      {
        "Näringsvärde": "Varav sockerarter",
        "100 Gram": "0 g"
      },
      {
        "Näringsvärde": "Protein",
        "100 Gram": "27 g"
      },
      {
        "Näringsvärde": "Salt",
        "100 Gram": "1.2 g"
      },
      {
        "Näringsvärde": "Kalcium",
        "100 Gram": "750 mg",
        "% av DRI(*)": "94"
      }
    ],
    "nutritionUnitText": "Näringsvärde per 100 gram",
    "categories": {
      "mainCategory": "Mejeri & Ost",
      "subCategories": [
        {
          "name": "Ost",
          "subSubCategories": [
            "Påläggsost",
            "Herrgård"
          ]
        }
      ]
    }
  },
  {
    "name": "Rismål Jordgubb 175g ICA",
    "weightText": "0.175 kg",
    "caPart": "",
    "weightValue": 0.175,
    "weightUnit": "kg",
    "comparePrice": "65,71 kr/kg",
    "currentPrice": 11.5,
    "attributes": [],
    "imgUrl": "https://handlaprivatkund.ica.se/images-v3/bf7a00ca-390e-4769-865f-dc369586872e/8d4100f6-6d73-4af8-a559-b9008ea0cbad/500x500.jpg",
    "productInformation": "ICA Rismål Jorgubb är ett enkelt och mättande mellanmål med krämig risgröt och god jordgubbssylt som enkelt hälls över gröten.",
    "countryText": "",
    "companyText": "ICA",
    "ingrediensText": "Högpastöriserad MJÖLK* och GRÄDDE*, jordgubbsberedning (jordgubb (delvis från koncentrat), vatten, socker, glukosfruktossirap, modifierad majsstärkelse, förtjockningsmedel (E440), syra (E330), färgämne (svart morotsjuice och rödbetsjuice), arom), ris 7,7%, socker, glukos, vasslepulver (från MJÖLK), arom, salt, stabiliseringsmedel (E407). . *Ursprung EU",
    "storage": "",
    "allergens": "",
    "usage": "",
    "nutrition": [
      {
        "Näringsvärde": "Energi (kcal)",
        "100 Gram": "115 kcal"
      },
      {
        "Näringsvärde": "Energi (kJ)",
        "100 Gram": "485 kJ"
      },
      {
        "Näringsvärde": "Fett",
        "100 Gram": "2.9 g"
      },
      {
        "Näringsvärde": "Varav mättat fett",
        "100 Gram": "2 g"
      },
      {
        "Näringsvärde": "Kolhydrat",
        "100 Gram": "19 g"
      },
      {
        "Näringsvärde": "Varav sockerarter",
        "100 Gram": "13 g"
      },
      {
        "Näringsvärde": "Protein",
        "100 Gram": "3 g"
      },
      {
        "Näringsvärde": "Salt",
        "100 Gram": "0.13 g"
      }
    ],
    "nutritionUnitText": "Näringsvärde per 100 gram",
    "categories": {
      "mainCategory": "Mejeri & Ost",
      "subCategories": [
        {
          "name": "Kylda mellanmål & desserter",
          "subSubCategories": [
            "Kylda mellanmål",
            "Rismål, laktos"
          ]
        }
      ]
    }
  },
  {
    "name": "Mellanmål Magisk Mango 175g RisiFrutti",
    "weightText": "0.175 kg",
    "caPart": "",
    "weightValue": 0.175,
    "weightUnit": "kg",
    "comparePrice": "71,43 kr/kg",
    "currentPrice": 12.5,
    "attributes": [],
    "imgUrl": "https://handlaprivatkund.ica.se/images-v3/bf7a00ca-390e-4769-865f-dc369586872e/df49b7bb-3ece-45c1-b7f4-140806ca78f2/500x500.jpg",
    "productInformation": "Smaka på magin med nya Risifrutti Magisk Mango. Den förtrollande goda gula såsen bjuder dig på ett tropiskt mangoäventyr som är både sött och syrligt. Precis som alla andra Risifrutti innehåller även Magisk Mango en bas av krämig risgröt med smak av vanilj, mjölk och grädde. Tillverkad i Örebro på svensk mjölk och grädde.",
    "countryText": "",
    "companyText": "RisiFrutti",
    "ingrediensText": "INGREDIENSER: MJÖLK/MÆLK, vatten/vand, ris (8,5%), socker (6,3%), äpple/æble (6%), GRÄDDE/FLØDE, naturliga aromer (bl. a. vanillin), mango (0,38%), förtjockningsmedel/fortykningsmiddel (pektin, karragenan), salt, syra (citronsyra), färg (paprikaextrakt/peberekstrak, tistelextrakt/tidselekstrakt).",
    "storage": "I kylskåp 2-8 °C Lägsta förvaringstemperatur 2°C Högsta förvaringstemperatur 8°C",
    "allergens": "",
    "usage": "",
    "nutrition": [
      {
        "Näringsvärde": "Energi (kcal)",
        "100 Gram": "111 kcal"
      },
      {
        "Näringsvärde": "Energi (kJ)",
        "100 Gram": "466 kJ"
      },
      {
        "Näringsvärde": "Fett",
        "100 Gram": "3.3 g"
      },
      {
        "Näringsvärde": "Varav mättat fett",
        "100 Gram": "2.1 g"
      },
      {
        "Näringsvärde": "Kolhydrat",
        "100 Gram": "17 g"
      },
      {
        "Näringsvärde": "Varav sockerarter",
        "100 Gram": "10 g"
      },
      {
        "Näringsvärde": "Protein",
        "100 Gram": "3 g"
      },
      {
        "Näringsvärde": "Salt",
        "100 Gram": "0.16 g"
      }
    ],
    "nutritionUnitText": "Näringsvärde per 100 gram",
    "categories": {
      "mainCategory": "Mejeri & Ost",
      "subCategories": [
        {
          "name": "Kylda mellanmål & desserter",
          "subSubCategories": [
            "Kylda mellanmål",
            "Rismål, laktos"
          ]
        }
      ]
    }
  },
  {
    "name": "Lättfil Naturell 0,5% 1000g ICA",
    "weightText": "1 kg",
    "caPart": "",
    "weightValue": 1,
    "weightUnit": "kg",
    "comparePrice": "14,50 kr/kg",
    "currentPrice": 14.5,
    "attributes": [
      "Från Sverige",
      "Nyckelhålet",
      "Ursprungsland Sverige"
    ],
    "imgUrl": "https://handlaprivatkund.ica.se/images-v3/bf7a00ca-390e-4769-865f-dc369586872e/00514224-673b-45df-8c82-96f4e6e604eb/500x500.jpg",
    "productInformation": "Vår lätta naturella filmjölk är tillverkad i Sverige på mjölk från svenska gårdar. Den är god att äta som en är eller med flingor, bär eller hackade nötter.",
    "countryText": "Sverige",
    "companyText": "ICA",
    "ingrediensText": "Högpastöriserad mjölk, filmjölkskultur, Vitamin D.",
    "storage": "Lägsta förvaringstemperatur 2°C Högsta förvaringstemperatur 8°C",
    "allergens": "Innehåller Mjölk",
    "usage": "",
    "nutrition": [
      {
        "Näringsvärde": "Energi (kcal)",
        "100 Gram": "40 kcal"
      },
      {
        "Näringsvärde": "Energi (kJ)",
        "100 Gram": "170 kJ"
      },
      {
        "Näringsvärde": "Fett",
        "100 Gram": "0.5 g"
      },
      {
        "Näringsvärde": "Varav mättat fett",
        "100 Gram": "0.5 g"
      },
      {
        "Näringsvärde": "Kolhydrat",
        "100 Gram": "4.2 g"
      },
      {
        "Näringsvärde": "Varav sockerarter",
        "100 Gram": "4.2 g"
      },
      {
        "Näringsvärde": "Protein",
        "100 Gram": "3.7 g"
      },
      {
        "Näringsvärde": "Salt",
        "100 Gram": "0.1 g"
      },
      {
        "Näringsvärde": "Vitamin D",
        "100 Gram": "1 µg"
      },
      {
        "Näringsvärde": "Kalcium",
        "100 Gram": "120 mg"
      }
    ],
    "nutritionUnitText": "Näringsvärde per 100 gram",
    "categories": {
      "mainCategory": "Mejeri & Ost",
      "subCategories": [
        {
          "name": "Filmjölk",
          "subSubCategories": [
            "Filmjölk naturell"
          ]
        }
      ]
    }
  },
  {
    "name": "Vispgrädde Laktosfri 35% 5dl Valio",
    "weightText": "0.5 l",
    "caPart": "",
    "weightValue": 0.5,
    "weightUnit": "l",
    "comparePrice": "73,00 kr/l",
    "currentPrice": 36.5,
    "attributes": [
      "Laktosfritt"
    ],
    "imgUrl": "https://handlaprivatkund.ica.se/images-v3/bf7a00ca-390e-4769-865f-dc369586872e/28d47f4c-d609-4fb6-bc3d-1489413e5936/500x500.jpg",
    "productInformation": "Valio Eila® laktosfri vispgrädde har många användningsområden och kan användas i efterrätter, bakverk och garnering av dryck. Tål långvarig kokning. Njut av den i matlagning eller varför inte som den är till färska jordgubbar.",
    "countryText": "",
    "companyText": "Valio",
    "ingrediensText": "GRÄDDE, stabiliseringsmedel (karragenan) och laktasenzym. Högpastöriserad.",
    "storage": "Förvaras vid högst +8°C. Öppnad förpackning är hållbar 4-5 dagar i kylskåp.",
    "allergens": "Innehåller Mjölk",
    "usage": "Omskakas före användning.",
    "nutrition": [
      {
        "Näringsvärde": "Energi (kcal)",
        "100 Gram": "336 kcal"
      },
      {
        "Näringsvärde": "Energi (kJ)",
        "100 Gram": "1383 kJ"
      },
      {
        "Näringsvärde": "Fett",
        "100 Gram": "35 g"
      },
      {
        "Näringsvärde": "Varav mättat fett",
        "100 Gram": "21 g"
      },
      {
        "Näringsvärde": "Kolhydrat",
        "100 Gram": "3 g"
      },
      {
        "Näringsvärde": "Varav sockerarter",
        "100 Gram": "3 g"
      },
      {
        "Näringsvärde": "Protein",
        "100 Gram": "2.2 g"
      },
      {
        "Näringsvärde": "Salt",
        "100 Gram": "0.07 g"
      }
    ],
    "nutritionUnitText": "Näringsvärde per 100 gram",
    "categories": {
      "mainCategory": "Mejeri & Ost",
      "subCategories": [
        {
          "name": "Grädde",
          "subSubCategories": [
            "Laktosfri grädde",
            "Laktosfri vispgrädde"
          ]
        }
      ]
    }
  },
  {
    "name": "Havredryck Naturell 2,8% 1l Oatly",
    "weightText": "1 l",
    "caPart": "",
    "weightValue": 1,
    "weightUnit": "l",
    "comparePrice": "19,95 kr/l",
    "currentPrice": 19.95,
    "attributes": [],
    "imgUrl": "https://handlaprivatkund.ica.se/images-v3/bf7a00ca-390e-4769-865f-dc369586872e/5f845969-2e3c-4e00-95a2-f406b600f258/500x500.jpg",
    "productInformation": "",
    "countryText": "",
    "companyText": "Oatly",
    "ingrediensText": "INGREDIENSER: Vatten/vann, HAVRE 10%, rapsolja, surhetsreglerande medel (dikaliumfosfat), mineraler (kalciumkarbonat, kaliumjodid), salt, vitaminer (D2, riboflavin, B12).",
    "storage": "Produkten är en kylvara, förvaras vid högst +8 grader. Öppnad förpackning hållbar minst 5 dagar.",
    "allergens": "",
    "usage": "",
    "nutrition": [
      {
        "Näringsvärde": "Energi (kcal)",
        "100 Milliliter": "60 kcal"
      },
      {
        "Näringsvärde": "Energi (kJ)",
        "100 Milliliter": "249 kJ"
      },
      {
        "Näringsvärde": "Fett",
        "100 Milliliter": "2.8 g"
      },
      {
        "Näringsvärde": "Varav mättat fett",
        "100 Milliliter": "0.3 g"
      },
      {
        "Näringsvärde": "Kolhydrat",
        "100 Milliliter": "7.1 g"
      },
      {
        "Näringsvärde": "Varav sockerarter",
        "100 Milliliter": "3.4 g"
      },
      {
        "Näringsvärde": "Fiber",
        "100 Milliliter": "0.8 g"
      },
      {
        "Näringsvärde": "Protein",
        "100 Milliliter": "1.1 g"
      },
      {
        "Näringsvärde": "Salt",
        "100 Milliliter": "0.1 g"
      },
      {
        "Näringsvärde": "Vitamin B12",
        "100 Milliliter": "0.38 µg",
        "% av DRI(*)": "15"
      },
      {
        "Näringsvärde": "Vitamin D",
        "100 Milliliter": "1.1 µg",
        "% av DRI(*)": "22"
      },
      {
        "Näringsvärde": "Riboflavin",
        "100 Milliliter": "0.21 mg",
        "% av DRI(*)": "15"
      },
      {
        "Näringsvärde": "Kalcium",
        "100 Milliliter": "120 mg",
        "% av DRI(*)": "15"
      },
      {
        "Näringsvärde": "Jod",
        "100 Milliliter": "22.5 µg",
        "% av DRI(*)": "15"
      }
    ],
    "nutritionUnitText": "Näringsvärde per 100 milliliter",
    "categories": {
      "mainCategory": "Mejeri & Ost",
      "subCategories": [
        {
          "name": "Mjölk",
          "subSubCategories": [
            "Mjölkfri dryck",
            "Havredryck"
          ]
        }
      ]
    }
  },
  {
    "name": "A-fil 3% Laktosfri 1l ICA",
    "weightText": "1 kg",
    "caPart": "",
    "weightValue": 1,
    "weightUnit": "kg",
    "comparePrice": "23,95 kr/kg",
    "currentPrice": 23.95,
    "attributes": [
      "Ursprungsland Sverige",
      "Laktosfritt"
    ],
    "imgUrl": "https://handlaprivatkund.ica.se/images-v3/bf7a00ca-390e-4769-865f-dc369586872e/d0daa027-8405-4d39-965b-49ccf78074ce/500x500.jpg",
    "productInformation": "ICA A-fil Laktosfri har en tjock, krämig konsistens och en svagt syrlig smak. Supergod att äta som den är eller med flingor, bär och hackade nötter. Vi gör vår A-fil på mjölk från svenska gårdar.",
    "countryText": "Sverige",
    "companyText": "ICA",
    "ingrediensText": "Högpastöriserad mjölk, filmjölkskultur, kultur av Lactobacillus acidophilus, laktasenzym, Vitamin D.",
    "storage": "",
    "allergens": "",
    "usage": "",
    "nutrition": [
      {
        "Näringsvärde": "Energi (kcal)",
        "100 Gram": "55 kcal"
      },
      {
        "Näringsvärde": "Energi (kJ)",
        "100 Gram": "220 kJ"
      },
      {
        "Näringsvärde": "Fett",
        "100 Gram": "3 g"
      },
      {
        "Näringsvärde": "Varav fleromättat fett",
        "100 Gram": "0.07 g"
      },
      {
        "Näringsvärde": "Varav mättat fett",
        "100 Gram": "1.9 g"
      },
      {
        "Näringsvärde": "Varav enkelomättat fett",
        "100 Gram": "0.7 g"
      },
      {
        "Näringsvärde": "Kolhydrat",
        "100 Gram": "2 g"
      },
      {
        "Näringsvärde": "Varav sockerarter",
        "100 Gram": "2 g"
      },
      {
        "Näringsvärde": "Fiber",
        "100 Gram": "0 g"
      },
      {
        "Näringsvärde": "Protein",
        "100 Gram": "3.6 g"
      },
      {
        "Näringsvärde": "Salt",
        "100 Gram": "0.1 g"
      },
      {
        "Näringsvärde": "Kalcium",
        "100 Gram": "120 mg"
      },
      {
        "Näringsvärde": "Fosfor",
        "100 Gram": "105 mg"
      }
    ],
    "nutritionUnitText": "Näringsvärde per 100 gram",
    "categories": {
      "mainCategory": "Mejeri & Ost",
      "subCategories": [
        {
          "name": "Filmjölk",
          "subSubCategories": [
            "Laktosfri filmjölk"
          ]
        }
      ]
    }
  },
  {
    "name": "Lättmjölkdryck Laktosfri 0,5% 1l ICA",
    "weightText": "1 l",
    "caPart": "",
    "weightValue": 1,
    "weightUnit": "l",
    "comparePrice": "19,50 kr/l",
    "currentPrice": 19.5,
    "attributes": [
      "Från Sverige",
      "Ursprungsland Sverige",
      "Laktosfritt"
    ],
    "imgUrl": "https://handlaprivatkund.ica.se/images-v3/bf7a00ca-390e-4769-865f-dc369586872e/73fb3e90-a5ee-456e-b130-1ce3535a2e54/500x500.jpg",
    "productInformation": "ICA Lättmjölk Dryck Laktosfri för dig som är laktosintolerant. Passar till dagens alla måltider eller tillsammans med flingor eller müsli.",
    "countryText": "Sverige",
    "companyText": "ICA",
    "ingrediensText": "Högpastöriserad mjölk, laktasenzym, vitamin D.",
    "storage": "",
    "allergens": "",
    "usage": "",
    "nutrition": [
      {
        "Näringsvärde": "Energi (kcal)",
        "100 Gram": "30 kcal"
      },
      {
        "Näringsvärde": "Energi (kJ)",
        "100 Gram": "120 kJ"
      },
      {
        "Näringsvärde": "Fett",
        "100 Gram": "0.5 g"
      },
      {
        "Näringsvärde": "Varav mättat fett",
        "100 Gram": "0.3 g"
      },
      {
        "Näringsvärde": "Kolhydrat",
        "100 Gram": "3 g"
      },
      {
        "Näringsvärde": "Varav sockerarter",
        "100 Gram": "3 g"
      },
      {
        "Näringsvärde": "Protein",
        "100 Gram": "3.5 g"
      },
      {
        "Näringsvärde": "Salt",
        "100 Gram": "0.1 g"
      },
      {
        "Näringsvärde": "Vitamin B12",
        "100 Gram": "0.5 µg"
      },
      {
        "Näringsvärde": "Vitamin D",
        "100 Gram": "1 µg"
      },
      {
        "Näringsvärde": "Riboflavin",
        "100 Gram": "0.14 mg"
      },
      {
        "Näringsvärde": "Kalcium",
        "100 Gram": "120 mg"
      }
    ],
    "nutritionUnitText": "Näringsvärde per 100 gram",
    "categories": {
      "mainCategory": "Mejeri & Ost",
      "subCategories": [
        {
          "name": "Mjölk",
          "subSubCategories": [
            "Lättmjölk",
            "Lättmjölk, laktosfri"
          ]
        }
      ]
    }
  },
  {
    "name": "Cottage Cheese Mini Naturell 1,5% 500g ICA",
    "weightText": "0.5 kg",
    "caPart": "",
    "weightValue": 0.5,
    "weightUnit": "kg",
    "comparePrice": "61,00 kr/kg",
    "currentPrice": 30.5,
    "attributes": [
      "Nyckelhålet",
      "Ursprungsland Sverige",
      "Mjölk från Sverige"
    ],
    "imgUrl": "https://handlaprivatkund.ica.se/images-v3/bf7a00ca-390e-4769-865f-dc369586872e/c8b3a201-b8f3-49d6-a49d-77f1286c85a8/500x500.jpg",
    "productInformation": "ICA Cottage cheese naturell mini är en grynig färskost med lite lägre fetthalt. Passar som mellanmål tillsammans med färska bär eller som tillbehör i en sallad.",
    "countryText": "Sverige",
    "companyText": "ICA",
    "ingrediensText": "Pastöriserad MJÖLK*, modifierad potatisstärkelse, salt, vasslepermeat(MJÖLK), modifierad potatisstärkelse*, konserveringsmedel(E202), syrningskultur, mjölkkoagulerande enzym (mikrobiellt). *Ursprung Sverige",
    "storage": "Lägsta förvaringstemperatur 2°C Högsta förvaringstemperatur 8°C",
    "allergens": "",
    "usage": "",
    "nutrition": [
      {
        "Näringsvärde": "Energi (kcal)",
        "100 Gram": "73 kcal"
      },
      {
        "Näringsvärde": "Energi (kJ)",
        "100 Gram": "306 kJ"
      },
      {
        "Näringsvärde": "Fett",
        "100 Gram": "1.5 g"
      },
      {
        "Näringsvärde": "Varav mättat fett",
        "100 Gram": "1 g"
      },
      {
        "Näringsvärde": "Kolhydrat",
        "100 Gram": "3.2 g"
      },
      {
        "Näringsvärde": "Varav sockerarter",
        "100 Gram": "2.6 g"
      },
      {
        "Näringsvärde": "Protein",
        "100 Gram": "12 g"
      },
      {
        "Näringsvärde": "Salt",
        "100 Gram": "0.82 g"
      }
    ],
    "nutritionUnitText": "Näringsvärde per 100 gram",
    "categories": {
      "mainCategory": "Mejeri & Ost",
      "subCategories": [
        {
          "name": "Cottage cheese",
          "subSubCategories": [
            "Cottage cheese naturell"
          ]
        }
      ]
    }
  },
  {
    "name": "Mellanmål Hallon 165g MannaFrutti",
    "weightText": "0.165 kg",
    "caPart": "",
    "weightValue": 0.165,
    "weightUnit": "kg",
    "comparePrice": "75,76 kr/kg",
    "currentPrice": 12.5,
    "attributes": [],
    "imgUrl": "https://handlaprivatkund.ica.se/images-v3/bf7a00ca-390e-4769-865f-dc369586872e/f2199074-6143-41b8-97ca-03ef14973c7b/500x500.jpg",
    "productInformation": "Mannafrutti Hallon är ett mättande mellanmål med en syrlig och god hallonsås. Mannafrutti är gjord på mannagryn istället för ris med en bas av naturliga ingredienser från mjölk, grädde, mannagryn, frukt & bär. Resultatet är en len mannagröt som blir oemotståndligt god tillsammans med frisk frukt & bärsås. Mannagrynsgröten från Mannafrutti innehåller självklart svensk mjölk och grädde. Historien om Risifrutti började 1993 och sedan dess är det ett älskat mellanmål hos både stora och små. Mellanmålen är kända för sin goda smak och naturliga råvaror. Ris- och mannagröten tillverkas i Örebro och de goda frukt- och bärsåserna tillverkas i Kumla. För att läsa mer om Risifrutti besök risifrutti.se.",
    "countryText": "",
    "companyText": "RisiFrutti",
    "ingrediensText": "MJÖLK/MÆLK, GRÄDDE/FLØDE, vatten, socker (9%), hallon/hindbær (6%), MANNAGRYN av VETE/HVEDE (4%), förtjockningsmedel/fortykningsmiddel (pektin, karragenan), VETEstärkelse/HVEDEstivelse, naturliga aromer, salt, syra (citronsyra).",
    "storage": "I kylskåp 2-8 °C",
    "allergens": "",
    "usage": "",
    "nutrition": [
      {
        "Näringsvärde": "Energi (kcal)",
        "100 Gram": "138 kcal"
      },
      {
        "Näringsvärde": "Energi (kJ)",
        "100 Gram": "578 kJ"
      },
      {
        "Näringsvärde": "Fett",
        "100 Gram": "7.2 g"
      },
      {
        "Näringsvärde": "Varav mättat fett",
        "100 Gram": "4.6 g"
      },
      {
        "Näringsvärde": "Kolhydrat",
        "100 Gram": "15 g"
      },
      {
        "Näringsvärde": "Varav sockerarter",
        "100 Gram": "12 g"
      },
      {
        "Näringsvärde": "Protein",
        "100 Gram": "2.9 g"
      },
      {
        "Näringsvärde": "Salt",
        "100 Gram": "0.11 g"
      }
    ],
    "nutritionUnitText": "Näringsvärde per 100 gram",
    "categories": {
      "mainCategory": "Mejeri & Ost",
      "subCategories": [
        {
          "name": "Kylda mellanmål & desserter",
          "subSubCategories": [
            "Kylda mellanmål",
            "Rismål, laktos"
          ]
        }
      ]
    }
  },
  {
    "name": "Vispgrädde Laktosfri 36% 5dl Arla®",
    "weightText": "0.5 l",
    "caPart": "",
    "weightValue": 0.5,
    "weightUnit": "l",
    "comparePrice": "81,90 kr/l",
    "currentPrice": 40.95,
    "attributes": [
      "Ursprungsland Sverige",
      "Laktosfritt"
    ],
    "imgUrl": "https://handlaprivatkund.ica.se/images-v3/bf7a00ca-390e-4769-865f-dc369586872e/be24691c-6989-4d30-94e2-398e98dcc375/500x500.jpg",
    "productInformation": "Arla® Laktosfri vispgrädde 36% har en söt, aromatisk gräddsmak och mjuk, krämig och len konsistens. Gräddens sötma matchar speciellt bra till rätter med syrlig karaktär. Laktosfri vispgrädde både förstärker och rundar av smaken vilket gör den idealisk till vardagsmatlagning, bakning och desserter. Även en liten mängd grädde i mat gör stor skillnad för smaken. Produkten har längre hållbarhet och en praktisk återförslutningsbar förpackning med skruvkork och håller sig fräsch och god flera dagar efter den öppnats. Symbolen med den blågula gräddkannan garanterar 100 procent svensk grädde.",
    "countryText": "Sverige",
    "companyText": "Arla",
    "ingrediensText": "Pastöriserad GRÄDDE, laktasenzym, stabiliseringsmedel (karragenan).",
    "storage": "",
    "allergens": "Innehåller Mjölk",
    "usage": "",
    "nutrition": [
      {
        "Näringsvärde": "Energi (kcal)",
        "100 Gram": "346 kcal"
      },
      {
        "Näringsvärde": "Energi (kJ)",
        "100 Gram": "1423 kJ"
      },
      {
        "Näringsvärde": "Fett",
        "100 Gram": "36 g"
      },
      {
        "Näringsvärde": "Varav mättat fett",
        "100 Gram": "23 g"
      },
      {
        "Näringsvärde": "Kolhydrat",
        "100 Gram": "3.1 g"
      },
      {
        "Näringsvärde": "Varav sockerarter",
        "100 Gram": "3 g"
      },
      {
        "Näringsvärde": "Protein",
        "100 Gram": "2.3 g"
      },
      {
        "Näringsvärde": "Salt",
        "100 Gram": "0.06 g"
      },
      {
        "Näringsvärde": "Vitamin A",
        "100 Gram": "309 µg",
        "% av DRI(*)": "39"
      }
    ],
    "nutritionUnitText": "Näringsvärde per 100 gram",
    "categories": {
      "mainCategory": "Mejeri & Ost",
      "subCategories": [
        {
          "name": "Grädde",
          "subSubCategories": [
            "Laktosfri grädde",
            "Laktosfri vispgrädde"
          ]
        }
      ]
    }
  },
  {
    "name": "Mellanmjölkdryck Laktosfri 1,5% 1l Valio",
    "weightText": "1 l",
    "caPart": "",
    "weightValue": 1,
    "weightUnit": "l",
    "comparePrice": "18,95 kr/l",
    "currentPrice": 18.95,
    "attributes": [
      "Laktosfritt"
    ],
    "imgUrl": "https://handlaprivatkund.ica.se/images-v3/bf7a00ca-390e-4769-865f-dc369586872e/df49af6a-663b-4d36-8fa3-76d46420d2d7/500x500.jpg",
    "productInformation": "Hemligheten bakom vår goda mjölkdryck är enkel. Vi har låtit alla naturliga smaker, vitaminer och mineraler vara kvar och endast tagit bort all laktos - för en lättare magkänsla. Fetthalt 1,5%. Njut av vår goda laktosfria mjölk till maten, frukost eller i kaffet.",
    "countryText": "",
    "companyText": "Valio",
    "ingrediensText": "MELLANMJÖLK, vitamin D, laktas- och proteasenzym.",
    "storage": "Förvaras vid högst +8°C. Öppnad förpackning är hållbar 4-5 dagar i kylskåp.",
    "allergens": "",
    "usage": "",
    "nutrition": [
      {
        "Näringsvärde": "Energi (kcal)",
        "100 Gram": "39 kcal"
      },
      {
        "Näringsvärde": "Energi (kJ)",
        "100 Gram": "164 kJ"
      },
      {
        "Näringsvärde": "Fett",
        "100 Gram": "1.5 g"
      },
      {
        "Näringsvärde": "Varav mättat fett",
        "100 Gram": "0.9 g"
      },
      {
        "Näringsvärde": "Kolhydrat",
        "100 Gram": "3.1 g"
      },
      {
        "Näringsvärde": "Varav sockerarter",
        "100 Gram": "3.1 g"
      },
      {
        "Näringsvärde": "Protein",
        "100 Gram": "3.3 g"
      },
      {
        "Näringsvärde": "Salt",
        "100 Gram": "0.1 g"
      },
      {
        "Näringsvärde": "Vitamin B12",
        "100 Gram": "0.4 µg",
        "% av DRI(*)": "16"
      },
      {
        "Näringsvärde": "Vitamin D",
        "100 Gram": "2 µg",
        "% av DRI(*)": "40"
      },
      {
        "Näringsvärde": "Riboflavin",
        "100 Gram": "0.2 mg",
        "% av DRI(*)": "14"
      },
      {
        "Näringsvärde": "Kalcium",
        "100 Gram": "120 mg",
        "% av DRI(*)": "15"
      },
      {
        "Näringsvärde": "Jod",
        "100 Gram": "16 µg",
        "% av DRI(*)": "11"
      }
    ],
    "nutritionUnitText": "Näringsvärde per 100 gram",
    "categories": {
      "mainCategory": "Mejeri & Ost",
      "subCategories": [
        {
          "name": "Mjölk",
          "subSubCategories": [
            "Mellanmjölk",
            "Mellanmjölk, laktosfri"
          ]
        }
      ]
    }
  },
  {
    "name": "Margarin Original växtbaserat 39% 600g Lätta",
    "weightText": "0.6 kg",
    "caPart": "",
    "weightValue": 0.6,
    "weightUnit": "kg",
    "comparePrice": "39,92 kr/kg",
    "currentPrice": 23.95,
    "attributes": [],
    "imgUrl": "https://handlaprivatkund.ica.se/images-v3/bf7a00ca-390e-4769-865f-dc369586872e/f87ecb9d-395c-4270-bd32-9cd354a722f2/500x500.jpg",
    "productInformation": "Lätta Original är ett gott växtbaserat margarin med bara 39% fetthalt, ett lättare alternativ till smör. Gjord med rapsolja för den goda smakens skull. 100% växtbaserat och utan palmolja. Lätta Original är lätt att bre på din smörgås direkt från kylen. Lätta förhöjer smaken på din macka till frukost, lunch, ditt mellanmål eller på picknicken. Med ursprung från växtriket är Lätta ett klimatsmart val tillverkat i Sverige. Det perfekta tillbehöret till ett gott nybakat bröd.",
    "countryText": "",
    "companyText": "Lätta",
    "ingrediensText": "Ingredienser: vatten, vegetabiliska oljor (raps, solros), kokosolja, modifierad stärkelse, salt (1,5%), emulgeringsmedel (mono- och diglycerider av fettsyror, lecitin), beredning av bondböna, konserveringsmedel (kaliumsorbat), surhetsreglerande medel (mjölksyra), naturlig arom, vitaminer (A, D).",
    "storage": "Förvaras mellan 2-8 °C Lägsta förvaringstemperatur 2°C Högsta förvaringstemperatur 8°C",
    "allergens": "",
    "usage": "",
    "nutrition": [
      {
        "Näringsvärde": "Energi (kcal)",
        "100 Gram": "358 kcal"
      },
      {
        "Näringsvärde": "Energi (kJ)",
        "100 Gram": "1474 kJ"
      },
      {
        "Näringsvärde": "Fett",
        "100 Gram": "39 g"
      },
      {
        "Näringsvärde": "Varav fleromättat fett",
        "100 Gram": "8.3 g"
      },
      {
        "Näringsvärde": "Varav mättat fett",
        "100 Gram": "14 g"
      },
      {
        "Näringsvärde": "Varav enkelomättat fett",
        "100 Gram": "17 g"
      },
      {
        "Näringsvärde": "Kolhydrat",
        "100 Gram": "1.6 g"
      },
      {
        "Näringsvärde": "Varav sockerarter",
        "100 Gram": "0.5 g"
      },
      {
        "Näringsvärde": "Protein",
        "100 Gram": "0.5 g"
      },
      {
        "Näringsvärde": "Salt",
        "100 Gram": "1.5 g"
      },
      {
        "Näringsvärde": "Vitamin A",
        "100 Gram": "900 µg",
        "% av DRI(*)": "113"
      },
      {
        "Näringsvärde": "Vitamin D",
        "100 Gram": "20 µg",
        "% av DRI(*)": "400"
      }
    ],
    "nutritionUnitText": "Näringsvärde per 100 gram",
    "categories": {
      "mainCategory": "Mejeri & Ost",
      "subCategories": [
        {
          "name": "Smör & Margarin",
          "subSubCategories": [
            "Bordsask margarin"
          ]
        }
      ]
    }
  },
  {
    "name": "Lättkvarg Naturell 0,2% 900g ICA Basic",
    "weightText": "0.9 kg",
    "caPart": "",
    "weightValue": 0.9,
    "weightUnit": "kg",
    "comparePrice": "31,06 kr/kg",
    "currentPrice": 27.95,
    "attributes": [
      "Nyckelhålet",
      "Ursprungsland Sverige",
      "Mjölk från Sverige"
    ],
    "imgUrl": "https://handlaprivatkund.ica.se/images-v3/bf7a00ca-390e-4769-865f-dc369586872e/76bdb57a-d54b-49b9-8f57-66eb6b1d3b81/500x500.jpg",
    "productInformation": "ICA Basic Lättkvarg 0,2% i storpack är gjord på mjölk från svenska gårdar. Perfekt att köpa med hem för den hälsomedvetna.",
    "countryText": "Sverige",
    "companyText": "ICA Basic",
    "ingrediensText": "Ingredienser: Högpastöriserad MJÖLK*, syrningskultur, mjölkkoagulerande enzym (mikrobiellt). *Ursprung Sverige.",
    "storage": "Lägsta förvaringstemperatur 2°C Högsta förvaringstemperatur 8°C",
    "allergens": "Innehåller Mjölk",
    "usage": "",
    "nutrition": [
      {
        "Näringsvärde": "Energi (kcal)",
        "100 Gram": "60 kcal"
      },
      {
        "Näringsvärde": "Energi (kJ)",
        "100 Gram": "250 kJ"
      },
      {
        "Näringsvärde": "Fett",
        "100 Gram": "0.2 g"
      },
      {
        "Näringsvärde": "Varav mättat fett",
        "100 Gram": "0 g"
      },
      {
        "Näringsvärde": "Kolhydrat",
        "100 Gram": "3.4 g"
      },
      {
        "Näringsvärde": "Varav sockerarter",
        "100 Gram": "3.4 g"
      },
      {
        "Näringsvärde": "Protein",
        "100 Gram": "11 g"
      },
      {
        "Näringsvärde": "Salt",
        "100 Gram": "0.1 g"
      }
    ],
    "nutritionUnitText": "Näringsvärde per 100 gram",
    "categories": {
      "mainCategory": "Mejeri & Ost",
      "subCategories": [
        {
          "name": "Kvarg",
          "subSubCategories": [
            "Kvarg naturell"
          ]
        }
      ]
    }
  },
  {
    "name": "A-fil Naturell Plus Dofilus 3% Ekologisk 1000g Arla®",
    "weightText": "1 kg",
    "caPart": "",
    "weightValue": 1,
    "weightUnit": "kg",
    "comparePrice": "19,95 kr/kg",
    "currentPrice": 19.95,
    "attributes": [
      "EU Ekologiskt",
      "Ursprungsland Sverige",
      "Ekologiskt",
      "KRAV"
    ],
    "imgUrl": "https://handlaprivatkund.ica.se/images-v3/bf7a00ca-390e-4769-865f-dc369586872e/c73fbfda-808e-4afb-a427-70807fbb9a21/500x500.jpg",
    "productInformation": "God och krämig ekologisk naturell A-fil som innehåller bakteriekulturen acidophilus (LA-5). Njut av vår filmjölk till frukost eller mellanmål, och toppa gärna med favoritflingorna, frukt eller bär. Arla®s ekologiska A-fil görs på 100 procent svensk ekologisk mjölk. Innehåller kalcium som bidrar till matsmältningsenzymernas normala funktion. Ät Arla® ekologisk A-fil 3% som en del av en varierad och balanserad kost och en hälsosam livsstil.",
    "countryText": "Sverige",
    "companyText": "Arla",
    "ingrediensText": "MJÖLK* (högpastöriserad), filkultur, Lactobacillus acidophilus LA-5®, vitamin D. *KRAV-ekologisk ingrediens.",
    "storage": "Lägsta förvaringstemperatur 2°C Högsta förvaringstemperatur 8°C",
    "allergens": "Innehåller Mjölk",
    "usage": "",
    "nutrition": [
      {
        "Näringsvärde": "Energi (kcal)",
        "100 Gram": "58 kcal"
      },
      {
        "Näringsvärde": "Energi (kJ)",
        "100 Gram": "245 kJ"
      },
      {
        "Näringsvärde": "Fett",
        "100 Gram": "3 g"
      },
      {
        "Näringsvärde": "Varav mättat fett",
        "100 Gram": "1.9 g"
      },
      {
        "Näringsvärde": "Kolhydrat",
        "100 Gram": "3.7 g"
      },
      {
        "Näringsvärde": "Varav sockerarter",
        "100 Gram": "3.7 g"
      },
      {
        "Näringsvärde": "Protein",
        "100 Gram": "3.5 g"
      },
      {
        "Näringsvärde": "Salt",
        "100 Gram": "0.09 g"
      },
      {
        "Näringsvärde": "Vitamin D",
        "100 Gram": "1 µg",
        "% av DRI(*)": "20"
      },
      {
        "Näringsvärde": "Kalcium",
        "100 Gram": "122 mg",
        "% av DRI(*)": "15"
      }
    ],
    "nutritionUnitText": "Näringsvärde per 100 gram",
    "categories": {
      "mainCategory": "Mejeri & Ost",
      "subCategories": [
        {
          "name": "Filmjölk",
          "subSubCategories": [
            "Filmjölk naturell"
          ]
        }
      ]
    }
  },
  {
    "name": "Fruktdryck Nypon 1l Proviva",
    "weightText": "1 l",
    "caPart": "",
    "weightValue": 1,
    "weightUnit": "l",
    "comparePrice": "34,50 kr/l",
    "currentPrice": 34.5,
    "attributes": [],
    "imgUrl": "https://handlaprivatkund.ica.se/images-v3/bf7a00ca-390e-4769-865f-dc369586872e/5213bb9a-654b-485a-960a-f90f44391864/500x500.jpg",
    "productInformation": "ProViva Nypon är så god att den varit många trogna fans favorit sedan lanseringen 1994. Nyponsmaken i vår klassiker är rik och härlig och konsistensen fyllig. Precis som alla ProViva innehåller den miljarder goda mjölksyrabakterier och är dessutom rik på vitamin C, som bidrar till immunförsvarets normala funktion. Ett glas ProViva fruktdryck per dag ger ett intag av mer än 1 miljarder Lactobacillus plantarum 299v och täcker mer än dagsbehovet av C-vitamin.Den svenskaste av smaker är nypon och nyponsmaken i vår klassiker ProViva Nypon är rik och härlig. Serveras bäst kall.ProViva - mer än en juice.",
    "countryText": "",
    "companyText": "Proviva",
    "ingrediensText": "INGREDIENSER Vatten, nypon från pulver 15 %, socker, HAVREmjöl 0,8 %, modifierad potatisstärkelse, syra (citronsyra), vitamin C, kultur: Lactobacillus plantarum 299v.",
    "storage": "Lägsta förvaringstemperatur 2°C Högsta förvaringstemperatur 8°C",
    "allergens": "Innehåller Spannmål som innehåller gluten",
    "usage": "",
    "nutrition": [
      {
        "Näringsvärde": "Energi (kcal)",
        "100 Gram": "52 kcal"
      },
      {
        "Näringsvärde": "Energi (kJ)",
        "100 Gram": "220 kJ"
      },
      {
        "Näringsvärde": "Fett",
        "100 Gram": "0.1 g"
      },
      {
        "Näringsvärde": "Varav mättat fett",
        "100 Gram": "0 g"
      },
      {
        "Näringsvärde": "Kolhydrat",
        "100 Gram": "12.7 g"
      },
      {
        "Näringsvärde": "Varav sockerarter",
        "100 Gram": "10.8 g"
      },
      {
        "Näringsvärde": "Fiber",
        "100 Gram": "0.5 g"
      },
      {
        "Näringsvärde": "Protein",
        "100 Gram": "0.2 g"
      },
      {
        "Näringsvärde": "Salt",
        "100 Gram": "0.03 g"
      },
      {
        "Näringsvärde": "Vitamin C",
        "100 Gram": "35 mg",
        "% av DRI(*)": "44"
      }
    ],
    "nutritionUnitText": "Näringsvärde per 100 gram",
    "categories": {
      "mainCategory": "Mejeri & Ost",
      "subCategories": [
        {
          "name": "Juice & Fruktdryck",
          "subSubCategories": [
            "Fruktdryck"
          ]
        }
      ]
    }
  },
  {
    "name": "Parmigiano Reggiano 15 mån 200g ICA",
    "weightText": "0.2 kg",
    "caPart": "",
    "weightValue": 0.2,
    "weightUnit": "kg",
    "comparePrice": "324,75 kr/kg",
    "currentPrice": 64.95,
    "attributes": [],
    "imgUrl": "https://handlaprivatkund.ica.se/images-v3/bf7a00ca-390e-4769-865f-dc369586872e/5899e9b9-553b-43cb-b7e9-a3f71b61899c/500x500.jpg",
    "productInformation": "ICA Parmigiano Reggiano är en D.O.P-skyddad ost från Italien, vilket betyder att den är ursprungsskyddad. Den är ekologisk och har en nötig och rund smak som den har fått efter att ha lagrats i minst 15 månader. Parmigiano Reggiano är en italiensk klassiker på delitallriken och ger perfekt sälta åt allt ifrån pastasåsen till att komplettera mozzarellan på pizzan.",
    "countryText": "",
    "companyText": "ICA",
    "ingrediensText": "Ingredienser: Opastöriserad KOMJÖLK*, salt, löpe (animaliskt). *Ursprung Italien.",
    "storage": "",
    "allergens": "",
    "usage": "",
    "nutrition": [
      {
        "Näringsvärde": "Energi (kcal)",
        "100 Gram": "392 kcal"
      },
      {
        "Näringsvärde": "Energi (kJ)",
        "100 Gram": "1633 kJ"
      },
      {
        "Näringsvärde": "Fett",
        "100 Gram": "28 g"
      },
      {
        "Näringsvärde": "Varav mättat fett",
        "100 Gram": "19 g"
      },
      {
        "Näringsvärde": "Kolhydrat",
        "100 Gram": "0 g"
      },
      {
        "Näringsvärde": "Varav sockerarter",
        "100 Gram": "0 g"
      },
      {
        "Näringsvärde": "Protein",
        "100 Gram": "33 g"
      },
      {
        "Näringsvärde": "Salt",
        "100 Gram": "1.6 g"
      }
    ],
    "nutritionUnitText": "Näringsvärde per 100 gram",
    "categories": {
      "mainCategory": "Mejeri & Ost",
      "subCategories": [
        {
          "name": "Ost",
          "subSubCategories": [
            "Matlagningsost",
            "Italiensk hårdost"
          ]
        }
      ]
    }
  },
  {
    "name": "Lättyoghurt Naturell Laktosfri 0,4% 1l Valio",
    "weightText": "1 kg",
    "caPart": "",
    "weightValue": 1,
    "weightUnit": "kg",
    "comparePrice": "22,50 kr/kg",
    "currentPrice": 22.5,
    "attributes": [
      "Nyckelhålet"
    ],
    "imgUrl": "https://handlaprivatkund.ica.se/images-v3/bf7a00ca-390e-4769-865f-dc369586872e/276f3cd5-9f5a-432a-a1f3-12a621dd9391/500x500.jpg",
    "productInformation": "Valio har allt för små och stora mjölkmagar! Våra laktosfria produkter är garanterat 100% fria från laktos och sortimentet utökas ständigt med nya och goda produkter för hela familjen. Med 30 % mindre tillsatt socker än i vanliga smaksatta yoghurtar. Njut av den krämiga lättyoghurten utan laktos. Passar både som mellanmål och frukost.",
    "countryText": "",
    "companyText": "Valio",
    "ingrediensText": "Högpastöriserad SKUMMJÖLK, laktasenzym, yoghurtkultur, Lactobacillus acidophilus, Bifidobacterium sp. och vitamin D.",
    "storage": "Förvaras vid högst +8°C. Öppnad förpackning är hållbar 4-5 dagar i kylskåp.",
    "allergens": "",
    "usage": "Omskakas före användning.",
    "nutrition": [
      {
        "Näringsvärde": "Energi (kcal)",
        "100 Gram": "46 kcal"
      },
      {
        "Näringsvärde": "Energi (kJ)",
        "100 Gram": "196 kJ"
      },
      {
        "Näringsvärde": "Fett",
        "100 Gram": "0.4 g"
      },
      {
        "Näringsvärde": "Varav mättat fett",
        "100 Gram": "0.2 g"
      },
      {
        "Näringsvärde": "Kolhydrat",
        "100 Gram": "5.2 g"
      },
      {
        "Näringsvärde": "Varav sockerarter",
        "100 Gram": "5.2 g"
      },
      {
        "Näringsvärde": "Protein",
        "100 Gram": "4.7 g"
      },
      {
        "Näringsvärde": "Salt",
        "100 Gram": "0.13 g"
      },
      {
        "Näringsvärde": "Vitamin D",
        "100 Gram": "1 µg",
        "% av DRI(*)": "20"
      },
      {
        "Näringsvärde": "Kalcium",
        "100 Gram": "140 mg",
        "% av DRI(*)": "18"
      }
    ],
    "nutritionUnitText": "Näringsvärde per 100 gram",
    "categories": {
      "mainCategory": "Mejeri & Ost",
      "subCategories": [
        {
          "name": "Yoghurt",
          "subSubCategories": [
            "Laktosfri yoghurt"
          ]
        }
      ]
    }
  },
  {
    "name": "Präst 31% lagrad riven 150g ICA",
    "weightText": "0.15 kg",
    "caPart": "",
    "weightValue": 0.15,
    "weightUnit": "kg",
    "comparePrice": "186,33 kr/kg",
    "currentPrice": 27.95,
    "attributes": [
      "Ursprungsland Sverige",
      "Mjölk från Sverige"
    ],
    "imgUrl": "https://handlaprivatkund.ica.se/images-v3/bf7a00ca-390e-4769-865f-dc369586872e/47bde1f8-f1fa-4690-93ff-e0764b4484e5/500x500.jpg",
    "productInformation": "ICA Präst® lagrad är fyllig och gräddig i smaken. Lagrad i minst 8 månader och gjord på svensk mjölk",
    "countryText": "Sverige",
    "companyText": "ICA",
    "ingrediensText": "Ingredienser: Ost (pastöriserad MJÖLK*, salt, syrningskultur, mjölkkoagulerande enzym (mikrobiellt), konserveringsmedel (E202)), potatismjöl*.*Ursprung Sverige.",
    "storage": "",
    "allergens": "",
    "usage": "",
    "nutrition": [
      {
        "Näringsvärde": "Energi (kcal)",
        "100 Gram": "380 kcal"
      },
      {
        "Näringsvärde": "Energi (kJ)",
        "100 Gram": "1600 kJ"
      },
      {
        "Näringsvärde": "Fett",
        "100 Gram": "31 g"
      },
      {
        "Näringsvärde": "Varav mättat fett",
        "100 Gram": "20 g"
      },
      {
        "Näringsvärde": "Kolhydrat",
        "100 Gram": "1.5 g"
      },
      {
        "Näringsvärde": "Varav sockerarter",
        "100 Gram": "0 g"
      },
      {
        "Näringsvärde": "Protein",
        "100 Gram": "26 g"
      },
      {
        "Näringsvärde": "Salt",
        "100 Gram": "1.2 g"
      },
      {
        "Näringsvärde": "Kalcium",
        "100 Gram": "700 mg",
        "% av DRI(*)": "87"
      }
    ],
    "nutritionUnitText": "Näringsvärde per 100 gram",
    "categories": {
      "mainCategory": "Mejeri & Ost",
      "subCategories": [
        {
          "name": "Ost",
          "subSubCategories": [
            "Matlagningsost",
            "Riven ost"
          ]
        }
      ]
    }
  },
  {
    "name": "Lättdryck Svarta vinbär Koncentrat 2dl Kiviks",
    "weightText": "1 l",
    "caPart": "",
    "weightValue": 1,
    "weightUnit": "l",
    "comparePrice": "7,95 kr/l drickklar",
    "currentPrice": 7.95,
    "attributes": [],
    "imgUrl": "https://handlaprivatkund.ica.se/images-v3/bf7a00ca-390e-4769-865f-dc369586872e/b654d0d7-078a-40c5-b450-be6154b4059f/500x500.jpg",
    "productInformation": "Svarta vinbär som en svalkande och smakfull dryck. Med mycket smak av svarta vinbär. Spädes 1+4 till 1 liter färdig dryck. Drickfärdig dryck innehåller: 3,5% bär och 7,5% tillsatt socker.",
    "countryText": "",
    "companyText": "Kiviks Musteri",
    "ingrediensText": "Vatten, socker, svartvinbärsjuice 2,5 %, aroniajuice, svartvinbärsarom, syra (citronsyra). Juicer från koncentrat.",
    "storage": "Oöppnad förpackning kan förvaras i rumstemperatur. Öppnad förpackning förvarad vid högst +8°C är hållbar 4-5 dagar.",
    "allergens": "",
    "usage": "",
    "nutrition": [
      {
        "Näringsvärde": "Energi (kcal)",
        "100 Milliliter": "30 kcal"
      },
      {
        "Näringsvärde": "Energi (kJ)",
        "100 Milliliter": "140 kJ"
      },
      {
        "Näringsvärde": "Fett",
        "100 Milliliter": "0 g"
      },
      {
        "Näringsvärde": "Varav mättat fett",
        "100 Milliliter": "0 g"
      },
      {
        "Näringsvärde": "Kolhydrat",
        "100 Milliliter": "7.8 g"
      },
      {
        "Näringsvärde": "Varav sockerarter",
        "100 Milliliter": "7.8 g"
      },
      {
        "Näringsvärde": "Protein",
        "100 Milliliter": "0 g"
      },
      {
        "Näringsvärde": "Salt",
        "100 Milliliter": "0 g"
      }
    ],
    "nutritionUnitText": "Näringsvärde per 100 milliliter",
    "categories": {
      "mainCategory": "Mejeri & Ost",
      "subCategories": [
        {
          "name": "Juice & Fruktdryck",
          "subSubCategories": [
            "Måltidsdryck",
            "Måltidsdryck koncentrat"
          ]
        }
      ]
    }
  },
  {
    "name": "Grekisk Yoghurt 0% 500g Larsa foods",
    "weightText": "0.5 kg",
    "caPart": "",
    "weightValue": 0.5,
    "weightUnit": "kg",
    "comparePrice": "49,00 kr/kg",
    "currentPrice": 24.5,
    "attributes": [],
    "imgUrl": "https://handlaprivatkund.ica.se/images-v3/bf7a00ca-390e-4769-865f-dc369586872e/7312c763-8c1a-4cd8-bea0-ff36bf2b9c2d/500x500.jpg",
    "productInformation": "",
    "countryText": "",
    "companyText": "Larsa Foods",
    "ingrediensText": "Ingredienser/Ainekset: Homogeniserad och pastöriserad MJÖLK/homogenisert og pasteurisert MELK/homogenisoitu ja pastöroitu MAITO, yoghurtkultur/hapate",
    "storage": "Kylvara max +6 °C",
    "allergens": "",
    "usage": "",
    "nutrition": [
      {
        "Näringsvärde": "Energi (kcal)",
        "100 Gram": "58 kcal"
      },
      {
        "Näringsvärde": "Energi (kJ)",
        "100 Gram": "247 kJ"
      },
      {
        "Näringsvärde": "Fett",
        "100 Gram": "0 g"
      },
      {
        "Näringsvärde": "Varav mättat fett",
        "100 Gram": "0 g"
      },
      {
        "Näringsvärde": "Kolhydrat",
        "100 Gram": "4.5 g"
      },
      {
        "Näringsvärde": "Varav sockerarter",
        "100 Gram": "3.5 g"
      },
      {
        "Näringsvärde": "Protein",
        "100 Gram": "10 g"
      },
      {
        "Näringsvärde": "Salt",
        "100 Gram": "0.1 g"
      }
    ],
    "nutritionUnitText": "Näringsvärde per 100 gram",
    "categories": {
      "mainCategory": "Mejeri & Ost",
      "subCategories": [
        {
          "name": "Yoghurt",
          "subSubCategories": [
            "Matlagningsyoghurt",
            "Grekisk yoghurt"
          ]
        }
      ]
    }
  },
  {
    "name": "Hälsofil 3,5% Blåbär 1000g Verum®",
    "weightText": "1 kg",
    "caPart": "",
    "weightValue": 1,
    "weightUnit": "kg",
    "comparePrice": "28,95 kr/kg",
    "currentPrice": 28.95,
    "attributes": [],
    "imgUrl": "https://handlaprivatkund.ica.se/images-v3/bf7a00ca-390e-4769-865f-dc369586872e/aa98a686-dbdb-4d92-9446-1dab2d530da8/500x500.jpg",
    "productInformation": "Verum® Hälsofil 3,5% Blåbär har en slät och krämig konsistens och innehåller den unika mjölksyrabakterien L1A. Smaken är fyllig men ändå mild. Hälsofil är en källa till vitamin D, den är gjord på svensk mjölk och passar utmärkt att äta som den är eller med en god hemmagjord granola, flingor eller müsli. Eller varför inte blanda en härligt fräsch smoothie med alla dina favoritingredienser? En riktig kickstart på dagen! Verum Hälsofil har funnits i över 30 år och det har alltid handlat om en sak, att du ska må bra. Förpackningen är gjord på helt förnybart material. Kartongen i förpackningen kommer från ansvarsfullt odlad skog, och korken på växtbaserade material för att minska belastningen på miljön och vår planet.",
    "countryText": "",
    "companyText": "Verum",
    "ingrediensText": "Ingredienser: Fil (högpastöriserad norrländsk MJÖLK, levande mjölksyrakultur inklusive Lactococcus lactis L1A, vitamin D, vitamin C), bärberedning (socker, blåbärsjuicekoncentrat, modifierad majsstärkelse, citronjuice, kalcium, arom). Blåbär 4,2%. Tillsatt socker 6,2%.",
    "storage": "Lägsta förvaringstemperatur 2°C Högsta förvaringstemperatur 8°C",
    "allergens": "Innehåller Mjölk",
    "usage": "",
    "nutrition": [
      {
        "Näringsvärde": "Energi (kcal)",
        "100 Gram": "90 kcal"
      },
      {
        "Näringsvärde": "Energi (kJ)",
        "100 Gram": "370 kJ"
      },
      {
        "Näringsvärde": "Fett",
        "100 Gram": "3.5 g"
      },
      {
        "Näringsvärde": "Varav mättat fett",
        "100 Gram": "2.3 g"
      },
      {
        "Näringsvärde": "Kolhydrat",
        "100 Gram": "10 g"
      },
      {
        "Näringsvärde": "Varav sockerarter",
        "100 Gram": "9.9 g"
      },
      {
        "Näringsvärde": "Protein",
        "100 Gram": "3 g"
      },
      {
        "Näringsvärde": "Salt",
        "100 Gram": "0.1 g"
      },
      {
        "Näringsvärde": "Vitamin C",
        "100 Gram": "13 mg",
        "% av DRI(*)": "17"
      },
      {
        "Näringsvärde": "Vitamin D",
        "100 Gram": "0.88 µg",
        "% av DRI(*)": "18"
      },
      {
        "Näringsvärde": "Kalcium",
        "100 Gram": "125 mg",
        "% av DRI(*)": "16"
      }
    ],
    "nutritionUnitText": "Näringsvärde per 100 gram",
    "categories": {
      "mainCategory": "Mejeri & Ost",
      "subCategories": [
        {
          "name": "Filmjölk",
          "subSubCategories": [
            "Filmjölk smaksatt"
          ]
        }
      ]
    }
  },
  {
    "name": "Ägg Frigående Utomhus 10-p Stjärnägg",
    "weightText": "",
    "caPart": "",
    "weightValue": 0,
    "weightUnit": "",
    "comparePrice": "10 per frp 3,75 kr/st",
    "currentPrice": 37.5,
    "attributes": [],
    "imgUrl": "https://handlaprivatkund.ica.se/images-v3/bf7a00ca-390e-4769-865f-dc369586872e/99a54f2a-e21b-42b7-9b05-32a3f1361352/500x500.jpg",
    "productInformation": "",
    "countryText": "",
    "companyText": "Stjärnägg",
    "ingrediensText": "Ingredienser: Ägg",
    "storage": "",
    "allergens": "Innehåller: Ägg",
    "usage": "",
    "nutrition": [],
    "nutritionUnitText": "Näringsvärde per styck",
    "categories": {
      "mainCategory": "Mejeri & Ost",
      "subCategories": [
        {
          "name": "Ägg & Jäst",
          "subSubCategories": [
            "Ägg"
          ]
        }
      ]
    }
  },
  {
    "name": "Apelsinjuice 2l Bravo",
    "weightText": "2 l",
    "caPart": "",
    "weightValue": 2,
    "weightUnit": "l",
    "comparePrice": "27,48 kr/l",
    "currentPrice": 54.95,
    "attributes": [],
    "imgUrl": "https://handlaprivatkund.ica.se/images-v3/bf7a00ca-390e-4769-865f-dc369586872e/e8a0adc8-16da-4cfc-b7d7-ed3a2100d608/500x500.jpg",
    "productInformation": "Njut av hela två liter juice, pressad av solmogna apelsiner, rik på vitamin C! Bravo är juice så som juice ska vara, 100 % naturlig, utan tillsatt socker eller andra tillsatser. Bravo är dessutom Sveriges största juice, vilket naturligtvis har med den goda smaken att göra.",
    "countryText": "",
    "companyText": "Bravo",
    "ingrediensText": "Apelsinjuice.",
    "storage": "Lägsta förvaringstemperatur 2°C Högsta förvaringstemperatur 8°C",
    "allergens": "",
    "usage": "",
    "nutrition": [
      {
        "Näringsvärde": "Energi (kcal)",
        "100 Gram": "45 kcal"
      },
      {
        "Näringsvärde": "Energi (kJ)",
        "100 Gram": "180 kJ"
      },
      {
        "Näringsvärde": "Fett",
        "100 Gram": "0 g"
      },
      {
        "Näringsvärde": "Varav mättat fett",
        "100 Gram": "0 g"
      },
      {
        "Näringsvärde": "Kolhydrat",
        "100 Gram": "9 g"
      },
      {
        "Näringsvärde": "Varav sockerarter",
        "100 Gram": "9 g"
      },
      {
        "Näringsvärde": "Fiber",
        "100 Gram": "0.4 g"
      },
      {
        "Näringsvärde": "Protein",
        "100 Gram": "0.7 g"
      },
      {
        "Näringsvärde": "Salt",
        "100 Gram": "0 g"
      },
      {
        "Näringsvärde": "Vitamin C",
        "100 Gram": "28 mg",
        "% av DRI(*)": "35"
      }
    ],
    "nutritionUnitText": "Näringsvärde per 100 gram",
    "categories": {
      "mainCategory": "Mejeri & Ost",
      "subCategories": [
        {
          "name": "Juice & Fruktdryck",
          "subSubCategories": [
            "Apelsinjuice"
          ]
        }
      ]
    }
  },
  {
    "name": "Ostkaka Original 600g Frödinge",
    "weightText": "0.6 kg",
    "caPart": "",
    "weightValue": 0.6,
    "weightUnit": "kg",
    "comparePrice": "86,58 kr/kg",
    "currentPrice": 51.95,
    "attributes": [
      "Från Sverige"
    ],
    "imgUrl": "https://handlaprivatkund.ica.se/images-v3/bf7a00ca-390e-4769-865f-dc369586872e/de0948b9-6f16-4408-b115-4ea59f0a8788/500x500.jpg",
    "productInformation": "Originalet från 1955, bakad med kärlek och färsk mjölk och grädde från närliggande gårdar. En rejäl ostkaka för hela familjen att njuta av. (Swedish)",
    "countryText": "",
    "companyText": "Frödinge",
    "ingrediensText": "MJÖLK*, GRÄDDE*, ÄGG*, VETEMJÖL*, socker*, MJÖLKSOCKER, SKUMMJÖLKSPULVER*, SÖTMANDEL, VETESTÄRKELSE, BITTERMANDEL, kalciumklorid, vegetabiliskt ystenzym, konserveringsmedel (sorbinsyra). KAN INNEHÅLLA SPÅR AV NÖTTER. *Svenskt ursprung",
    "storage": "Kylvara. Vid förvaring +8°C eller kallare: Se Bäst före-märkning. (Swedish) Lägsta förvaringstemperatur 2°C Högsta förvaringstemperatur 8°C",
    "allergens": "Innehåller Mjölk Innehåller Spannmål som innehåller gluten Innehåller Ägg Innehåller Nötter (eng: tree nuts)",
    "usage": "",
    "nutrition": [
      {
        "Näringsvärde": "Energi (kcal)",
        "100 Gram": "170 kcal"
      },
      {
        "Näringsvärde": "Energi (kJ)",
        "100 Gram": "700 kJ"
      },
      {
        "Näringsvärde": "Fett",
        "100 Gram": "7 g"
      },
      {
        "Näringsvärde": "Varav mättat fett",
        "100 Gram": "4 g"
      },
      {
        "Näringsvärde": "Kolhydrat",
        "100 Gram": "16 g"
      },
      {
        "Näringsvärde": "Varav sockerarter",
        "100 Gram": "10 g"
      },
      {
        "Näringsvärde": "Protein",
        "100 Gram": "10 g"
      },
      {
        "Näringsvärde": "Salt",
        "100 Gram": "0.12 g"
      }
    ],
    "nutritionUnitText": "Näringsvärde per 100 gram",
    "categories": {
      "mainCategory": "Mejeri & Ost",
      "subCategories": [
        {
          "name": "Kylda mellanmål & desserter",
          "subSubCategories": [
            "Ostkaka"
          ]
        }
      ]
    }
  },
  {
    "name": "Fil Naturell 4,2% 1000g Fjällfil",
    "weightText": "1 kg",
    "caPart": "",
    "weightValue": 1,
    "weightUnit": "kg",
    "comparePrice": "24,95 kr/kg",
    "currentPrice": 24.95,
    "attributes": [],
    "imgUrl": "https://handlaprivatkund.ica.se/images-v3/bf7a00ca-390e-4769-865f-dc369586872e/00999511-7427-4cf1-8902-87295413f3f3/500x500.jpg",
    "productInformation": "Fjällfil® 4,2% Naturell är extra krämig och har en unik spritsig karaktär som skiljer sig från annan fil. Den är gjord på norrländsk mjölk och passar utmärkt att äta naturell eller med en god granola, färska bär och frukter när du vill njuta lite extra. Bjud familjen på en lite lyxigare frukost eller ta en långfrukost för dig själv i lugn och ro. Om du inte testat den är den värd att prova!Förpackningen har en större andel förnybart material som kommer från ansvarsfullt odlad skog, och korken är gjord av växtbaserade material för att minska belastningen på miljön och vår planet.",
    "countryText": "",
    "companyText": "Fjällfil",
    "ingrediensText": "Ingredienser: Högpastöriserad norrländsk MJÖLK, levande mjölksyrakultur, vitamin D.",
    "storage": "Lägsta förvaringstemperatur 2°C Högsta förvaringstemperatur 8°C",
    "allergens": "Innehåller Mjölk",
    "usage": "",
    "nutrition": [
      {
        "Näringsvärde": "Energi (kcal)",
        "100 Gram": "70 kcal"
      },
      {
        "Näringsvärde": "Energi (kJ)",
        "100 Gram": "290 kJ"
      },
      {
        "Näringsvärde": "Fett",
        "100 Gram": "4.2 g"
      },
      {
        "Näringsvärde": "Varav mättat fett",
        "100 Gram": "2.7 g"
      },
      {
        "Näringsvärde": "Kolhydrat",
        "100 Gram": "3.7 g"
      },
      {
        "Näringsvärde": "Varav sockerarter",
        "100 Gram": "3.7 g"
      },
      {
        "Näringsvärde": "Protein",
        "100 Gram": "3.4 g"
      },
      {
        "Näringsvärde": "Salt",
        "100 Gram": "0.1 g"
      },
      {
        "Näringsvärde": "Vitamin D",
        "100 Gram": "1 µg",
        "% av DRI(*)": "20"
      },
      {
        "Näringsvärde": "Kalcium",
        "100 Gram": "120 mg",
        "% av DRI(*)": "15"
      }
    ],
    "nutritionUnitText": "Näringsvärde per 100 gram",
    "categories": {
      "mainCategory": "Mejeri & Ost",
      "subCategories": [
        {
          "name": "Filmjölk",
          "subSubCategories": [
            "Filmjölk naturell"
          ]
        }
      ]
    }
  },
  {
    "name": "Matlagningsgrädde Laktosfri 13% 2,5dl ICA",
    "weightText": "0.25 l",
    "caPart": "",
    "weightValue": 0.25,
    "weightUnit": "l",
    "comparePrice": "62,00 kr/l",
    "currentPrice": 15.5,
    "attributes": [
      "Ursprungsland Sverige",
      "Mjölk från Sverige",
      "Laktosfritt"
    ],
    "imgUrl": "https://handlaprivatkund.ica.se/images-v3/bf7a00ca-390e-4769-865f-dc369586872e/9b151d47-c8ea-4e69-b5ba-f7b06c042656/500x500.jpg",
    "productInformation": "ICA Matlagningsgrädde Laktosfri är en produkt för dig som är laktosintolerant. Passar i såser, soppor och grytor. Produkten är inte vispbar.",
    "countryText": "Sverige",
    "companyText": "ICA",
    "ingrediensText": "Högpastöriserad GRÄDDE*, laktasenzym. *Ursprung Sverige.",
    "storage": "Kylvara. Förvaras vid högst +8°C.",
    "allergens": "Innehåller Mjölk",
    "usage": "",
    "nutrition": [
      {
        "Näringsvärde": "Energi (kcal)",
        "100 Gram": "146 kcal"
      },
      {
        "Näringsvärde": "Energi (kJ)",
        "100 Gram": "603 kJ"
      },
      {
        "Näringsvärde": "Fett",
        "100 Gram": "13 g"
      },
      {
        "Näringsvärde": "Varav mättat fett",
        "100 Gram": "8.3 g"
      },
      {
        "Näringsvärde": "Kolhydrat",
        "100 Gram": "4.1 g"
      },
      {
        "Näringsvärde": "Varav sockerarter",
        "100 Gram": "4.1 g"
      },
      {
        "Näringsvärde": "Protein",
        "100 Gram": "3.1 g"
      },
      {
        "Näringsvärde": "Salt",
        "100 Gram": "0.08 g"
      }
    ],
    "nutritionUnitText": "Näringsvärde per 100 gram",
    "categories": {
      "mainCategory": "Mejeri & Ost",
      "subCategories": [
        {
          "name": "Grädde",
          "subSubCategories": [
            "Laktosfri grädde",
            "Laktosfri matlagningsgrädde"
          ]
        }
      ]
    }
  },
  {
    "name": "Färskost Naturell Light 11% 200g Philadelphia",
    "weightText": "0.2 kg",
    "caPart": "",
    "weightValue": 0.2,
    "weightUnit": "kg",
    "comparePrice": "114,75 kr/kg",
    "currentPrice": 22.95,
    "attributes": [],
    "imgUrl": "https://handlaprivatkund.ica.se/images-v3/bf7a00ca-390e-4769-865f-dc369586872e/3354b15f-1546-4404-b065-edd281e2b229/500x500.jpg",
    "productInformation": "Philadelphia Original Light är en magrare variant med den älskade och karaktäristiska krämigheten och fräschheten. Den är smakrik, glutenfri och vegetarisk och framför allt älskad! Perfekt till smörgåsen, bakverk och i matlagning.",
    "countryText": "",
    "companyText": "Philadelphia",
    "ingrediensText": "Ingredienser: MJÖLK/MÆLK/MELK, vassle-/valle-/myseprodukt (MJÖLK), GRÄDDE/FLØDE/FLØTE, salt, stabiliseringsmedel/stabilisatorer (guarkärnmjöl/guargummi, karragenan/carrageenan), syra (citronsyra), bakteriekultur.",
    "storage": "Lägsta förvaringstemperatur 1°C Högsta förvaringstemperatur 8°C",
    "allergens": "",
    "usage": "",
    "nutrition": [
      {
        "Näringsvärde": "Energi (kcal)",
        "100 Gram": "145 kcal"
      },
      {
        "Näringsvärde": "Energi (kJ)",
        "100 Gram": "604 kJ"
      },
      {
        "Näringsvärde": "Fett",
        "100 Gram": "10 g"
      },
      {
        "Näringsvärde": "Varav mättat fett",
        "100 Gram": "6.9 g"
      },
      {
        "Näringsvärde": "Kolhydrat",
        "100 Gram": "5.1 g"
      },
      {
        "Näringsvärde": "Varav sockerarter",
        "100 Gram": "5.1 g"
      },
      {
        "Näringsvärde": "Fiber",
        "100 Gram": "0.3 g"
      },
      {
        "Näringsvärde": "Protein",
        "100 Gram": "7.2 g"
      },
      {
        "Näringsvärde": "Salt",
        "100 Gram": "0.7 g"
      }
    ],
    "nutritionUnitText": "Näringsvärde per 100 gram",
    "categories": {
      "mainCategory": "Mejeri & Ost",
      "subCategories": [
        {
          "name": "Ost",
          "subSubCategories": [
            "Färskost & cream cheese"
          ]
        }
      ]
    }
  },
  {
    "name": "Cottage Cheese Naturell 4% 250g Keso",
    "weightText": "0.25 kg",
    "caPart": "",
    "weightValue": 0.25,
    "weightUnit": "kg",
    "comparePrice": "75,80 kr/kg",
    "currentPrice": 18.95,
    "attributes": [
      "Nyckelhålet",
      "Ursprungsland Sverige"
    ],
    "imgUrl": "https://handlaprivatkund.ica.se/images-v3/bf7a00ca-390e-4769-865f-dc369586872e/5183fb62-2783-4c68-b4f8-4498501b53e3/500x500.jpg",
    "productInformation": "Krämig färskost med grynig konsistens, tillverkad av svensk mjölk från Arlagårdar. För att bli krämig och smakrik blandas ostkornen med mjölk, grädde och lite salt. KESO® Cottage Cheese 4% är nyckelhålsmärkt och har ett naturligt högt proteininnehåll med 13g protein/100g vilket mättar bra. Ät som den är eller tillsammans med det du gillar. Använd som proteinrik huvudingrediens eller som tillbehör som röra, topping eller dipp vid matlagning och bakning. KESO® passar utmärkt som ett gott mellanmål, exempelvis vid träning. Symbolen med den blågula mjölkkannan garanterar 100 procent svensk mjölk.",
    "countryText": "Sverige",
    "companyText": "Keso",
    "ingrediensText": "pastöriserad MJÖLK och GRÄDDE, salt, syrningskultur, ystenzym.",
    "storage": "Lägsta förvaringstemperatur 2°C Högsta förvaringstemperatur 8°C",
    "allergens": "Innehåller Mjölk",
    "usage": "",
    "nutrition": [
      {
        "Näringsvärde": "Energi (kcal)",
        "100 Gram": "93 kcal"
      },
      {
        "Näringsvärde": "Energi (kJ)",
        "100 Gram": "392 kJ"
      },
      {
        "Näringsvärde": "Fett",
        "100 Gram": "4 g"
      },
      {
        "Näringsvärde": "Varav mättat fett",
        "100 Gram": "2.6 g"
      },
      {
        "Näringsvärde": "Kolhydrat",
        "100 Gram": "1.6 g"
      },
      {
        "Näringsvärde": "Varav sockerarter",
        "100 Gram": "1.6 g"
      },
      {
        "Näringsvärde": "Protein",
        "100 Gram": "13 g"
      },
      {
        "Näringsvärde": "Salt",
        "100 Gram": "0.82 g"
      }
    ],
    "nutritionUnitText": "",
    "categories": {
      "mainCategory": "Mejeri & Ost",
      "subCategories": [
        {
          "name": "Cottage cheese",
          "subSubCategories": [
            "Cottage cheese naturell"
          ]
        }
      ]
    }
  },
  {
    "name": "Multivitamindryck Tropisk 200ml Kiviks Musteri",
    "weightText": "1 l",
    "caPart": "",
    "weightValue": 1,
    "weightUnit": "l",
    "comparePrice": "7,95 kr/l drickklar",
    "currentPrice": 7.95,
    "attributes": [],
    "imgUrl": "https://handlaprivatkund.ica.se/images-v3/bf7a00ca-390e-4769-865f-dc369586872e/111d210d-3132-4062-93d3-7d21ece61052/500x500.jpg",
    "productInformation": "Tropisk multivitamindryck - utan artificiella sötningsmedel. Rik på D-vitamin och källa till 11 andra vitaminer. Med 15% frukt och 6,5% tillsatt socker. Vegansk. Våra koncentrerade frukt- och bärdrycker finns i flera olika smaker. Drick de väl kylda. \n \n Innehåller: 10 % frukt och 7 % tillsatt socker.",
    "countryText": "",
    "companyText": "Kiviks Musteri",
    "ingrediensText": "Vatten, socker, äppeljuice, apelsinjuice, ananasjuice, aroniajuice, arom, surhetsreglerande medel (citronsyra, natriumcitrat), vitamin A, vitamin D, vitamin E, vitamin C, riboflavin, niacin, vitamin B6, folsyra, vitamin B12, biotin, pantotensyra, betakaroten. Juicer från koncentrat.",
    "storage": "Oöppnad förpackning kan förvaras i rumstemperatur. Öppnad förpackning förvarad vid högst 8+ grader C är hållbar 4-5 dagar. Lägsta förvaringstemperatur 0°C Högsta förvaringstemperatur 25°C",
    "allergens": "",
    "usage": "",
    "nutrition": [
      {
        "Näringsvärde": "Energi (kcal)",
        "100 Milliliter": "35 kcal"
      },
      {
        "Näringsvärde": "Energi (kJ)",
        "100 Milliliter": "140 kJ"
      },
      {
        "Näringsvärde": "Fett",
        "100 Milliliter": "0 g"
      },
      {
        "Näringsvärde": "Varav mättat fett",
        "100 Milliliter": "0 g"
      },
      {
        "Näringsvärde": "Kolhydrat",
        "100 Milliliter": "8.1 g"
      },
      {
        "Näringsvärde": "Varav sockerarter",
        "100 Milliliter": "8.1 g"
      },
      {
        "Näringsvärde": "Protein",
        "100 Milliliter": "0.1 g"
      },
      {
        "Näringsvärde": "Salt",
        "100 Milliliter": "0.06 g"
      },
      {
        "Näringsvärde": "Vitamin A",
        "100 Milliliter": "60 µg"
      },
      {
        "Näringsvärde": "Vitamin B12",
        "100 Milliliter": "0.19 µg"
      },
      {
        "Näringsvärde": "Vitamin B6",
        "100 Milliliter": "0.11 mg"
      },
      {
        "Näringsvärde": "Vitamin C",
        "100 Milliliter": "6 mg"
      },
      {
        "Näringsvärde": "Vitamin D",
        "100 Milliliter": "0.75 µg",
        "% av DRI(*)": "15"
      },
      {
        "Näringsvärde": "Vitamin E",
        "100 Milliliter": "0.9 mg"
      },
      {
        "Näringsvärde": "Riboflavin",
        "100 Milliliter": "0.11 mg"
      },
      {
        "Näringsvärde": "Folsyra",
        "100 Milliliter": "15 µg"
      },
      {
        "Näringsvärde": "Niacin",
        "100 Milliliter": "1.2 mg"
      },
      {
        "Näringsvärde": "Pantotensyra",
        "100 Milliliter": "0.45 mg"
      },
      {
        "Näringsvärde": "Biotin",
        "100 Milliliter": "3.8 µg"
      }
    ],
    "nutritionUnitText": "Näringsvärde per 100 milliliter",
    "categories": {
      "mainCategory": "Mejeri & Ost",
      "subCategories": [
        {
          "name": "Juice & Fruktdryck",
          "subSubCategories": [
            "Måltidsdryck",
            "Måltidsdryck koncentrat"
          ]
        }
      ]
    }
  },
  {
    "name": "Kvarg Citron Laktosfri 7% 200g Valio",
    "weightText": "0.2 kg",
    "caPart": "",
    "weightValue": 0.2,
    "weightUnit": "kg",
    "comparePrice": "82,50 kr/kg",
    "currentPrice": 16.5,
    "attributes": [
      "Laktosfritt"
    ],
    "imgUrl": "https://handlaprivatkund.ica.se/images-v3/bf7a00ca-390e-4769-865f-dc369586872e/2304836e-9c93-43ed-90e4-3341aa0fe10b/500x500.jpg",
    "productInformation": "Laktosfri kvarg med fyllig och rund smak av citron. God som den är tillsammans med frukt och bär som mellanmål . Passar också utmärkt att baka med då den tål ugnsvärme och passar både kalla desserter och gräddade bakverk. Kvargen tillför en fyllig och saftig smak till många bakverk.",
    "countryText": "",
    "companyText": "Valio",
    "ingrediensText": "KVARG (högpastöriserad SKUMMJÖLK, syrningskultur), högpastöriserad GRÄDDE, socker, citron 5% (fruktkött, juice från koncentrat), modifierad potatisstärkelse, aromer, färgämne (kurkumin), enzymer (löpe och laktas).",
    "storage": "Förvaras i högst +8°C. Öppnad förpackning är hållbar i 3-4 dagar i kylskåp.",
    "allergens": "",
    "usage": "",
    "nutrition": [
      {
        "Näringsvärde": "Energi (kcal)",
        "100 Gram": "153 kcal"
      },
      {
        "Näringsvärde": "Energi (kJ)",
        "100 Gram": "643 kJ"
      },
      {
        "Näringsvärde": "Fett",
        "100 Gram": "7 g"
      },
      {
        "Näringsvärde": "Varav mättat fett",
        "100 Gram": "4.1 g"
      },
      {
        "Näringsvärde": "Kolhydrat",
        "100 Gram": "15 g"
      },
      {
        "Näringsvärde": "Varav sockerarter",
        "100 Gram": "15 g"
      },
      {
        "Näringsvärde": "Protein",
        "100 Gram": "7.2 g"
      },
      {
        "Näringsvärde": "Salt",
        "100 Gram": "0.1 g"
      }
    ],
    "nutritionUnitText": "Näringsvärde per 100 gram",
    "categories": {
      "mainCategory": "Mejeri & Ost",
      "subCategories": [
        {
          "name": "Kvarg",
          "subSubCategories": [
            "Laktosfri kvarg"
          ]
        }
      ]
    }
  },
  {
    "name": "Apelsinjuice med fruktkött 900ml Innocent",
    "weightText": "0.9 l",
    "caPart": "",
    "weightValue": 0.9,
    "weightUnit": "l",
    "comparePrice": "43,89 kr/l exkl pant",
    "currentPrice": 39.5,
    "attributes": [],
    "imgUrl": "https://handlaprivatkund.ica.se/images-v3/bf7a00ca-390e-4769-865f-dc369586872e/a9e27469-b98b-49bf-a688-c42bd1b3ea75/500x500.jpg",
    "productInformation": "Det här är juicen för den som vill njuta av varje liten bit frukt. Okej, vi har uppenbarligen tagit bort skalet, men juicen och alla saftiga bitar är på plats och smakar som de ska. Som du kommer märka om 3, 2, 1. Visst? \n \n Pastöriserad",
    "countryText": "",
    "companyText": "Innocent",
    "ingrediensText": "Ingredienser: 11 pressade apelsiner.",
    "storage": "Förvaras kallt (0-8 C). Lägsta förvaringstemperatur 0°C Högsta förvaringstemperatur 8°C",
    "allergens": "",
    "usage": "",
    "nutrition": [],
    "nutritionUnitText": "",
    "categories": {
      "mainCategory": "Mejeri & Ost",
      "subCategories": [
        {
          "name": "Juice & Fruktdryck",
          "subSubCategories": [
            "Apelsinjuice"
          ]
        }
      ]
    }
  },
  {
    "name": "Torrjäst Matbröd 14g 2st Kronjäst",
    "weightText": "0.028 kg",
    "caPart": "",
    "weightValue": 0.028,
    "weightUnit": "kg",
    "comparePrice": "267,86 kr/kg",
    "currentPrice": 7.5,
    "attributes": [],
    "imgUrl": "https://handlaprivatkund.ica.se/images-v3/bf7a00ca-390e-4769-865f-dc369586872e/e07c989a-9fa3-4558-9ea6-5536501dd257/500x500.jpg",
    "productInformation": "Torkad svensk jäst som har optimal jäskraft i degar för matbröd. Jästcellerna arbetar tillsammans med näringen i mjölet (sockret från stärkelsen) och jobbar mindre effektivt i degar med tillsatt socker, dvs mer än 4% socker/sirap av mjölmängden.",
    "countryText": "",
    "companyText": "Kronjäst",
    "ingrediensText": "Jäst, emulgeringsmedel E491 (vegetabiliskt).",
    "storage": "Torrt, ej över normal rumstemperatur. Öppnad förpackning bör förbrukas inom 3 dygn. Förslut påsen väl och förvara i kylskåp. Lägsta förvaringstemperatur 0°C Högsta förvaringstemperatur 22°C",
    "allergens": "",
    "usage": "",
    "nutrition": [],
    "nutritionUnitText": "",
    "categories": {
      "mainCategory": "Mejeri & Ost",
      "subCategories": [
        {
          "name": "Ägg & Jäst",
          "subSubCategories": [
            "Jäst"
          ]
        }
      ]
    }
  },
  {
    "name": "Mozarella Burrata 100g ICA",
    "weightText": "0.1 kg",
    "caPart": "",
    "weightValue": 0.1,
    "weightUnit": "kg",
    "comparePrice": "289,50 kr/kg",
    "currentPrice": 28.95,
    "attributes": [],
    "imgUrl": "https://handlaprivatkund.ica.se/images-v3/bf7a00ca-390e-4769-865f-dc369586872e/a56fb47d-7969-47ea-818d-36d7db8d9056/500x500.jpg",
    "productInformation": "ICA Burrata är en mozzarella med en gräddig och krämig fyllning. Perfekt att servera som förrrätt, toppa pizzan eller att ha på pastan.",
    "countryText": "",
    "companyText": "ICA",
    "ingrediensText": "Pastöriserad MJÖLK*, UHT GRÄDDE*, salt, mjölkkoagulerande enzym (animaliskt), konserveringsmedel (E202). *Ursprung Italien.",
    "storage": "Kylvara. Förvaras vid högst +8°C.",
    "allergens": "",
    "usage": "",
    "nutrition": [
      {
        "Näringsvärde": "Energi (kcal)",
        "100 Gram": "235 kcal"
      },
      {
        "Näringsvärde": "Energi (kJ)",
        "100 Gram": "973 kJ"
      },
      {
        "Näringsvärde": "Fett",
        "100 Gram": "21 g"
      },
      {
        "Näringsvärde": "Varav mättat fett",
        "100 Gram": "14 g"
      },
      {
        "Näringsvärde": "Kolhydrat",
        "100 Gram": "1.5 g"
      },
      {
        "Näringsvärde": "Varav sockerarter",
        "100 Gram": "1.5 g"
      },
      {
        "Näringsvärde": "Protein",
        "100 Gram": "10 g"
      },
      {
        "Näringsvärde": "Salt",
        "100 Gram": "0.7 g"
      }
    ],
    "nutritionUnitText": "Näringsvärde per 100 gram",
    "categories": {
      "mainCategory": "Mejeri & Ost",
      "subCategories": [
        {
          "name": "Ost",
          "subSubCategories": [
            "Matlagningsost",
            "Mozzarella"
          ]
        }
      ]
    }
  },
  {
    "name": "Hårdost Mozzarella riven 200 g ICA Basic",
    "weightText": "0.2 kg",
    "caPart": "",
    "weightValue": 0.2,
    "weightUnit": "kg",
    "comparePrice": "124,75 kr/kg",
    "currentPrice": 24.95,
    "attributes": [],
    "imgUrl": "https://handlaprivatkund.ica.se/images-v3/bf7a00ca-390e-4769-865f-dc369586872e/04e04783-99e8-40b9-8a27-2bcb1d60a4ef/500x500.jpg",
    "productInformation": "",
    "countryText": "",
    "companyText": "ICA Basic",
    "ingrediensText": "Pastöriserad MJÖLK*, majsstärkelse, salt, mjölkkoagulerande enzym (mikrobiellt), syrningskultur. *Ursprung EU.",
    "storage": "Kylvara. Förvaras vid högst +8°C.",
    "allergens": "",
    "usage": "",
    "nutrition": [
      {
        "Näringsvärde": "Energi (kcal)",
        "100 Gram": "304 kcal"
      },
      {
        "Näringsvärde": "Energi (kJ)",
        "100 Gram": "1263 kJ"
      },
      {
        "Näringsvärde": "Fett",
        "100 Gram": "22 g"
      },
      {
        "Näringsvärde": "Varav mättat fett",
        "100 Gram": "16 g"
      },
      {
        "Näringsvärde": "Kolhydrat",
        "100 Gram": "1.7 g"
      },
      {
        "Näringsvärde": "Varav sockerarter",
        "100 Gram": "0 g"
      },
      {
        "Näringsvärde": "Protein",
        "100 Gram": "25 g"
      },
      {
        "Näringsvärde": "Salt",
        "100 Gram": "1.3 g"
      }
    ],
    "nutritionUnitText": "Näringsvärde per 100 gram",
    "categories": {
      "mainCategory": "Mejeri & Ost",
      "subCategories": [
        {
          "name": "Ost",
          "subSubCategories": [
            "Matlagningsost",
            "Riven ost"
          ]
        }
      ]
    }
  },
  {
    "name": "Cottage Cheese Vanilj 500g KESO®",
    "weightText": "0.5 kg",
    "caPart": "",
    "weightValue": 0.5,
    "weightUnit": "kg",
    "comparePrice": "73,90 kr/kg",
    "currentPrice": 36.95,
    "attributes": [
      "Ursprungsland Sverige"
    ],
    "imgUrl": "https://handlaprivatkund.ica.se/images-v3/bf7a00ca-390e-4769-865f-dc369586872e/e378520f-3990-41e2-b56e-79714d2c6918/500x500.jpg",
    "productInformation": "Krämig färskost med gryning konsistens. KESO® Cottage cheese vanilj har en tydlig, god vaniljsmak med extrakt från Bourbonvanilj och en återhållsam sötma. Produkten har en fin krämighet och är naturligt rik på protein samtidigt som den har en låg fetthalt på 2,9%. Perfekt som frukost, mellanmål eller en lite nyttigare dessert, som du kan njuta som den är eller toppa med det du gillar bäst. Symbolen med den blågula mjölkkannan garanterar 100 procent svensk mjölk.",
    "countryText": "Sverige",
    "companyText": "Keso",
    "ingrediensText": "Cottage cheese (pastöriserad MJÖLK och GRÄDDE, salt, syrningskultur, ystenzym), vatten, socker 3,2%, modifierad potatisstärkelse, extrakt från Bourbonvanilj, mald vaniljstång, naturlig arom, citronjuice, konserveringsmedel (kaliumsorbat).",
    "storage": "Lägsta förvaringstemperatur 2°C Högsta förvaringstemperatur 8°C",
    "allergens": "",
    "usage": "",
    "nutrition": [
      {
        "Näringsvärde": "Energi (kcal)",
        "100 Gram": "88 kcal"
      },
      {
        "Näringsvärde": "Energi (kJ)",
        "100 Gram": "369 kJ"
      },
      {
        "Näringsvärde": "Fett",
        "100 Gram": "2.9 g"
      },
      {
        "Näringsvärde": "Varav mättat fett",
        "100 Gram": "1.9 g"
      },
      {
        "Näringsvärde": "Kolhydrat",
        "100 Gram": "5.4 g"
      },
      {
        "Näringsvärde": "Varav sockerarter",
        "100 Gram": "4.5 g"
      },
      {
        "Näringsvärde": "Protein",
        "100 Gram": "10 g"
      },
      {
        "Näringsvärde": "Salt",
        "100 Gram": "0.37 g"
      }
    ],
    "nutritionUnitText": "Näringsvärde per 100 gram",
    "categories": {
      "mainCategory": "Mejeri & Ost",
      "subCategories": [
        {
          "name": "Cottage cheese",
          "subSubCategories": [
            "Cottage cheese smaksatt"
          ]
        }
      ]
    }
  },
  {
    "name": "Mellanmjölk Lång hållbarhet 1,5% 1l Arla®",
    "weightText": "1 l",
    "caPart": "",
    "weightValue": 1,
    "weightUnit": "l",
    "comparePrice": "24,50 kr/l",
    "currentPrice": 24.5,
    "attributes": [],
    "imgUrl": "https://handlaprivatkund.ica.se/images-v3/bf7a00ca-390e-4769-865f-dc369586872e/9262c3e9-0ce9-4eaf-918a-3b57a9891217/500x500.jpg",
    "productInformation": "Mellanmjölk med lång hållbarhet är ultrapastöriserad och har därför en något sötare smak än lågpastöriserad mjölk. Den smakar bäst kyld men kan tack vare ultrapastöriseringen förvaras oöppnad i rumstemperatur. Arla® mellanmjölk med lång hållbarhet är en naturlig källa till bland annat protein, kalcium och vitamin B12. Protein bidrar till muskeluppbyggnad och kalcium behövs för att bibehålla en normal benstomme.",
    "countryText": "",
    "companyText": "Arla",
    "ingrediensText": "MJÖLK, vitamin D. UHT-behandlad.",
    "storage": "Lägsta förvaringstemperatur 4°C Högsta förvaringstemperatur 20°C",
    "allergens": "Innehåller Mjölk",
    "usage": "",
    "nutrition": [
      {
        "Näringsvärde": "Energi (kcal)",
        "100 Gram": "50 kcal"
      },
      {
        "Näringsvärde": "Energi (kJ)",
        "100 Gram": "190 kJ"
      },
      {
        "Näringsvärde": "Fett",
        "100 Gram": "1.5 g"
      },
      {
        "Näringsvärde": "Varav mättat fett",
        "100 Gram": "1 g"
      },
      {
        "Näringsvärde": "Kolhydrat",
        "100 Gram": "4.6 g"
      },
      {
        "Näringsvärde": "Varav sockerarter",
        "100 Gram": "4.6 g"
      },
      {
        "Näringsvärde": "Protein",
        "100 Gram": "3.4 g"
      },
      {
        "Näringsvärde": "Salt",
        "100 Gram": "0.1 g"
      },
      {
        "Näringsvärde": "Vitamin B12",
        "100 Gram": "0.5 µg",
        "% av DRI(*)": "20"
      },
      {
        "Näringsvärde": "Vitamin D",
        "100 Gram": "1 µg",
        "% av DRI(*)": "20"
      },
      {
        "Näringsvärde": "Riboflavin",
        "100 Gram": "0.15 mg",
        "% av DRI(*)": "11"
      },
      {
        "Näringsvärde": "Kalium",
        "100 Gram": "160 mg",
        "% av DRI(*)": "8"
      },
      {
        "Näringsvärde": "Klorid",
        "100 Gram": "95 mg",
        "% av DRI(*)": "12"
      },
      {
        "Näringsvärde": "Kalcium",
        "100 Gram": "120 mg",
        "% av DRI(*)": "15"
      },
      {
        "Näringsvärde": "Fosfor",
        "100 Gram": "95 mg",
        "% av DRI(*)": "14"
      },
      {
        "Näringsvärde": "Molybden",
        "100 Gram": "4.7 µg",
        "% av DRI(*)": "9"
      },
      {
        "Näringsvärde": "Jod",
        "100 Gram": "24 µg",
        "% av DRI(*)": "16"
      }
    ],
    "nutritionUnitText": "Näringsvärde per 100 gram",
    "categories": {
      "mainCategory": "Mejeri & Ost",
      "subCategories": [
        {
          "name": "Mjölk",
          "subSubCategories": [
            "Mellanmjölk",
            "Mellanmjölk, laktos"
          ]
        }
      ]
    }
  },
  {
    "name": "Mellangrädde 27% 2,5dl ICA",
    "weightText": "0.25 l",
    "caPart": "",
    "weightValue": 0.25,
    "weightUnit": "l",
    "comparePrice": "59,80 kr/l",
    "currentPrice": 14.95,
    "attributes": [
      "Ursprungsland Sverige",
      "Mjölk från Sverige"
    ],
    "imgUrl": "https://handlaprivatkund.ica.se/images-v3/bf7a00ca-390e-4769-865f-dc369586872e/740526f4-7301-4a75-8004-4030ad97d9b2/500x500.jpg",
    "productInformation": "En mellangrädde med 27% fetthalt. Fungerar i både matlagning och till dessert.",
    "countryText": "Sverige",
    "companyText": "ICA",
    "ingrediensText": "Högpastöriserad GRÄDDE*, MJÖLKPROTEIN, stabiliseringsmedel (E407). *Ursprung Sverige.",
    "storage": "Kylvara. Förvaras vid högst +8℃.",
    "allergens": "",
    "usage": "",
    "nutrition": [
      {
        "Näringsvärde": "Energi (kcal)",
        "100 Gram": "267 kcal"
      },
      {
        "Näringsvärde": "Energi (kJ)",
        "100 Gram": "1101 kJ"
      },
      {
        "Näringsvärde": "Fett",
        "100 Gram": "27 g"
      },
      {
        "Näringsvärde": "Varav mättat fett",
        "100 Gram": "17 g"
      },
      {
        "Näringsvärde": "Kolhydrat",
        "100 Gram": "3.4 g"
      },
      {
        "Näringsvärde": "Varav sockerarter",
        "100 Gram": "3.4 g"
      },
      {
        "Näringsvärde": "Protein",
        "100 Gram": "2.6 g"
      },
      {
        "Näringsvärde": "Salt",
        "100 Gram": "0.07 g"
      },
      {
        "Näringsvärde": "Vitamin A",
        "100 Gram": "245 µg"
      },
      {
        "Näringsvärde": "Vitamin B12",
        "100 Gram": "0.3 µg"
      }
    ],
    "nutritionUnitText": "Näringsvärde per 100 gram",
    "categories": {
      "mainCategory": "Mejeri & Ost",
      "subCategories": [
        {
          "name": "Grädde",
          "subSubCategories": [
            "Mellangrädde"
          ]
        }
      ]
    }
  },
  {
    "name": "Juice Äpple utan fruktkött 1.75l ICA",
    "weightText": "1.75 l",
    "caPart": "",
    "weightValue": 1.75,
    "weightUnit": "l",
    "comparePrice": "17,69 kr/l",
    "currentPrice": 30.95,
    "attributes": [],
    "imgUrl": "https://handlaprivatkund.ica.se/images-v3/bf7a00ca-390e-4769-865f-dc369586872e/6bc1342e-e109-4b42-a962-9425d086b74b/500x500.jpg",
    "productInformation": "ICAs kylda äppeljuice från koncentrat, utan fruktkött. En självklarhet på ditt frukostbord, men passar minst lika bra som måltidsdryck. \n \n ”Rynkeby confirm, that ourproducts are free from GMO, as defined in EU Regulation 1829/2003 and 1830/2003”.",
    "countryText": "",
    "companyText": "ICA",
    "ingrediensText": "Ingredienser Drickfärdig äppeljuice* från koncentrat av 100% frukt. Motsvarar juice från ca 2 kg äpplen. *Äpplen odlade inom EU/icke-EU.",
    "storage": "Kylvara. Förvaras vid högst +8°C. Lägsta förvaringstemperatur 0°C Högsta förvaringstemperatur 8°C",
    "allergens": "",
    "usage": "",
    "nutrition": [
      {
        "Näringsvärde": "Energi (kcal)",
        "100 Milliliter": "43 kcal"
      },
      {
        "Näringsvärde": "Energi (kJ)",
        "100 Milliliter": "183 kJ"
      },
      {
        "Näringsvärde": "Fett",
        "100 Milliliter": "0 g"
      },
      {
        "Näringsvärde": "Varav mättat fett",
        "100 Milliliter": "0 g"
      },
      {
        "Näringsvärde": "Kolhydrat",
        "100 Milliliter": "10 g"
      },
      {
        "Näringsvärde": "Varav sockerarter",
        "100 Milliliter": "9.7 g"
      },
      {
        "Näringsvärde": "Protein",
        "100 Milliliter": "0 g"
      },
      {
        "Näringsvärde": "Salt",
        "100 Milliliter": "0 g"
      }
    ],
    "nutritionUnitText": "Näringsvärde per 100 milliliter",
    "categories": {
      "mainCategory": "Mejeri & Ost",
      "subCategories": [
        {
          "name": "Juice & Fruktdryck",
          "subSubCategories": [
            "Äppeljuice"
          ]
        }
      ]
    }
  },
  {
    "name": "Ägg Frigående L 20-p Stjärnägg",
    "weightText": "",
    "caPart": "",
    "weightValue": 0,
    "weightUnit": "",
    "comparePrice": "20 per frp 2,90 kr/st",
    "currentPrice": 57.95,
    "attributes": [
      "Från Sverige"
    ],
    "imgUrl": "https://handlaprivatkund.ica.se/images-v3/bf7a00ca-390e-4769-865f-dc369586872e/5fb15c66-a7cb-4f6f-9bf9-6a499c37cd62/500x500.jpg",
    "productInformation": "",
    "countryText": "",
    "companyText": "Stjärnägg",
    "ingrediensText": "ÄGG",
    "storage": "Lägsta förvaringstemperatur 4°C Högsta förvaringstemperatur 15°C",
    "allergens": "Innehåller Ägg",
    "usage": "",
    "nutrition": [
      {
        "Näringsvärde": "Energi (kcal)",
        "100 Gram": "140 kcal"
      },
      {
        "Näringsvärde": "Energi (kJ)",
        "100 Gram": "600 kJ"
      },
      {
        "Näringsvärde": "Fett",
        "100 Gram": "9.7 g"
      },
      {
        "Näringsvärde": "Varav mättat fett",
        "100 Gram": "2.6 g"
      },
      {
        "Näringsvärde": "Kolhydrat",
        "100 Gram": "0 g"
      },
      {
        "Näringsvärde": "Varav sockerarter",
        "100 Gram": "0 g"
      },
      {
        "Näringsvärde": "Protein",
        "100 Gram": "12 g"
      },
      {
        "Näringsvärde": "Salt",
        "100 Gram": "0.4 g"
      }
    ],
    "nutritionUnitText": "",
    "categories": {
      "mainCategory": "Mejeri & Ost",
      "subCategories": [
        {
          "name": "Ägg & Jäst",
          "subSubCategories": [
            "Ägg"
          ]
        }
      ]
    }
  },
  {
    "name": "Proteinmousse Choklad 1,8% Laktosfri 150g Valio PROfeel®",
    "weightText": "0.15 kg",
    "caPart": "",
    "weightValue": 0.15,
    "weightUnit": "kg",
    "comparePrice": "126,33 kr/kg",
    "currentPrice": 18.95,
    "attributes": [
      "Rainforest Alliance certifierad",
      "Laktosfritt"
    ],
    "imgUrl": "https://handlaprivatkund.ica.se/images-v3/bf7a00ca-390e-4769-865f-dc369586872e/63805ff5-7db6-4d3f-801e-3cc7335051a0/500x500.jpg",
    "productInformation": "Valio PROfeel® proteinmousse choklad är ett gott och krämigt mellanmål med hela 18g protein/fpkn. Produkten är laktosfri och utan tillsatt socker.",
    "countryText": "",
    "companyText": "PROfeel",
    "ingrediensText": "MJÖLK, MJÖLKPROTEIN, fettreducerad kakao** 2,7 %, choklad** 0,8 %, stärkelse, gelatin, förtjockningsmedel (guarkärnmjöl, karragenan), sötningsmedel (acesulfam K, sukralos), aromer, salt, laktasenzym. Vispad med kväve. **Rainforest Alliance-certifierad kakao.",
    "storage": "Förvaras vid högst +8°C. Öppnad förpackning är hållbar 4-5 dagar i kylskåp.",
    "allergens": "",
    "usage": "",
    "nutrition": [
      {
        "Näringsvärde": "Energi (kcal)",
        "100 Gram": "89 kcal"
      },
      {
        "Näringsvärde": "Energi (kJ)",
        "100 Gram": "376 kJ"
      },
      {
        "Näringsvärde": "Fett",
        "100 Gram": "1.8 g"
      },
      {
        "Näringsvärde": "Varav mättat fett",
        "100 Gram": "1 g"
      },
      {
        "Näringsvärde": "Kolhydrat",
        "100 Gram": "5.7 g"
      },
      {
        "Näringsvärde": "Varav sockerarter",
        "100 Gram": "4.9 g"
      },
      {
        "Näringsvärde": "Protein",
        "100 Gram": "12 g"
      },
      {
        "Näringsvärde": "Salt",
        "100 Gram": "0.3 g"
      },
      {
        "Näringsvärde": "Kalcium",
        "100 Gram": "300 mg",
        "% av DRI(*)": "37"
      }
    ],
    "nutritionUnitText": "Näringsvärde per 100 gram",
    "categories": {
      "mainCategory": "Mejeri & Ost",
      "subCategories": [
        {
          "name": "Kylda mellanmål & desserter",
          "subSubCategories": [
            "Proteinmål",
            "Proteinmål, laktosfri"
          ]
        }
      ]
    }
  },
  {
    "name": "Äpplejuice 1l Bravo",
    "weightText": "1 l",
    "caPart": "",
    "weightValue": 1,
    "weightUnit": "l",
    "comparePrice": "27,95 kr/l",
    "currentPrice": 27.95,
    "attributes": [],
    "imgUrl": "https://handlaprivatkund.ica.se/images-v3/bf7a00ca-390e-4769-865f-dc369586872e/76b32515-b670-4a4b-8601-4126168aaee3/500x500.jpg",
    "productInformation": "Information från leverantör \n Njut av Bravo äpplejuice! Bravo är juice så som juice ska vara, 100 % naturlig, utan tillsatt socker eller andra tillsatser. Bravo är dessutom Sveriges största juice, vilket naturligtvis har med den goda smaken att göra.",
    "countryText": "",
    "companyText": "Bravo",
    "ingrediensText": "Äpplejuice. Juicen från koncentrat. 1 liter motsvarar juice från ca 1,5 kg äpple.",
    "storage": "Lägsta förvaringstemperatur 2°C Högsta förvaringstemperatur 8°C",
    "allergens": "",
    "usage": "",
    "nutrition": [
      {
        "Näringsvärde": "Energi (kcal)",
        "100 Gram": "45 kcal"
      },
      {
        "Näringsvärde": "Energi (kJ)",
        "100 Gram": "180 kJ"
      },
      {
        "Näringsvärde": "Fett",
        "100 Gram": "0 g"
      },
      {
        "Näringsvärde": "Varav mättat fett",
        "100 Gram": "0 g"
      },
      {
        "Näringsvärde": "Kolhydrat",
        "100 Gram": "9.5 g"
      },
      {
        "Näringsvärde": "Varav sockerarter",
        "100 Gram": "9.5 g"
      },
      {
        "Näringsvärde": "Fiber",
        "100 Gram": "0.2 g"
      },
      {
        "Näringsvärde": "Protein",
        "100 Gram": "0 g"
      },
      {
        "Näringsvärde": "Salt",
        "100 Gram": "0 g"
      }
    ],
    "nutritionUnitText": "Näringsvärde per 100 gram",
    "categories": {
      "mainCategory": "Mejeri & Ost",
      "subCategories": [
        {
          "name": "Juice & Fruktdryck",
          "subSubCategories": [
            "Äppeljuice"
          ]
        }
      ]
    }
  },
  {
    "name": "iMat Fraiche Original 15% 200ml Oatly",
    "weightText": "0.2 l",
    "caPart": "",
    "weightValue": 0.2,
    "weightUnit": "l",
    "comparePrice": "87,50 kr/l",
    "currentPrice": 17.5,
    "attributes": [],
    "imgUrl": "https://handlaprivatkund.ica.se/images-v3/bf7a00ca-390e-4769-865f-dc369586872e/37068ff3-6e8b-4375-8535-18c55a981db8/500x500.jpg",
    "productInformation": "iMat fraiche är gjord på svensk havre och tillverkas i Landskrona. Det är en krämig fraiche berikad med mineraler och kalcium med en 15% fetthalt från vegitabiliska oljor och havre. Kan används precis som en fraiche, både varm och kall. Kommer i en smidig 200ml-förpackning.",
    "countryText": "",
    "companyText": "Oatly",
    "ingrediensText": "Ingredienser: Vatten/vann, HAVRE 10 %, fullhärdade/fullherdet vegetabiliska oljor (kokos,raps), rapsolja, stärkelse/stivelse, potatisprotein/potetprotein, mineraler (kalciumkarbonat, kalciumfosfat), stabiliseringsmedel/stabilisator(pektin), syror (äppelsyra/eplesyre, mjölksyra/melkesyre).",
    "storage": "Produkten är en kylvara. Förvaras vid max +8 grader. Öppnad förpackning hållbar minst 5 dagar.",
    "allergens": "",
    "usage": "",
    "nutrition": [
      {
        "Näringsvärde": "Energi (kcal)",
        "100 Gram": "186 kcal"
      },
      {
        "Näringsvärde": "Energi (kJ)",
        "100 Gram": "773 kJ"
      },
      {
        "Näringsvärde": "Fett",
        "100 Gram": "15 g"
      },
      {
        "Näringsvärde": "Varav mättat fett",
        "100 Gram": "5.9 g"
      },
      {
        "Näringsvärde": "Kolhydrat",
        "100 Gram": "9.5 g"
      },
      {
        "Näringsvärde": "Varav sockerarter",
        "100 Gram": "3.3 g"
      },
      {
        "Näringsvärde": "Fiber",
        "100 Gram": "0.9 g"
      },
      {
        "Näringsvärde": "Protein",
        "100 Gram": "2 g"
      },
      {
        "Näringsvärde": "Salt",
        "100 Gram": "0.01 g"
      },
      {
        "Näringsvärde": "Kalcium",
        "100 Gram": "120 mg",
        "% av DRI(*)": "15"
      }
    ],
    "nutritionUnitText": "Näringsvärde per 100 gram",
    "categories": {
      "mainCategory": "Mejeri & Ost",
      "subCategories": [
        {
          "name": "Crème fraiche",
          "subSubCategories": [
            "Mjölkfri fraiche"
          ]
        }
      ]
    }
  },
  {
    "name": "Kvarg Mild Hallon 0,2% Laktosfri 1000g Arla®",
    "weightText": "1 kg",
    "caPart": "",
    "weightValue": 1,
    "weightUnit": "kg",
    "comparePrice": "45,95 kr/kg",
    "currentPrice": 45.95,
    "attributes": [
      "Laktosfritt"
    ],
    "imgUrl": "https://handlaprivatkund.ica.se/images-v3/bf7a00ca-390e-4769-865f-dc369586872e/3d54bbd4-919d-4da9-8a17-b1baf722b772/500x500.jpg",
    "productInformation": "Mild och krämig laktosfri kvarg med hallon. Arla® mild kvarg hallon har inget tillsatt socker och ett naturligt högt innehåll av protein – ett utmärkt val för dig med en aktiv livsstil. Kvarg hallon är ett gott mellanmål, perfekt i samband med träning, en god start på dagen och ett hälsosamt val. Njut av Arla® smaksatt kvarg som den är eller med nötter, frukt eller färska bär. All kvarg från Arla® är laktosfri. 1 000 g.",
    "countryText": "",
    "companyText": "Arla",
    "ingrediensText": "MJÖLK, vatten, hallon 4,5%, cikoriarotfiber (inulin), majsstärkelse, förtjockningsmedel (citruspektin), naturlig arom, sötningsmedel (aspartam**), mjölksyrakultur, laktasenzym. Mjölken är högpastöriserad. **Innehåller en fenylalaninkälla.",
    "storage": "",
    "allergens": "",
    "usage": "",
    "nutrition": [
      {
        "Näringsvärde": "Energi (kcal)",
        "100 Gram": "60 kcal"
      },
      {
        "Näringsvärde": "Energi (kJ)",
        "100 Gram": "260 kJ"
      },
      {
        "Näringsvärde": "Fett",
        "100 Gram": "0.2 g"
      },
      {
        "Näringsvärde": "Varav mättat fett",
        "100 Gram": "0.1 g"
      },
      {
        "Näringsvärde": "Kolhydrat",
        "100 Gram": "4.4 g"
      },
      {
        "Näringsvärde": "Varav sockerarter",
        "100 Gram": "3.8 g"
      },
      {
        "Näringsvärde": "Protein",
        "100 Gram": "9.5 g"
      },
      {
        "Näringsvärde": "Salt",
        "100 Gram": "0.1 g"
      }
    ],
    "nutritionUnitText": "Näringsvärde per 100 gram",
    "categories": {
      "mainCategory": "Mejeri & Ost",
      "subCategories": [
        {
          "name": "Kvarg",
          "subSubCategories": [
            "Laktosfri kvarg"
          ]
        }
      ]
    }
  },
  {
    "name": "Grekisk yoghurt 10% 1000g Arla Köket®",
    "weightText": "1 kg",
    "caPart": "",
    "weightValue": 1,
    "weightUnit": "kg",
    "comparePrice": "41,95 kr/kg",
    "currentPrice": 41.95,
    "attributes": [
      "Ursprungsland Sverige"
    ],
    "imgUrl": "https://handlaprivatkund.ica.se/images-v3/bf7a00ca-390e-4769-865f-dc369586872e/9cf4c387-7bfe-4799-b35f-333ed8d68869/500x500.jpg",
    "productInformation": "Arla Köket® Grekisk yoghurt 10% är en matyoghurt av grekisk karaktär som har en len, mild och gräddig smak och tjock krämig konsistens. Den passar perfekt i fräscha efterrätter och att äta som den är till frukt och bär eller med honung och nötter som en enkel dessert. Den fungerar även som matlagningsyoghurt i kalla röror och såser, gärna i kombination med någon syrlig smaksättning som lime eller citron. Symbolen med den blågula gräddkannan garanterar 100 procent svensk grädde.",
    "countryText": "Sverige",
    "companyText": "Arla Köket",
    "ingrediensText": "Pastöriserad MJÖLK och GRÄDDE, MJÖLKPROTEIN, yoghurtkultur.",
    "storage": "",
    "allergens": "Innehåller Mjölk",
    "usage": "",
    "nutrition": [
      {
        "Näringsvärde": "Energi (kcal)",
        "100 Gram": "120 kcal"
      },
      {
        "Näringsvärde": "Energi (kJ)",
        "100 Gram": "500 kJ"
      },
      {
        "Näringsvärde": "Fett",
        "100 Gram": "10 g"
      },
      {
        "Näringsvärde": "Varav mättat fett",
        "100 Gram": "6.4 g"
      },
      {
        "Näringsvärde": "Kolhydrat",
        "100 Gram": "3.5 g"
      },
      {
        "Näringsvärde": "Varav sockerarter",
        "100 Gram": "3.5 g"
      },
      {
        "Näringsvärde": "Protein",
        "100 Gram": "4.2 g"
      },
      {
        "Näringsvärde": "Salt",
        "100 Gram": "0.1 g"
      }
    ],
    "nutritionUnitText": "Näringsvärde per 100 gram",
    "categories": {
      "mainCategory": "Mejeri & Ost",
      "subCategories": [
        {
          "name": "Yoghurt",
          "subSubCategories": [
            "Matlagningsyoghurt",
            "Grekisk yoghurt"
          ]
        }
      ]
    }
  },
  {
    "name": "Pärondryck Drickfärdig 1,5l Kiviks",
    "weightText": "1.5 l",
    "caPart": "",
    "weightValue": 1.5,
    "weightUnit": "l",
    "comparePrice": "12,33 kr/l",
    "currentPrice": 18.5,
    "attributes": [],
    "imgUrl": "https://handlaprivatkund.ica.se/images-v3/bf7a00ca-390e-4769-865f-dc369586872e/b2151a51-0030-4754-9430-215f3ff22613/500x500.jpg",
    "productInformation": "Hela familjens favorit! Mild pärondryck med sval smak av sensommar. Pärondrycken finns även i en 25 cl förpackning som är lätt att ta med på utflykten. Drycken innehåller: 14% frukt och 7,5% tillsatt socker.",
    "countryText": "",
    "companyText": "Kiviks Musteri",
    "ingrediensText": "INGREDIENSER: Vatten, päronjuice/pærejuice 14 %, socker, syra (citronsyra), päronarom/pærearoma. Juice från koncentrat. Innehåller: 14 % frukt och 7 % tillsatt socker.",
    "storage": "Hållbarhet:Oöppnad förpackning kan förvaras i rumstemperatur. Öppnad förpackning förvarad vid högst +8 °C är hållbar 4-5 dagar. Lägsta förvaringstemperatur 0°C Högsta förvaringstemperatur 25°C",
    "allergens": "",
    "usage": "",
    "nutrition": [
      {
        "Näringsvärde": "Energi (kcal)",
        "100 Milliliter": "35 kcal"
      },
      {
        "Näringsvärde": "Energi (kJ)",
        "100 Milliliter": "150 kJ"
      },
      {
        "Näringsvärde": "Fett",
        "100 Milliliter": "0 g"
      },
      {
        "Näringsvärde": "Varav mättat fett",
        "100 Milliliter": "0 g"
      },
      {
        "Näringsvärde": "Kolhydrat",
        "100 Milliliter": "8.4 g"
      },
      {
        "Näringsvärde": "Varav sockerarter",
        "100 Milliliter": "8.4 g"
      },
      {
        "Näringsvärde": "Protein",
        "100 Milliliter": "0 g"
      },
      {
        "Näringsvärde": "Salt",
        "100 Milliliter": "0 g"
      }
    ],
    "nutritionUnitText": "Näringsvärde per 100 milliliter",
    "categories": {
      "mainCategory": "Mejeri & Ost",
      "subCategories": [
        {
          "name": "Juice & Fruktdryck",
          "subSubCategories": [
            "Måltidsdryck",
            "Måltidsdryck drickfärdig"
          ]
        }
      ]
    }
  },
  {
    "name": "Burrata 100g Zeta",
    "weightText": "0.1 kg",
    "caPart": "",
    "weightValue": 0.1,
    "weightUnit": "kg",
    "comparePrice": "359,50 kr/kg",
    "currentPrice": 35.95,
    "attributes": [],
    "imgUrl": "https://handlaprivatkund.ica.se/images-v3/bf7a00ca-390e-4769-865f-dc369586872e/0766f827-7334-4153-a712-b1ed43af4ad1/500x500.jpg",
    "productInformation": "Zeta Burrata är en mozzarella med krämig, gräddig fyllning och är en delikatess från Apulien i södra Italien. Perfekt att toppa kötträtten, pizzan eller pastan.",
    "countryText": "",
    "companyText": "Zeta",
    "ingrediensText": "Ingredienser: Ost: Pastöriserad KOMJÖLK, högpastöriserad GRÄDDE, salt, löpe, surhetsreglerande medel E270, konserveringsmedel E202. Lag: vatten, salt.",
    "storage": "",
    "allergens": "",
    "usage": "",
    "nutrition": [
      {
        "Näringsvärde": "Energi (kcal)",
        "100 Gram": "232 kcal"
      },
      {
        "Näringsvärde": "Energi (kJ)",
        "100 Gram": "959 kJ"
      },
      {
        "Näringsvärde": "Fett",
        "100 Gram": "21 g"
      },
      {
        "Näringsvärde": "Varav mättat fett",
        "100 Gram": "12 g"
      },
      {
        "Näringsvärde": "Kolhydrat",
        "100 Gram": "1.3 g"
      },
      {
        "Näringsvärde": "Varav sockerarter",
        "100 Gram": "1.3 g"
      },
      {
        "Näringsvärde": "Protein",
        "100 Gram": "11 g"
      },
      {
        "Näringsvärde": "Salt",
        "100 Gram": "0.54 g"
      }
    ],
    "nutritionUnitText": "Näringsvärde per 100 gram",
    "categories": {
      "mainCategory": "Mejeri & Ost",
      "subCategories": [
        {
          "name": "Ost",
          "subSubCategories": [
            "Matlagningsost",
            "Mozzarella"
          ]
        }
      ]
    }
  }
]