[
  {
    "name": "Räkor handskalade i lake 280g ICA",
    "weightText": "0.28 kg",
    "caPart": "",
    "weightValue": 0.28,
    "weightUnit": "kg",
    "comparePrice": "246,43 kr/kg u. spad",
    "currentPrice": 69,
    "attributes": [
      "MSC-märkt"
    ],
    "imgUrl": "https://handlaprivatkund.ica.se/images-v3/bf7a00ca-390e-4769-865f-dc369586872e/3e6fc040-e9f1-4c42-a207-16c63a305bac/500x500.jpg",
    "productInformation": "Handskalade räkor perfekta till sallad, räkmacka, pastarätter eller bara ätas som de är!",
    "countryText": "",
    "companyText": "ICA",
    "ingrediensText": "INGREDIENSER: RÄKOR* (Pandalus borealis), vatten, salt, surhetsreglerande medel (E330), socker, konserveringsmedel (E211, E202). *Räkor fångade med trålar i Nordvästatlanten FAO 21 och Nordostatlanten FAO 27",
    "storage": "Lägsta förvaringstemperatur 0°C Högsta förvaringstemperatur 4°C",
    "allergens": "",
    "usage": "",
    "nutrition": [
      {
        "Näringsvärde": "Energi (kcal)",
        "100 Gram": "75 kcal"
      },
      {
        "Näringsvärde": "Energi (kJ)",
        "100 Gram": "320 kJ"
      },
      {
        "Näringsvärde": "Fett",
        "100 Gram": "0.8 g"
      },
      {
        "Näringsvärde": "Varav mättat fett",
        "100 Gram": "0.5 g"
      },
      {
        "Näringsvärde": "Kolhydrat",
        "100 Gram": "1 g"
      },
      {
        "Näringsvärde": "Varav sockerarter",
        "100 Gram": "1 g"
      },
      {
        "Näringsvärde": "Protein",
        "100 Gram": "16 g"
      },
      {
        "Näringsvärde": "Salt",
        "100 Gram": "2.5 g"
      }
    ],
    "nutritionUnitText": "Näringsvärde per 100 gram",
    "categories": {
      "mainCategory": "Jul",
      "subCategories": [
        {
          "name": "Julmat",
          "subSubCategories": [
            "Ägg, Räkor & Majonnäs"
          ]
        }
      ]
    }
  },
  {
    "name": "Sprödpanerad torskfilé 4-p Fryst 360g ICA",
    "weightText": "0.36 kg",
    "caPart": "",
    "weightValue": 0.36,
    "weightUnit": "kg",
    "comparePrice": "138,75 kr/kg",
    "currentPrice": 49.95,
    "attributes": [
      "MSC-märkt"
    ],
    "imgUrl": "https://handlaprivatkund.ica.se/images-v3/bf7a00ca-390e-4769-865f-dc369586872e/f9bfd5b6-49a3-48a7-a495-f2b2560cb57a/500x500.jpg",
    "productInformation": "ICA Sprödpanerad Torskfilé är skurna filéer av torsk som vi har panerats i ströbröd. Allt du behöver göra är att steka upp dem. Passar ypperligt med kokt potatis eller ett härligt mos.",
    "countryText": "",
    "companyText": "ICA",
    "ingrediensText": "Renskurna filéer av TORSK* (Gadus morhua) 56%, ströbröd (VETEMJÖL, salt, druvsocker, jäst), vatten, rapsolja, VETEMJÖL, salt, citronjuicepulver, lök, socker, vitpeppar. *Fiskad med lina, snurrevad eller trål. Fångstzon Nordostatlanten FAO27. Enstaka ben kan förekomma.",
    "storage": "Lägsta förvaringstemperatur -25°C Högsta förvaringstemperatur -18°C",
    "allergens": "Innehåller Fisk Innehåller Spannmål som innehåller gluten",
    "usage": "",
    "nutrition": [
      {
        "Näringsvärde": "Energi (kcal)",
        "100 Gram": "219 kcal"
      },
      {
        "Näringsvärde": "Energi (kJ)",
        "100 Gram": "920 kJ"
      },
      {
        "Näringsvärde": "Fett",
        "100 Gram": "10 g"
      },
      {
        "Näringsvärde": "Varav mättat fett",
        "100 Gram": "0.8 g"
      },
      {
        "Näringsvärde": "Kolhydrat",
        "100 Gram": "19 g"
      },
      {
        "Näringsvärde": "Varav sockerarter",
        "100 Gram": "0.9 g"
      },
      {
        "Näringsvärde": "Fiber",
        "100 Gram": "0.7 g"
      },
      {
        "Näringsvärde": "Protein",
        "100 Gram": "13 g"
      },
      {
        "Näringsvärde": "Salt",
        "100 Gram": "0.76 g"
      }
    ],
    "nutritionUnitText": "Näringsvärde per 100 gram",
    "categories": {
      "mainCategory": "Fisk & Skaldjur",
      "subCategories": [
        {
          "name": "Färdiga fiskrätter",
          "subSubCategories": [
            "Fiskpinnar & Panerad fisk",
            "Panerad fisk"
          ]
        }
      ]
    }
  },
  {
    "name": "Torsk & laxtärningar Fryst 300g ICA",
    "weightText": "0.3 kg",
    "caPart": "",
    "weightValue": 0.3,
    "weightUnit": "kg",
    "comparePrice": "273,17 kr/kg",
    "currentPrice": 81.95,
    "attributes": [
      "Nyckelhålet"
    ],
    "imgUrl": "https://handlaprivatkund.ica.se/images-v3/bf7a00ca-390e-4769-865f-dc369586872e/039c91e8-3f12-47f4-8197-6270c42ab1ab/500x500.jpg",
    "productInformation": "ICA Torsk & Laxtärningar är frysta bitar som gör det enkelt att laga en snabb middag. De här bitarna passar perfekt både till grytor och soppor, men kan också användas i pastasås eller till nudlar. Eller varför inte en fisktaco! Förpackningen kan du dessutom återförsatta om du inte använder alltihop på en gång!",
    "countryText": "",
    "companyText": "ICA",
    "ingrediensText": "Tärningar av torskfilé* (Gadus morhua) 60%, och laxfilé** (Salmo salar) 40%. *Fångad i Nordostatlanten, fångstzon 27. Beroende på råvarutillgång varierar fångstområden och fångtmetoder för fisken. Dessa anges i ett kodsystem: A=Barents hav B=Norska havet 1=Fångad med trålar 2=Fångad med krokar och linor 3=Fångad med nät/garn 4=Fångad med notar. För aktuell information, se kod vid bäst före datum. Enstaka ben kan förekomma. **Odlad i Norge.",
    "storage": "",
    "allergens": "",
    "usage": "",
    "nutrition": [
      {
        "Näringsvärde": "Energi (kcal)",
        "100 Gram": "460 kcal"
      },
      {
        "Näringsvärde": "Energi (kJ)",
        "100 Gram": "110 kJ"
      },
      {
        "Näringsvärde": "Fett",
        "100 Gram": "10 g"
      },
      {
        "Näringsvärde": "Varav mättat fett",
        "100 Gram": "2 g"
      },
      {
        "Näringsvärde": "Kolhydrat",
        "100 Gram": "0 g"
      },
      {
        "Näringsvärde": "Varav sockerarter",
        "100 Gram": "0 g"
      },
      {
        "Näringsvärde": "Protein",
        "100 Gram": "18 g"
      },
      {
        "Näringsvärde": "Salt",
        "100 Gram": "0.17 g"
      }
    ],
    "nutritionUnitText": "Näringsvärde per 100 gram",
    "categories": {
      "mainCategory": "Fryst",
      "subCategories": [
        {
          "name": "Fryst fisk & Skaldjur",
          "subSubCategories": [
            "Fryst torsk & vitfisk"
          ]
        }
      ]
    }
  },
  {
    "name": "Laxfilé Fryst 4-p 500g Pacific brand",
    "weightText": "0.5 kg",
    "caPart": "",
    "weightValue": 0.5,
    "weightUnit": "kg",
    "comparePrice": "179,90 kr/kg",
    "currentPrice": 89.95,
    "attributes": [
      "Nyckelhålet"
    ],
    "imgUrl": "https://handlaprivatkund.ica.se/images-v3/bf7a00ca-390e-4769-865f-dc369586872e/c9e5c380-b80b-436f-b2f6-a224a3365e48/500x500.jpg",
    "productInformation": "Pacific Laxfilé är frysta filéer som är bra att ha i frysen för att snabbt plocka fram till en god middag. Filéerna varierer lite i stolek men är en perfekt start på en god middag.",
    "countryText": "",
    "companyText": "Pacific brand",
    "ingrediensText": "LAXFILÉ* (Salmo salar) utan skinn. *Odlad i Norge. Enstaka ben kan förekomma.",
    "storage": "Lägsta förvaringstemperatur -25°C Högsta förvaringstemperatur -18°C",
    "allergens": "Innehåller Fisk",
    "usage": "",
    "nutrition": [
      {
        "Näringsvärde": "Energi (kcal)",
        "100 Gram": "180 kcal"
      },
      {
        "Näringsvärde": "Energi (kJ)",
        "100 Gram": "750 kJ"
      },
      {
        "Näringsvärde": "Fett",
        "100 Gram": "12 g"
      },
      {
        "Näringsvärde": "Varav mättat fett",
        "100 Gram": "2.6 g"
      },
      {
        "Näringsvärde": "Kolhydrat",
        "100 Gram": "0 g"
      },
      {
        "Näringsvärde": "Varav sockerarter",
        "100 Gram": "0 g"
      },
      {
        "Näringsvärde": "Protein",
        "100 Gram": "18 g"
      }
    ],
    "nutritionUnitText": "Näringsvärde per 100 gram",
    "categories": {
      "mainCategory": "Fryst",
      "subCategories": [
        {
          "name": "Fryst fisk & Skaldjur",
          "subSubCategories": [
            "Fryst lax"
          ]
        }
      ]
    }
  },
  {
    "name": "Kaviar original 300g Kalles",
    "weightText": "0.3 kg",
    "caPart": "",
    "weightValue": 0.3,
    "weightUnit": "kg",
    "comparePrice": "115,00 kr/kg",
    "currentPrice": 34.5,
    "attributes": [
      "MSC-märkt"
    ],
    "imgUrl": "https://handlaprivatkund.ica.se/images-v3/bf7a00ca-390e-4769-865f-dc369586872e/99a306dc-c970-4e99-b183-c8e0d97bea24/500x500.jpg",
    "productInformation": "Kalles Original 300g är en stor tub för dig som verkligen älskar Kalles. Kaviaren är gjord på mildrökt rom och passar utmärkt som pålägg på frukostmackan, mellanmålet eller till kokta ägg! Kalles kaviar har varit hela Sveriges oersättliga favorit på frukostbordet sedan 1954. Kalles kaviar görs av utvald rom från torsk & sej som fiskas framför allt i Nordnorge (Norska Havet & Barents hav). Kalles kaviar tillverkas i Sverige, i den idylliska fiskorten Kungshamn på västkusten. Vill du ta del av Kalles värld eller inspireras av riktigt smarriga kaviarmackor - besök kalles.se.",
    "countryText": "",
    "companyText": "Kalles",
    "ingrediensText": "Rökt sockersaltad rom från TORSKFISKAR (52%), rapsolja, socker, potatisflingor, tomatpuré, salt, konserveringsmedel (kaliumsorbat), antioxidationsmedel (askorbinsyra)",
    "storage": "I kylskåp 2-8 °C",
    "allergens": "",
    "usage": "",
    "nutrition": [
      {
        "Näringsvärde": "Energi (kcal)",
        "100 Gram": "401 kcal"
      },
      {
        "Näringsvärde": "Energi (kJ)",
        "100 Gram": "1679 kJ"
      },
      {
        "Näringsvärde": "Fett",
        "100 Gram": "34 g"
      },
      {
        "Näringsvärde": "Varav mättat fett",
        "100 Gram": "2.5 g"
      },
      {
        "Näringsvärde": "Kolhydrat",
        "100 Gram": "16 g"
      },
      {
        "Näringsvärde": "Varav sockerarter",
        "100 Gram": "12 g"
      },
      {
        "Näringsvärde": "Protein",
        "100 Gram": "8.7 g"
      },
      {
        "Näringsvärde": "Salt",
        "100 Gram": "6.3 g"
      }
    ],
    "nutritionUnitText": "Näringsvärde per 100 gram",
    "categories": {
      "mainCategory": "Fisk & Skaldjur",
      "subCategories": [
        {
          "name": "Kaviar & Rom",
          "subSubCategories": [
            "Kaviar"
          ]
        }
      ]
    }
  },
  {
    "name": "Fish & crisp gourmetfiléer 480g Findus",
    "weightText": "0.48 kg",
    "caPart": "",
    "weightValue": 0.48,
    "weightUnit": "kg",
    "comparePrice": "122,81 kr/kg",
    "currentPrice": 58.95,
    "attributes": [
      "MSC-märkt"
    ],
    "imgUrl": "https://handlaprivatkund.ica.se/images-v3/bf7a00ca-390e-4769-865f-dc369586872e/99cc60d8-ee48-4bfc-b816-d5f355658040/500x500.jpg",
    "productInformation": "Information från leverantör \n KLASSIKER FRÅN ENGLAND. Findus Fish & Crisp gourmetfiléer har en extra krispig och unik panering, som är typisk för den oemotståndligt goda brittiska klassikern Fish'n chips. Vi har fiskat ansvarsfullt, fryst fisken snabbt och sedan panerat den gyllene och frasig. Smaklig måltid!",
    "countryText": "",
    "companyText": "Findus",
    "ingrediensText": "Filéer av Alaska pollock* (FISK) 56 % (Theragra chalcogramma), berikat VETEMJÖL (VETEMJÖL, mineraler [kalcium, järn], vitaminer [niacin, tiamin]), vatten, rapsolja, VETESTÄRKELSE, bakpulver (E450, E500), salt, rismjöl, majsmjöl, druvsocker, SENAP, vitlökspulver, VETEGLUTEN, naturliga aromer (med SENAP), paprika, kryddextrakt, karamelliserat socker. Kan innehålla spår av MJÖLK. *Fiskad i nordöstra eller nordvästra Stillahavet.",
    "storage": "FÖRVARING OCH MINSTA HÅLLBARHET: I frysutrymme (-18ºC eller kallare), se datummärkning. Bör alltid förvaras fryst. Bör ej frysas efter upptining. Lägsta förvaringstemperatur -25°C Högsta förvaringstemperatur -18°C",
    "allergens": "Innehåller Spannmål som innehåller gluten Innehåller Senap Kan innehålla Mjölk Innehåller Fisk",
    "usage": "",
    "nutrition": [
      {
        "Näringsvärde": "Energi (kcal)",
        "100 Gram": "216 kcal"
      },
      {
        "Näringsvärde": "Energi (kJ)",
        "100 Gram": "905 kJ"
      },
      {
        "Näringsvärde": "Fett",
        "100 Gram": "11 g"
      },
      {
        "Näringsvärde": "Varav mättat fett",
        "100 Gram": "0.8 g"
      },
      {
        "Näringsvärde": "Kolhydrat",
        "100 Gram": "17 g"
      },
      {
        "Näringsvärde": "Varav sockerarter",
        "100 Gram": "0.5 g"
      },
      {
        "Näringsvärde": "Fiber",
        "100 Gram": "0.6 g"
      },
      {
        "Näringsvärde": "Protein",
        "100 Gram": "12 g"
      },
      {
        "Näringsvärde": "Salt",
        "100 Gram": "0.73 g"
      }
    ],
    "nutritionUnitText": "Näringsvärde per 100 gram",
    "categories": {
      "mainCategory": "Fisk & Skaldjur",
      "subCategories": [
        {
          "name": "Färdiga fiskrätter",
          "subSubCategories": [
            "Fiskpinnar & Panerad fisk",
            "Panerad fisk"
          ]
        }
      ]
    }
  },
  {
    "name": "Torskryggfilé MSC 420g Findus",
    "weightText": "0.42 kg",
    "caPart": "",
    "weightValue": 0.42,
    "weightUnit": "kg",
    "comparePrice": "316,67 kr/kg",
    "currentPrice": 133,
    "attributes": [
      "Nyckelhålet",
      "MSC-märkt"
    ],
    "imgUrl": "https://handlaprivatkund.ica.se/images-v3/bf7a00ca-390e-4769-865f-dc369586872e/1cec60ab-15db-4de8-89f8-dd032991dd8e/500x500.jpg",
    "productInformation": "Vår finaste torsk! Vi anser att torskryggen är bland det finaste man kan få från havet, vi kallar den därför för havets oxfilé. I paketet hittar du 3 fina portionsbitar av torskryggsfilé färdiga att tillaga och perfekta att grilla. Torskrygg i ugn, stekt torskrygg eller varför inte en härlig fisksoppa.",
    "countryText": "",
    "companyText": "Findus",
    "ingrediensText": "Renskurna filéer av torsk* (Gadus morhua). *Fiskad i Nordostatlanten (Barents hav, Norska havet, Spetsbergen eller Björnön) med trålar, notar eller krokar och linor. Trots stor noggrannhet med att ta bort alla fiskben kan det finnas ben kvar.",
    "storage": "I frysutrymme (-18ºC eller kallare), se datummärkning.Bör alltid förvaras fryst. Bör ej frysas efter upptining. Lägsta förvaringstemperatur -25°C Högsta förvaringstemperatur -18°C",
    "allergens": "Innehåller Fisk",
    "usage": "",
    "nutrition": [
      {
        "Näringsvärde": "Energi (kcal)",
        "100 Gram": "73 kcal"
      },
      {
        "Näringsvärde": "Energi (kJ)",
        "100 Gram": "308 kJ"
      },
      {
        "Näringsvärde": "Fett",
        "100 Gram": "0.5 g"
      },
      {
        "Näringsvärde": "Varav mättat fett",
        "100 Gram": "0.1 g"
      },
      {
        "Näringsvärde": "Kolhydrat",
        "100 Gram": "0 g"
      },
      {
        "Näringsvärde": "Varav sockerarter",
        "100 Gram": "0 g"
      },
      {
        "Näringsvärde": "Fiber",
        "100 Gram": "0 g"
      },
      {
        "Näringsvärde": "Protein",
        "100 Gram": "17 g"
      },
      {
        "Näringsvärde": "Salt",
        "100 Gram": "0.25 g"
      }
    ],
    "nutritionUnitText": "Näringsvärde per 100 gram",
    "categories": {
      "mainCategory": "Fryst",
      "subCategories": [
        {
          "name": "Fryst fisk & Skaldjur",
          "subSubCategories": [
            "Fryst torsk & vitfisk"
          ]
        }
      ]
    }
  },
  {
    "name": "Fiskpinnar 750g Findus",
    "weightText": "0.75 kg",
    "caPart": "",
    "weightValue": 0.75,
    "weightUnit": "kg",
    "comparePrice": "71,93 kr/kg",
    "currentPrice": 53.95,
    "attributes": [
      "Nyckelhålet",
      "MSC-märkt"
    ],
    "imgUrl": "https://handlaprivatkund.ica.se/images-v3/bf7a00ca-390e-4769-865f-dc369586872e/776b2e82-8feb-4efe-a412-f25c14a4f1b6/500x500.jpg",
    "productInformation": "En förpackning med 30st av Findus goda klassiska fiskpinnar. Fiskpinnarna blir snabbt en favorit i hela familjen. De spröda pinnarna är gjorda på MSC-märkt Alaska pollock. Tillagas lätt i antingen ugn eller stekpanna. Med Findus krispiga fiskpinnar får du en god och enkel middag som passar både stora och små.",
    "countryText": "",
    "companyText": "Findus",
    "ingrediensText": "Fiskkött av ALASKA POLLOCK* 61 % (Theragra chalcogramma), VETEMJÖL, rapsolja, vatten, VETESTÄRKELSE, salt, kryddor (paprika, gurkmeja, vitpeppar), jäst, naturlig citronarom. Kan innehålla spår av MJÖLK. *Fiskad i nordöstra eller nordvästra Stilla havet. Trots stor noggrannhet med att ta bort alla fiskben kan det finnas ben kvar.",
    "storage": "FÖRVARING OCH MINSTA HÅLLBARHET:I frysutrymme (-18ºC eller kallare), se datummärkning. Bör alltid förvaras fryst. Bör ej frysas efter upptining. Lägsta förvaringstemperatur -25°C Högsta förvaringstemperatur -18°C",
    "allergens": "Kan innehålla Mjölk Innehåller Fisk Innehåller Spannmål som innehåller gluten",
    "usage": "",
    "nutrition": [
      {
        "Näringsvärde": "Energi (kcal)",
        "100 Gram": "210 kcal"
      },
      {
        "Näringsvärde": "Energi (kJ)",
        "100 Gram": "878 kJ"
      },
      {
        "Näringsvärde": "Fett",
        "100 Gram": "9.3 g"
      },
      {
        "Näringsvärde": "Varav mättat fett",
        "100 Gram": "0.7 g"
      },
      {
        "Näringsvärde": "Kolhydrat",
        "100 Gram": "18 g"
      },
      {
        "Näringsvärde": "Varav sockerarter",
        "100 Gram": "0.7 g"
      },
      {
        "Näringsvärde": "Fiber",
        "100 Gram": "0.9 g"
      },
      {
        "Näringsvärde": "Protein",
        "100 Gram": "13 g"
      },
      {
        "Näringsvärde": "Salt",
        "100 Gram": "0.69 g"
      }
    ],
    "nutritionUnitText": "",
    "categories": {
      "mainCategory": "Fisk & Skaldjur",
      "subCategories": [
        {
          "name": "Färdiga fiskrätter",
          "subSubCategories": [
            "Fiskpinnar & Panerad fisk",
            "Fiskpinnar"
          ]
        }
      ]
    }
  },
  {
    "name": "Lax Färsk Kallrökt 150g Miljömärkt ICA",
    "weightText": "0.15 kg",
    "caPart": "",
    "weightValue": 0.15,
    "weightUnit": "kg",
    "comparePrice": "366,33 kr/kg",
    "currentPrice": 54.95,
    "attributes": [
      "Nyckelhålet"
    ],
    "imgUrl": "https://images.ctfassets.net/l3dfc9zfaimi/qZc37LgTPPuZhIUMEbPJx/d4918e773827f51582d837109cfcb604/jul-25-produktdetaljbanner-insamlingen-desktop.jpg",
    "productInformation": "ICAs skivade kallrökta lax är ett perfekt tillskott på en smörgås, i en pasta eller på buffén. Variera efter tycke och smak - du hittar inspiration och recept på ica.se",
    "countryText": "",
    "companyText": "ICA",
    "ingrediensText": "LAX* (Salmo salar), salt. *Odlad i Norge.",
    "storage": "Lägsta förvaringstemperatur 0°C Högsta förvaringstemperatur 4°C",
    "allergens": "",
    "usage": "",
    "nutrition": [
      {
        "Näringsvärde": "Energi (kcal)",
        "100 Gram": "173 kcal"
      },
      {
        "Näringsvärde": "Energi (kJ)",
        "100 Gram": "724 kJ"
      },
      {
        "Näringsvärde": "Fett",
        "100 Gram": "9.8 g"
      },
      {
        "Näringsvärde": "Varav mättat fett",
        "100 Gram": "1.4 g"
      },
      {
        "Näringsvärde": "Kolhydrat",
        "100 Gram": "1.3 g"
      },
      {
        "Näringsvärde": "Varav sockerarter",
        "100 Gram": "0 g"
      },
      {
        "Näringsvärde": "Protein",
        "100 Gram": "20 g"
      },
      {
        "Näringsvärde": "Salt",
        "100 Gram": "3 g"
      }
    ],
    "nutritionUnitText": "",
    "categories": {
      "mainCategory": "Jul",
      "subCategories": [
        {
          "name": "Julens godaste varor",
          "subSubCategories": []
        }
      ]
    }
  },
  {
    "name": "Kaviar mild 300g Svennes",
    "weightText": "0.3 kg",
    "caPart": "",
    "weightValue": 0.3,
    "weightUnit": "kg",
    "comparePrice": "108,33 kr/kg",
    "currentPrice": 32.5,
    "attributes": [
      "MSC-märkt"
    ],
    "imgUrl": "https://handlaprivatkund.ica.se/images-v3/bf7a00ca-390e-4769-865f-dc369586872e/67c0989f-6ac9-42dd-8c25-6430154edd6d/500x500.jpg",
    "productInformation": "Svennes Extra Mild är en stor tub med en extra mild kaviar. Den är perfekt för dig som älskar kaviar, men som vill ha en lite mildare smak! Svennes passar utmärkt som pålägg på en bit bröd till frukost, en snabb macka till mellanmål eller direkt på kokta ägg! Svennes kaviar görs av rom från torsk & sej som fiskas framför allt i Nordnorge (Norska Havet & Barents hav). Svennes tillverkas i Sverige, i den idylliska fiskorten Kungshamn på västkusten.",
    "countryText": "",
    "companyText": "Svennes",
    "ingrediensText": "Rökt sockersaltad FISKrom (TORSK, SEJ) (40%), rapsolja, socker, vatten, potatisflingor, salt, tomatpuré, konserveringsmedel (natriumbensoat), antioxidationsmedel (askorbinsyra)",
    "storage": "I kylskåp 2-8 °C",
    "allergens": "",
    "usage": "",
    "nutrition": [
      {
        "Näringsvärde": "Energi (kcal)",
        "100 Gram": "437 kcal"
      },
      {
        "Näringsvärde": "Energi (kJ)",
        "100 Gram": "1828 kJ"
      },
      {
        "Näringsvärde": "Fett",
        "100 Gram": "38 g"
      },
      {
        "Näringsvärde": "Varav mättat fett",
        "100 Gram": "2.8 g"
      },
      {
        "Näringsvärde": "Kolhydrat",
        "100 Gram": "16 g"
      },
      {
        "Näringsvärde": "Varav sockerarter",
        "100 Gram": "13 g"
      },
      {
        "Näringsvärde": "Protein",
        "100 Gram": "7.1 g"
      },
      {
        "Näringsvärde": "Salt",
        "100 Gram": "6.5 g"
      }
    ],
    "nutritionUnitText": "Näringsvärde per 100 gram",
    "categories": {
      "mainCategory": "Fisk & Skaldjur",
      "subCategories": [
        {
          "name": "Kaviar & Rom",
          "subSubCategories": [
            "Kaviar"
          ]
        }
      ]
    }
  },
  {
    "name": "Alaska pollock Fryst 400g ICA Basic",
    "weightText": "0.4 kg",
    "caPart": "",
    "weightValue": 0.4,
    "weightUnit": "kg",
    "comparePrice": "79,88 kr/kg",
    "currentPrice": 31.95,
    "attributes": [
      "Nyckelhålet",
      "MSC-märkt"
    ],
    "imgUrl": "https://handlaprivatkund.ica.se/images-v3/bf7a00ca-390e-4769-865f-dc369586872e/695633a3-ee06-490c-a84e-720c745a70d3/500x500.jpg",
    "productInformation": "ICA Alaska pollock är en matfisk med mild smak som passar bra att steka och äta som den är eller använda i soppa, gryta och gratäng.",
    "countryText": "",
    "companyText": "ICA Basic",
    "ingrediensText": "ALASKA POLLOCK* (FISK) (Theragra chalcogramma) *Fångad med trålar i Stilla havet, fångstzon 61 eller 67.",
    "storage": "Lägsta förvaringstemperatur -30°C Högsta förvaringstemperatur -18°C",
    "allergens": "Innehåller Fisk",
    "usage": "",
    "nutrition": [
      {
        "Näringsvärde": "Energi (kcal)",
        "100 Gram": "80 kcal"
      },
      {
        "Näringsvärde": "Energi (kJ)",
        "100 Gram": "320 kJ"
      },
      {
        "Näringsvärde": "Fett",
        "100 Gram": "0.5 g"
      },
      {
        "Näringsvärde": "Varav mättat fett",
        "100 Gram": "0.5 g"
      },
      {
        "Näringsvärde": "Kolhydrat",
        "100 Gram": "0.5 g"
      },
      {
        "Näringsvärde": "Varav sockerarter",
        "100 Gram": "0 g"
      },
      {
        "Näringsvärde": "Fiber",
        "100 Gram": "0.5 g"
      },
      {
        "Näringsvärde": "Protein",
        "100 Gram": "18 g"
      },
      {
        "Näringsvärde": "Salt",
        "100 Gram": "0.3 g"
      }
    ],
    "nutritionUnitText": "Näringsvärde per 100 gram",
    "categories": {
      "mainCategory": "Fisk & Skaldjur",
      "subCategories": [
        {
          "name": "Fisk",
          "subSubCategories": [
            "Torsk & Vitfisk",
            "Fryst Torsk & Vitfisk"
          ]
        }
      ]
    }
  },
  {
    "name": "Torskryggfilé 420g Royal Greenland",
    "weightText": "0.42 kg",
    "caPart": "",
    "weightValue": 0.42,
    "weightUnit": "kg",
    "comparePrice": "333,33 kr/kg",
    "currentPrice": 140,
    "attributes": [
      "Nyckelhålet",
      "MSC-märkt"
    ],
    "imgUrl": "https://handlaprivatkund.ica.se/images-v3/bf7a00ca-390e-4769-865f-dc369586872e/687bbecf-8259-43c8-9db0-e14431e5d649/500x500.jpg",
    "productInformation": "Torsken är en klassiker på våra middagsbord och med torskryggfiléerna från Royal Greenland är det besvärliga arbetet redan gjort. Det milda, vita, benfria köttet kan tillberedas på otaliga sätt och och passar både till moderna och traditionella rätter. Ryggfilé, eller loin som det också kallas, är det bästa delen på fisken. Det kan närmast jämföras med oxfiléen på oxen.",
    "countryText": "",
    "companyText": "Royal Greenland",
    "ingrediensText": "Torskrygg (fisk) (Gadus morhua). Vatten /skyddande glasering).",
    "storage": "Lägsta förvaringstemperatur -25°C Högsta förvaringstemperatur -18°C",
    "allergens": "Innehåller Fisk",
    "usage": "",
    "nutrition": [
      {
        "Näringsvärde": "Energi (kcal)",
        "100 Gram": "77 kcal"
      },
      {
        "Näringsvärde": "Energi (kJ)",
        "100 Gram": "325 kJ"
      },
      {
        "Näringsvärde": "Fett",
        "100 Gram": "0.5 g"
      },
      {
        "Näringsvärde": "Varav mättat fett",
        "100 Gram": "0.3 g"
      },
      {
        "Näringsvärde": "Kolhydrat",
        "100 Gram": "0 g"
      },
      {
        "Näringsvärde": "Varav sockerarter",
        "100 Gram": "0 g"
      },
      {
        "Näringsvärde": "Protein",
        "100 Gram": "18 g"
      },
      {
        "Näringsvärde": "Salt",
        "100 Gram": "0.2 g"
      }
    ],
    "nutritionUnitText": "Näringsvärde per 100 gram",
    "categories": {
      "mainCategory": "Fryst",
      "subCategories": [
        {
          "name": "Fryst fisk & Skaldjur",
          "subSubCategories": [
            "Fryst torsk & vitfisk"
          ]
        }
      ]
    }
  },
  {
    "name": "Stora skalade räkor 400g ICA",
    "weightText": "0.4 kg",
    "caPart": "",
    "weightValue": 0.4,
    "weightUnit": "kg",
    "comparePrice": "172,38 kr/kg",
    "currentPrice": 68.95,
    "attributes": [
      "Nyckelhålet",
      "MSC-märkt"
    ],
    "imgUrl": "https://handlaprivatkund.ica.se/images-v3/bf7a00ca-390e-4769-865f-dc369586872e/435421fb-73f9-4b07-84fc-773d21347504/500x500.jpg",
    "productInformation": "ICA Stora Skalade Räkor i kan du göra nästan vad du vill med! Allt ifrån en räkmacka (med precis så mycket räkor du vill ha på) till en retro räkcocktail, lägga på en pizza eller i pastasåsen. De gör vilken fisksoppa som helst glad och ligger fint i en avokadohalva ihop med mango, chili, lite olja och lime. Paella fixar de också, eller varför inte bara koka upp i olja med vitlök, chili, citron och persilja som en liten läcker minirätt? Glöm för all del inte brödet till, det är också ett utmärkt sätt att göra rent tallriken efteråt.",
    "countryText": "",
    "companyText": "ICA",
    "ingrediensText": "Ingredienser: Skalade RÄKOR (Pandalus borealis), salt. *Fångad med trålar i Nordostatlanten (Barents hav, Norska Havet, Spetsbergen och Björnön), fångstzon 27I, II.",
    "storage": "Lägsta förvaringstemperatur -30°C Högsta förvaringstemperatur -18°C",
    "allergens": "Kan innehålla Blötdjur Kan innehålla Fisk Innehåller Kräftdjur",
    "usage": "",
    "nutrition": [],
    "nutritionUnitText": "Näringsvärde per styck",
    "categories": {
      "mainCategory": "Fisk & Skaldjur",
      "subCategories": [
        {
          "name": "Skaldjur",
          "subSubCategories": [
            "Räkor",
            "Frysta räkor"
          ]
        }
      ]
    }
  },
  {
    "name": "Laxsida ca 1,2kg Miljömärkt ICA Gott Liv",
    "weightText": "Ca 1.2 kg",
    "caPart": "Ca",
    "weightValue": 1.2,
    "weightUnit": "kg",
    "comparePrice": "227,00 kr/kg",
    "currentPrice": 272.4,
    "attributes": [
      "Nyckelhålet"
    ],
    "imgUrl": "https://handlaprivatkund.ica.se/images-v3/bf7a00ca-390e-4769-865f-dc369586872e/6635ffa9-e3cf-4705-94be-db549d0988ee/500x500.jpg",
    "productInformation": "Laxsida är enkelt att tillaga i ugn eller på grillen. Krydda med dina favoritkryddor, slå in den i aluminiumfolie och servera med en matig sallad. ASC (Aquaculture Stewardship Council) är en internationell märkning för odlade fisk- och skaldjursprodukter. ASC granskar miljö- och sociala aspekter i fisk- och skaldjursodlingar så att de ska vara ansvarsfulla. \n \n Enstaka ben kan förekomma.",
    "countryText": "",
    "companyText": "ICA Gott Liv",
    "ingrediensText": "LAXFILÉ* (Salmo salar) med skinn. *Odlad i Norge.",
    "storage": "Lägsta förvaringstemperatur 0°C Högsta förvaringstemperatur 4°C",
    "allergens": "",
    "usage": "",
    "nutrition": [
      {
        "Näringsvärde": "Energi (kcal)",
        "100 Gram": "210 kcal"
      },
      {
        "Näringsvärde": "Energi (kJ)",
        "100 Gram": "881 kJ"
      },
      {
        "Näringsvärde": "Fett",
        "100 Gram": "14 g"
      },
      {
        "Näringsvärde": "Varav mättat fett",
        "100 Gram": "1.8 g"
      },
      {
        "Näringsvärde": "Kolhydrat",
        "100 Gram": "0 g"
      },
      {
        "Näringsvärde": "Varav sockerarter",
        "100 Gram": "0 g"
      },
      {
        "Näringsvärde": "Protein",
        "100 Gram": "21 g"
      },
      {
        "Näringsvärde": "Salt",
        "100 Gram": "0.1 g"
      }
    ],
    "nutritionUnitText": "Näringsvärde per 100 gram",
    "categories": {
      "mainCategory": "Jul",
      "subCategories": [
        {
          "name": "Julmat",
          "subSubCategories": [
            "Lax & Gravlaxsås"
          ]
        }
      ]
    }
  },
  {
    "name": "Torskfilé Fryst 400g ICA",
    "weightText": "0.4 kg",
    "caPart": "",
    "weightValue": 0.4,
    "weightUnit": "kg",
    "comparePrice": "212,38 kr/kg",
    "currentPrice": 84.95,
    "attributes": [],
    "imgUrl": "https://handlaprivatkund.ica.se/images-v3/bf7a00ca-390e-4769-865f-dc369586872e/e23ce864-061b-48b0-b249-a90bf1861fe1/500x500.jpg",
    "productInformation": "ICAs frysta torksfilé är bitar av torskfilé som du enkelt kan panera eller tillaga, varför inte servera en Fishtaco med panerade bitar av torskfilén.",
    "countryText": "",
    "companyText": "ICA",
    "ingrediensText": "Filébitar av torsk* (Gadus morhua). Enstaka ben kan förekomma. *Fångad i Nordostatlanten, fångstzon 27. Beroende på råvarutillgång varierar fångstområden och fångstmetoder för fisken. Dessa anges i ett kodsystem: A=Barents hav B=Norska havet 1=Fångad med trålar 2=Fångad med krokar och linor 3=Fångad med nät/garn 4=Fångad med notar. För aktuell information, se kod vid bäst före-datum.",
    "storage": "",
    "allergens": "",
    "usage": "",
    "nutrition": [
      {
        "Näringsvärde": "Energi (kcal)",
        "100 Gram": "78 kcal"
      },
      {
        "Näringsvärde": "Energi (kJ)",
        "100 Gram": "328 kJ"
      },
      {
        "Näringsvärde": "Fett",
        "100 Gram": "0.5 g"
      },
      {
        "Näringsvärde": "Varav mättat fett",
        "100 Gram": "0.5 g"
      },
      {
        "Näringsvärde": "Kolhydrat",
        "100 Gram": "0 g"
      },
      {
        "Näringsvärde": "Varav sockerarter",
        "100 Gram": "0 g"
      },
      {
        "Näringsvärde": "Protein",
        "100 Gram": "18 g"
      },
      {
        "Näringsvärde": "Salt",
        "100 Gram": "0.2 g"
      }
    ],
    "nutritionUnitText": "Näringsvärde per 100 gram",
    "categories": {
      "mainCategory": "Fisk & Skaldjur",
      "subCategories": [
        {
          "name": "Fisk",
          "subSubCategories": [
            "Torsk & Vitfisk",
            "Fryst Torsk & Vitfisk"
          ]
        }
      ]
    }
  },
  {
    "name": "Torskfiléer Fryst 600g ICA",
    "weightText": "0.6 kg",
    "caPart": "",
    "weightValue": 0.6,
    "weightUnit": "kg",
    "comparePrice": "230,00 kr/kg",
    "currentPrice": 138,
    "attributes": [],
    "imgUrl": "https://handlaprivatkund.ica.se/images-v3/bf7a00ca-390e-4769-865f-dc369586872e/31644299-204e-462e-8ce6-360f5ea69b76/500x500.jpg",
    "productInformation": "ICA Torskfiléer är frysta filéer som du kan både steka eller använda i soppa, gryta och gratäng. Brukar gå hem hos de allra minsta, varför inte testa att göra egna fiskpinnar av filéerna. Torskfiléerna fungerar i de flesta typer av fiskrätter. Vår torsk är givetvis MSC-märkt, vilket betyder att den har fiskats hållbart.",
    "countryText": "",
    "companyText": "ICA",
    "ingrediensText": "Renskuren filé av torsk * (Gadus morhua). Enstaka ben kan förekomma. *Fångad i Nordostatlanten, fångstzon 27. Beroende på råvarutillgång varierar fångstområden och fångtmetoder för fisken. Dessa anges i ett kodsystem: A=Barents hav B=Norska havet 1=Fångad med trålar 2=Fångad med krokar och linor 3=Fångad med nät/garn 4=Fångad med notar. För aktuell information, se kod vid bäst före-datum. Vikt: 600g netto (exklusive skyddande ishinna).",
    "storage": "",
    "allergens": "",
    "usage": "",
    "nutrition": [
      {
        "Näringsvärde": "Energi (kcal)",
        "100 Gram": "85 kcal"
      },
      {
        "Näringsvärde": "Energi (kJ)",
        "100 Gram": "359 kJ"
      },
      {
        "Näringsvärde": "Fett",
        "100 Gram": "0.5 g"
      },
      {
        "Näringsvärde": "Varav mättat fett",
        "100 Gram": "0.1 g"
      },
      {
        "Näringsvärde": "Kolhydrat",
        "100 Gram": "0 g"
      },
      {
        "Näringsvärde": "Varav sockerarter",
        "100 Gram": "0 g"
      },
      {
        "Näringsvärde": "Protein",
        "100 Gram": "18 g"
      },
      {
        "Näringsvärde": "Salt",
        "100 Gram": "0.2 g"
      }
    ],
    "nutritionUnitText": "Näringsvärde per 100 gram",
    "categories": {
      "mainCategory": "Fryst",
      "subCategories": [
        {
          "name": "Fryst fisk & Skaldjur",
          "subSubCategories": [
            "Fryst torsk & vitfisk"
          ]
        }
      ]
    }
  },
  {
    "name": "Fiskpinnar Fryst 15-p 450g ICA Basic",
    "weightText": "0.45 kg",
    "caPart": "",
    "weightValue": 0.45,
    "weightUnit": "kg",
    "comparePrice": "44,33 kr/kg",
    "currentPrice": 19.95,
    "attributes": [
      "MSC-märkt"
    ],
    "imgUrl": "https://handlaprivatkund.ica.se/images-v3/bf7a00ca-390e-4769-865f-dc369586872e/6a3cc46f-d0d5-4b53-bc48-ccd44c15df44/500x500.jpg",
    "productInformation": "ICA Basic fiskpinnar av fiskfärs istället för fiskfilé, tillverkade av fisk som lever upp till ICAs krav på kvalitet och hållbartfiske. Ett billigare middagsalternativ som passar gott i vardagen.",
    "countryText": "",
    "companyText": "ICA Basic",
    "ingrediensText": "FISK* 60%, VETEMJÖL, rapsolja, vatten, salt, lök, kryddor (paprika, mejram, timjan), jäst. *Använda fiskarter: Se märkning på förpackningens gavel (A=Alaska Pollock (Theragra chalcogramma), fiskad i Stilla Havet, fångstzon 61, 67, B=Sej (Pollachius virens) fiskad i Nordostatlanten, fångtstzon 27, C=Torsk (Gadus morhua), fiskad i Nordostatlanten och Baltiska havet, fångstzon 27, 27 IIId.",
    "storage": "Lägsta förvaringstemperatur -25°C Högsta förvaringstemperatur -25°C",
    "allergens": "Innehåller Vete Innehåller Fisk",
    "usage": "",
    "nutrition": [
      {
        "Näringsvärde": "Energi (kcal)",
        "100 Gram": "220 kcal"
      },
      {
        "Näringsvärde": "Energi (kJ)",
        "100 Gram": "900 kJ"
      },
      {
        "Näringsvärde": "Fett",
        "100 Gram": "11 g"
      },
      {
        "Näringsvärde": "Varav mättat fett",
        "100 Gram": "0.8 g"
      },
      {
        "Näringsvärde": "Kolhydrat",
        "100 Gram": "17 g"
      },
      {
        "Näringsvärde": "Varav sockerarter",
        "100 Gram": "0.5 g"
      },
      {
        "Näringsvärde": "Protein",
        "100 Gram": "14 g"
      },
      {
        "Näringsvärde": "Salt",
        "100 Gram": "0.6 g"
      }
    ],
    "nutritionUnitText": "Näringsvärde per 100 gram",
    "categories": {
      "mainCategory": "Fisk & Skaldjur",
      "subCategories": [
        {
          "name": "Färdiga fiskrätter",
          "subSubCategories": [
            "Fiskpinnar & Panerad fisk",
            "Fiskpinnar"
          ]
        }
      ]
    }
  },
  {
    "name": "Fiskpinnar frasiga Fryst 15-p 450g Findus",
    "weightText": "0.45 kg",
    "caPart": "",
    "weightValue": 0.45,
    "weightUnit": "kg",
    "comparePrice": "94,44 kr/kg",
    "currentPrice": 42.5,
    "attributes": [
      "Nyckelhålet",
      "MSC-märkt"
    ],
    "imgUrl": "https://handlaprivatkund.ica.se/images-v3/bf7a00ca-390e-4769-865f-dc369586872e/f521c51c-0728-4398-8d60-ac7ab044a151/500x500.jpg",
    "productInformation": "Fisk är en sund proteinkälla som är rik på omega 3 och har ett lågt innehåll av mättat fett. Findus Frasiga Fiskpinnar är inget undantag! Gjorda på renskurna filéer av MSC-märkt Alaska pollock och panering på Findus specialbakade bröd. Findus spröda fiskpinnar passar lika bra till potatis som i en smakrik fisktacos. Smaklig måltid!",
    "countryText": "",
    "companyText": "Findus",
    "ingrediensText": "Filéer av ALASKA POLLOCK* (FISK) 65 % (Theragra chalcogramma), VETEMJÖL, rapsolja, vatten, potatisstärkelse, salt, kryddor (paprika, gurkmeja), jäst. *Fiskad i nordöstra eller nordvästra Stilla havet. Trots stor noggrannhet med att ta bort alla fiskben kan det finnas ben kvar.",
    "storage": "FÖRVARING OCH MINSTA HÅLLBARHET: I frysutrymme (-18ºC eller kallare), se datummärkning. Bör alltid förvaras fryst. Bör ej frysas efter upptining. Lägsta förvaringstemperatur -25°C Högsta förvaringstemperatur -18°C",
    "allergens": "Innehåller Fisk Innehåller Spannmål som innehåller gluten",
    "usage": "",
    "nutrition": [
      {
        "Näringsvärde": "Energi (kcal)",
        "100 Gram": "191 kcal"
      },
      {
        "Näringsvärde": "Energi (kJ)",
        "100 Gram": "801 kJ"
      },
      {
        "Näringsvärde": "Fett",
        "100 Gram": "7.7 g"
      },
      {
        "Näringsvärde": "Varav mättat fett",
        "100 Gram": "0.6 g"
      },
      {
        "Näringsvärde": "Kolhydrat",
        "100 Gram": "17 g"
      },
      {
        "Näringsvärde": "Varav sockerarter",
        "100 Gram": "0.8 g"
      },
      {
        "Näringsvärde": "Fiber",
        "100 Gram": "0.7 g"
      },
      {
        "Näringsvärde": "Protein",
        "100 Gram": "13 g"
      },
      {
        "Näringsvärde": "Salt",
        "100 Gram": "0.7 g"
      }
    ],
    "nutritionUnitText": "Näringsvärde per 100 gram",
    "categories": {
      "mainCategory": "Fisk & Skaldjur",
      "subCategories": [
        {
          "name": "Färdiga fiskrätter",
          "subSubCategories": [
            "Fiskpinnar & Panerad fisk",
            "Fiskpinnar"
          ]
        }
      ]
    }
  },
  {
    "name": "Fish & Crisp Fish Nuggets 490g Findus",
    "weightText": "0.49 kg",
    "caPart": "",
    "weightValue": 0.49,
    "weightUnit": "kg",
    "comparePrice": "126,43 kr/kg",
    "currentPrice": 61.95,
    "attributes": [
      "MSC-märkt"
    ],
    "imgUrl": "https://handlaprivatkund.ica.se/images-v3/bf7a00ca-390e-4769-865f-dc369586872e/2b6ce0ab-f555-4535-9708-70a0624d5a89/500x500.jpg",
    "productInformation": "Information från leverantör \n GOTT & ENKELT!Fish Nuggets är fisk som hela familjen uppskattar. Förutom den goda smaken ger Fish Nuggets variation i veckans fiskmeny. Servera gärna med en god sås, eller varför inte som fisktacos? Ett gott och enkelt middagsval! Fish Nuggets är gjorda av Alaska pollock, som fiskats med stor omsorg i det kalla norra Stilla havet. De har lågt innehåll av mättat fett. Våra Fish Nuggets blir absolut krispigast om de tillagas i ugnen. Smaklig måltid!Kaptenens löfte Det finns en man som seglar på öppet hav och fångar den färskaste fisken; Kaptenen. Han får med sig färsk fisk som snabbfrysts för att bevara känslan av nyfångad fisk. FULLT SPÅRBAR FISK Med spårbarhet från hav till tallrik, är vi stolta över att veta var vår fisk kommer ifrån. Genom att skanna den här lilla båten kan du också lära dig allt om vårt hållbara fiske.",
    "countryText": "",
    "companyText": "Findus",
    "ingrediensText": "Alaska pollock* (FISK) 44 % (Theragra chalcogramma), VETEMJÖL, vatten, rapsolja, stärkelse (potatis, VETE), bakpulver (E450, E500), salt, rismjöl, druvsocker, majsmjöl, VETEGLUTEN, SKUMMJÖLKSPULVER. *Fiskad i nordöstra eller nordvästra Stilla havet. Trots stor noggrannhet med att ta bort alla fiskben kan det finnas ben kvar.",
    "storage": "I frysutrymme (-18ºC eller kallare), se datummärkning.Bör alltid förvaras fryst. Bör ej frysas efter upptining.",
    "allergens": "",
    "usage": "",
    "nutrition": [
      {
        "Näringsvärde": "Energi (kcal)",
        "100 Gram": "236 kcal"
      },
      {
        "Näringsvärde": "Energi (kJ)",
        "100 Gram": "989 kJ"
      },
      {
        "Näringsvärde": "Fett",
        "100 Gram": "12 g"
      },
      {
        "Näringsvärde": "Varav mättat fett",
        "100 Gram": "0.9 g"
      },
      {
        "Näringsvärde": "Kolhydrat",
        "100 Gram": "22 g"
      },
      {
        "Näringsvärde": "Varav sockerarter",
        "100 Gram": "0.6 g"
      },
      {
        "Näringsvärde": "Fiber",
        "100 Gram": "0.7 g"
      },
      {
        "Näringsvärde": "Protein",
        "100 Gram": "9.7 g"
      },
      {
        "Näringsvärde": "Salt",
        "100 Gram": "1 g"
      }
    ],
    "nutritionUnitText": "Näringsvärde per 100 gram",
    "categories": {
      "mainCategory": "Fryst",
      "subCategories": [
        {
          "name": "Fryst färdigmat",
          "subSubCategories": [
            "Frysta portionsrätter",
            "Fryst enportion"
          ]
        }
      ]
    }
  },
  {
    "name": "Torskfilé sprödbakad Fryst 4-p 360g Findus",
    "weightText": "0.36 kg",
    "caPart": "",
    "weightValue": 0.36,
    "weightUnit": "kg",
    "comparePrice": "172,08 kr/kg",
    "currentPrice": 61.95,
    "attributes": [
      "Nyckelhålet",
      "MSC-märkt"
    ],
    "imgUrl": "https://handlaprivatkund.ica.se/images-v3/bf7a00ca-390e-4769-865f-dc369586872e/eaf0c9e9-d312-4aa8-be6c-880c730a9435/500x500.jpg",
    "productInformation": "Panerad fisk är ett gott, sunt och enkelt middagsval! Våra Sprödbakade Torskfiléer är gjorda på renskuren torsk som har fiskats med stor omsorg i Nordostatlanten. Fisken har sedan fått ett krispigt täcke och tillagats med rapsolja. Väljer du Sprödbakade Torskfiléer till middag har du gjort ett smart val - de är en bra proteinkälla som innehåller omega-3. De har dessutom lågt innehåll av mättat fett. Våra Sprödbakade Torskfiléer smakar som allra bäst och får en härlig krispighet om de tillagas i ugnen. Smaklig måltid!",
    "countryText": "",
    "companyText": "Findus",
    "ingrediensText": "Renskurna filéer av TORSK* 56 % (Gadus morhua), VETEMJÖL, rapsolja, vatten, majsstärkelse, majsmjöl, salt, VETEFIBER, socker, druvsocker, vitlökspulver, kryddextrakt. *Fiskad i Nordostatlanten (Barents Hav, Norska Havet, Spetsbergen eller Björnön). Trots stor noggrannhet med att ta bort alla fiskben kan det finnas ben kvar.",
    "storage": "FÖRVARING OCH MINSTA HÅLLBARHET:I frysutrymme (-18ºC eller kallare), se datummärkning. Bör alltid förvaras fryst. Bör ej frysas efter upptining. Lägsta förvaringstemperatur -25°C Högsta förvaringstemperatur -18°C",
    "allergens": "Innehåller Fisk Innehåller Spannmål som innehåller gluten",
    "usage": "",
    "nutrition": [
      {
        "Näringsvärde": "Energi (kcal)",
        "100 Gram": "220 kcal"
      },
      {
        "Näringsvärde": "Energi (kJ)",
        "100 Gram": "922 kJ"
      },
      {
        "Näringsvärde": "Fett",
        "100 Gram": "9.5 g"
      },
      {
        "Näringsvärde": "Varav mättat fett",
        "100 Gram": "0.7 g"
      },
      {
        "Näringsvärde": "Kolhydrat",
        "100 Gram": "21 g"
      },
      {
        "Näringsvärde": "Varav sockerarter",
        "100 Gram": "0.7 g"
      },
      {
        "Näringsvärde": "Fiber",
        "100 Gram": "1.2 g"
      },
      {
        "Näringsvärde": "Protein",
        "100 Gram": "12 g"
      },
      {
        "Näringsvärde": "Salt",
        "100 Gram": "0.69 g"
      },
      {
        "Näringsvärde": "Selen",
        "100 Gram": "13 µg"
      }
    ],
    "nutritionUnitText": "Näringsvärde per 100 gram",
    "categories": {
      "mainCategory": "Fisk & Skaldjur",
      "subCategories": [
        {
          "name": "Färdiga fiskrätter",
          "subSubCategories": [
            "Fiskpinnar & Panerad fisk",
            "Panerad fisk"
          ]
        }
      ]
    }
  },
  {
    "name": "Caviar röd stenbitsrom 75g ICA",
    "weightText": "0.075 kg",
    "caPart": "",
    "weightValue": 0.075,
    "weightUnit": "kg",
    "comparePrice": "433,33 kr/kg",
    "currentPrice": 32.5,
    "attributes": [
      "MSC-märkt"
    ],
    "imgUrl": "https://handlaprivatkund.ica.se/images-v3/bf7a00ca-390e-4769-865f-dc369586872e/080c9822-cd19-4cc2-9075-31d0a9a32d65/500x500.jpg",
    "productInformation": "ICA Caviar Röd Stenbitsrom är röd, saltad stenbitsrom från sjuryggsfisk. Den är hållbart fiskad Nordostatlanten och MSC-märkt. Därför är den dubbelt så god när du toppar en toast Skagen eller en hemgjord sushi med den.",
    "countryText": "",
    "companyText": "ICA",
    "ingrediensText": "Saltad rom av STENBIT* (Cyclopterus lumpus) 87%, vatten, rapsolja, färgämne (E160a, E101, E120), sherry, konserveringsmedel (E211, E202), stabiliseringsmedel (E415), lökpulver, surhetsreglerande medel (E330). *Fångad med nät/garn i Nordostatlanten, fångstzon 27",
    "storage": "",
    "allergens": "",
    "usage": "",
    "nutrition": [
      {
        "Näringsvärde": "Energi (kcal)",
        "100 Gram": "90 kcal"
      },
      {
        "Näringsvärde": "Energi (kJ)",
        "100 Gram": "350 kJ"
      },
      {
        "Näringsvärde": "Fett",
        "100 Gram": "4.5 g"
      },
      {
        "Näringsvärde": "Varav mättat fett",
        "100 Gram": "1 g"
      },
      {
        "Näringsvärde": "Kolhydrat",
        "100 Gram": "0.5 g"
      },
      {
        "Näringsvärde": "Varav sockerarter",
        "100 Gram": "0 g"
      },
      {
        "Näringsvärde": "Protein",
        "100 Gram": "10 g"
      },
      {
        "Näringsvärde": "Salt",
        "100 Gram": "4.8 g"
      }
    ],
    "nutritionUnitText": "Näringsvärde per 100 gram",
    "categories": {
      "mainCategory": "Fisk & Skaldjur",
      "subCategories": [
        {
          "name": "Kaviar & Rom",
          "subSubCategories": [
            "Färsk rom"
          ]
        }
      ]
    }
  },
  {
    "name": "Kaviar randig 285g Kalles",
    "weightText": "0.285 kg",
    "caPart": "",
    "weightValue": 0.285,
    "weightUnit": "kg",
    "comparePrice": "121,05 kr/kg",
    "currentPrice": 34.5,
    "attributes": [
      "MSC-märkt"
    ],
    "imgUrl": "https://handlaprivatkund.ica.se/images-v3/bf7a00ca-390e-4769-865f-dc369586872e/c10b1589-5178-4208-b6da-b8f5bfefb98f/500x500.jpg",
    "productInformation": "Kalles Randiga 285g är en mild och krämig blandning av kaviar och färskost som blir randig på mackan. Kalles Randiga med cream cheese passar utmärkt som pålägg på mackan till frukosten, mellanmålet eller till kokta ägg! Kalles kaviar har varit hela Sveriges oersättliga favorit på frukostbordet sedan 1954. Kalles kaviar görs av utvald rom från torsk&sej som fiskas framför allt i Nordnorge (Norska Havet & Barents hav). Kalles kaviar tillverkas i Sverige, i den idylliska fiskorten Kungshamn på västkusten.Vill du ta del av Kalles värld eller inspireras av riktigt smarriga kaviarmackor - besök kalles.se. \n \n I produkten ingår totalt 23% rom.",
    "countryText": "",
    "companyText": "Kalles",
    "ingrediensText": "Kaviar (50%) (rökt sockersaltad rom från TORSKFISKAR, rapsolja, socker, vatten, salt, potatisflingor, tomatpuré, konserveringsmedel (kaliumsorbat, natriumbensoat), antioxidationsmedel (askorbinsyra)), färskOST (30%) (skumMJÖLK, GRÄDDE, rapsolja, modifierad stärkelse, stabiliseringsmedel (fruktkärnmjöl), mjölksyrakultur), vatten, inulin (fiber), skumMJÖLKSpulver, stabiliseringsmedel (xantangummi, fruktkärnmjöl), arom, färgämne (paprikaoleoresin)",
    "storage": "I kylskåp 2-8 °C",
    "allergens": "",
    "usage": "",
    "nutrition": [
      {
        "Näringsvärde": "Energi (kcal)",
        "100 Gram": "292 kcal"
      },
      {
        "Näringsvärde": "Energi (kJ)",
        "100 Gram": "1220 kJ"
      },
      {
        "Näringsvärde": "Fett",
        "100 Gram": "24 g"
      },
      {
        "Näringsvärde": "Varav mättat fett",
        "100 Gram": "4.6 g"
      },
      {
        "Näringsvärde": "Kolhydrat",
        "100 Gram": "10 g"
      },
      {
        "Näringsvärde": "Varav sockerarter",
        "100 Gram": "8.3 g"
      },
      {
        "Näringsvärde": "Protein",
        "100 Gram": "5.5 g"
      },
      {
        "Näringsvärde": "Salt",
        "100 Gram": "3.9 g"
      }
    ],
    "nutritionUnitText": "Näringsvärde per 100 gram",
    "categories": {
      "mainCategory": "Fisk & Skaldjur",
      "subCategories": [
        {
          "name": "Kaviar & Rom",
          "subSubCategories": [
            "Kaviar"
          ]
        }
      ]
    }
  },
  {
    "name": "Crispies Fryst 8-p 370g Findus",
    "weightText": "0.37 kg",
    "caPart": "",
    "weightValue": 0.37,
    "weightUnit": "kg",
    "comparePrice": "117,57 kr/kg",
    "currentPrice": 43.5,
    "attributes": [
      "Nyckelhålet",
      "MSC-märkt"
    ],
    "imgUrl": "https://handlaprivatkund.ica.se/images-v3/bf7a00ca-390e-4769-865f-dc369586872e/bf32c53e-abb2-4864-92d4-0d27730a84aa/500x500.jpg",
    "productInformation": "Panerad fisk är ett gott, sunt och enkelt middagsval! Våra Crispies är saftiga fiskbitar med extra spröd panering, gjorda på hållbart fiskad Alaska pollock. Väljer du Crispies till middag har du gjort ett smart val - de är en bra proteinkälla som är rik på omega-3 och har lågt innehåll av mättat fett. Våra Crispies blir absolut krispigast om de tillagas i ugnen. Smaklig måltid!",
    "countryText": "",
    "companyText": "Findus",
    "ingrediensText": "Fiskkött av Guldlax* 54 % (FISK) (Argentina silus), VETEMJÖL, rapsolja, vatten, majsstärkelse, salt, VETEFIBER, majsmjöl, druvsocker, socker, vitlökspulver, kryddextrakt. *Fiskad i Nordostatlanten (Färösockeln, Barents hav, Norska havet, Spetsbergen eller Björnön). Trots stor noggrannhet med att ta bort alla fiskben kan det finnas ben kvar.",
    "storage": "FÖRVARING OCH MINSTA HÅLLBARHET:I frysutrymme (-18ºC eller kallare), se datummärkning. Bör alltid förvaras fryst. Bör ej frysas efter upptining. Lägsta förvaringstemperatur -25°C Högsta förvaringstemperatur -18°C",
    "allergens": "Innehåller Fisk Innehåller Spannmål som innehåller gluten",
    "usage": "",
    "nutrition": [
      {
        "Näringsvärde": "Energi (kcal)",
        "100 Gram": "247 kcal"
      },
      {
        "Näringsvärde": "Energi (kJ)",
        "100 Gram": "1033 kJ"
      },
      {
        "Näringsvärde": "Fett",
        "100 Gram": "11 g"
      },
      {
        "Näringsvärde": "Varav mättat fett",
        "100 Gram": "0.9 g"
      },
      {
        "Näringsvärde": "Kolhydrat",
        "100 Gram": "22 g"
      },
      {
        "Näringsvärde": "Varav sockerarter",
        "100 Gram": "0.8 g"
      },
      {
        "Näringsvärde": "Fiber",
        "100 Gram": "1.8 g"
      },
      {
        "Näringsvärde": "Protein",
        "100 Gram": "14 g"
      },
      {
        "Näringsvärde": "Salt",
        "100 Gram": "0.76 g"
      }
    ],
    "nutritionUnitText": "Näringsvärde per 100 gram",
    "categories": {
      "mainCategory": "Fisk & Skaldjur",
      "subCategories": [
        {
          "name": "Färdiga fiskrätter",
          "subSubCategories": [
            "Fiskpinnar & Panerad fisk",
            "Panerad fisk"
          ]
        }
      ]
    }
  },
  {
    "name": "Fiskgratäng dillsås Fryst 350g ICA",
    "weightText": "0.35 kg",
    "caPart": "",
    "weightValue": 0.35,
    "weightUnit": "kg",
    "comparePrice": "88,43 kr/kg",
    "currentPrice": 30.95,
    "attributes": [
      "MSC-märkt"
    ],
    "imgUrl": "https://handlaprivatkund.ica.se/images-v3/bf7a00ca-390e-4769-865f-dc369586872e/de6b6b51-3e21-44d5-9383-4e2174056e01/500x500.jpg",
    "productInformation": "Fryst fiskgratäng med vit fisk täckt med dillsås och spritsat potatismos längs sidorna. En portion. Värm enkelt i ugn eller i mikrovågsugn.",
    "countryText": "",
    "companyText": "ICA",
    "ingrediensText": "Potatismos 50%: Vatten, potatismospulver (potatis, KÄRNMJÖLKSPULVER, MJÖLKPULVER, salt, GRÄDDPULVER, stabiliseringsmedel (E471), konserveringsmedel (E222 NATRIUMVÄTESULFIT), antioxidationsmedel (E300), kryddextrakt (svartpeppar)), SKUMMJÖLKSPULVER, smör (MJÖLK), salt, pepparextrakt. Fisk 26%: Renskurna filéer av ALASKA POLLOCK* (Theragra chalcogramma). Sås 24%: Vatten, SKUMMJÖLKSPULVER, modifierad majsstärkelse, GRÄDDPULVER, smör (MJÖLK), dill 0,4%, salt, citronpeppar (salt, svartpeppar, surhetsreglerande medel (E330), potatisstärkelse, socker, lök, citronextrakt), pepparextrakt, dillarom. Kan innehålla spår av räkor. *Fiskad med trål i Stilla Havet, fångstzon 67.",
    "storage": "Djupfryst. I frysutrymme (–18°C eller kallare). Bör ej frysas om efter upptining. Lägsta förvaringstemperatur -25°C Högsta förvaringstemperatur -18°C",
    "allergens": "Innehåller Mjölk Innehåller Svaveldioxid eller sulfit Innehåller Fisk Kan innehålla Kräftdjur",
    "usage": "",
    "nutrition": [
      {
        "Näringsvärde": "Energi (kcal)",
        "100 Gram": "110 kcal"
      },
      {
        "Näringsvärde": "Energi (kJ)",
        "100 Gram": "458 kJ"
      },
      {
        "Näringsvärde": "Fett",
        "100 Gram": "3.5 g"
      },
      {
        "Näringsvärde": "Varav mättat fett",
        "100 Gram": "2.3 g"
      },
      {
        "Näringsvärde": "Kolhydrat",
        "100 Gram": "11 g"
      },
      {
        "Näringsvärde": "Varav sockerarter",
        "100 Gram": "4 g"
      },
      {
        "Näringsvärde": "Protein",
        "100 Gram": "7.7 g"
      },
      {
        "Näringsvärde": "Salt",
        "100 Gram": "1.2 g"
      }
    ],
    "nutritionUnitText": "Näringsvärde per 100 gram",
    "categories": {
      "mainCategory": "Fryst",
      "subCategories": [
        {
          "name": "Fryst färdigmat",
          "subSubCategories": [
            "Frysta portionsrätter",
            "Fryst flerportion"
          ]
        }
      ]
    }
  },
  {
    "name": "Lax Färsk Gravad 150g Miljömärkt ICA",
    "weightText": "0.15 kg",
    "caPart": "",
    "weightValue": 0.15,
    "weightUnit": "kg",
    "comparePrice": "366,33 kr/kg",
    "currentPrice": 54.95,
    "attributes": [
      "Nyckelhålet",
      "Ursprungsland Sverige"
    ],
    "imgUrl": "https://images.ctfassets.net/l3dfc9zfaimi/qZc37LgTPPuZhIUMEbPJx/d4918e773827f51582d837109cfcb604/jul-25-produktdetaljbanner-insamlingen-desktop.jpg",
    "productInformation": "ICAs skivade gravade lax är gott på en smörgås, i en pasta eller på buffén. Variera efter tycke och smak - du hittar inspiration och recept på ica.se.",
    "countryText": "Sverige",
    "companyText": "ICA",
    "ingrediensText": "LAX* (Salmo salar), salt, socker, dill, vitpeppar. *Odlad i Norge.",
    "storage": "Lägsta förvaringstemperatur 0°C Högsta förvaringstemperatur 4°C",
    "allergens": "",
    "usage": "",
    "nutrition": [
      {
        "Näringsvärde": "Energi (kcal)",
        "100 Gram": "166 kcal"
      },
      {
        "Näringsvärde": "Energi (kJ)",
        "100 Gram": "694 kJ"
      },
      {
        "Näringsvärde": "Fett",
        "100 Gram": "8.7 g"
      },
      {
        "Näringsvärde": "Varav mättat fett",
        "100 Gram": "1.2 g"
      },
      {
        "Näringsvärde": "Kolhydrat",
        "100 Gram": "3.1 g"
      },
      {
        "Näringsvärde": "Varav sockerarter",
        "100 Gram": "1.3 g"
      },
      {
        "Näringsvärde": "Protein",
        "100 Gram": "18.8 g"
      },
      {
        "Näringsvärde": "Salt",
        "100 Gram": "3 g"
      }
    ],
    "nutritionUnitText": "",
    "categories": {
      "mainCategory": "Jul",
      "subCategories": [
        {
          "name": "Julens godaste varor",
          "subSubCategories": []
        }
      ]
    }
  },
  {
    "name": "Sejfilé bitar Fryst 400g ICA",
    "weightText": "0.4 kg",
    "caPart": "",
    "weightValue": 0.4,
    "weightUnit": "kg",
    "comparePrice": "122,38 kr/kg",
    "currentPrice": 48.95,
    "attributes": [],
    "imgUrl": "https://handlaprivatkund.ica.se/images-v3/bf7a00ca-390e-4769-865f-dc369586872e/c654f3ef-9cf4-4da5-afa6-c7ae6cd201aa/500x500.jpg",
    "productInformation": "ICAs frysta sej är en god matfisk som passar bra till grytor och gratänger. Se ICA.se för tips och recept.",
    "countryText": "",
    "companyText": "ICA",
    "ingrediensText": "Renskurna filéer av sej* (Pollachius virens). Enstaka ben kan förekomma. *Fångad i Nordostatlanten, fångstzon 27. Beroende på råvarutillgång varierar fångstområden och fångstmetoder för fisken. Dessa anges i ett kodsystem: A=Barents Hav B=Norska Havet 1=Trålar 2=Krokar och linor 3=Nät/garn 4=Ringnotar och sänkhåvar 5=Notar. För aktuell information, se kod vid bäst före-datum.",
    "storage": "",
    "allergens": "",
    "usage": "",
    "nutrition": [
      {
        "Näringsvärde": "Energi (kcal)",
        "100 Gram": "82 kcal"
      },
      {
        "Näringsvärde": "Energi (kJ)",
        "100 Gram": "344 kJ"
      },
      {
        "Näringsvärde": "Fett",
        "100 Gram": "0.5 g"
      },
      {
        "Näringsvärde": "Varav mättat fett",
        "100 Gram": "0 g"
      },
      {
        "Näringsvärde": "Kolhydrat",
        "100 Gram": "0 g"
      },
      {
        "Näringsvärde": "Varav sockerarter",
        "100 Gram": "0 g"
      },
      {
        "Näringsvärde": "Protein",
        "100 Gram": "19 g"
      },
      {
        "Näringsvärde": "Salt",
        "100 Gram": "0.2 g"
      }
    ],
    "nutritionUnitText": "Näringsvärde per 100 gram",
    "categories": {
      "mainCategory": "Fryst",
      "subCategories": [
        {
          "name": "Fryst fisk & Skaldjur",
          "subSubCategories": [
            "Fryst torsk & vitfisk"
          ]
        }
      ]
    }
  },
  {
    "name": "Fiskgratäng räksås Fryst 350g ICA",
    "weightText": "0.35 kg",
    "caPart": "",
    "weightValue": 0.35,
    "weightUnit": "kg",
    "comparePrice": "88,43 kr/kg",
    "currentPrice": 30.95,
    "attributes": [
      "MSC-märkt"
    ],
    "imgUrl": "https://handlaprivatkund.ica.se/images-v3/bf7a00ca-390e-4769-865f-dc369586872e/7fa77b22-0603-4d30-b9b4-ea6ae921a2a3/500x500.jpg",
    "productInformation": "Fryst fiskgratäng med vit fisk täckt med räksås och spritsat potatismos längs sidorna. En portion. Värm enkelt i ugn eller i mikrovågsugn.",
    "countryText": "",
    "companyText": "ICA",
    "ingrediensText": "POTATISMOS 50%: Vatten, potatismospulver (potatis, KÄRNMJÖLKSPULVER, MJÖLKPULVER, salt, GRÄDDPULVER, stabiliseringsmedel (E471), konserveringsmedel (E222 NATRIUMVÄTESULFIT), antioxidationsmedel (E300), kryddextrakt (svartpeppar)), SKUMMJÖLKSPULVER, smör (MJÖLK), salt, pepparextrakt. FISK 26%: Renskurna filéer av ALASKA POLLOCK* (Theragra chalcogramma). SÅS 21%: Vatten, SKUMMJÖLKPULVER, modifierad majsstärkelse, GRÄDDPULVER, smör (MJÖLK), dill 0,3%, räkkrydda (RÄKPULVER, salt, paprika), salt, citronpeppar (salt, svartpeppar, surhetsreglerande medel (E330), potatisstärkelse, socker, lök, citronextrakt), pepparextrakt, dillarom. RÄKOR 3%: RÄKOR** (Pandalus borealis) *Fiskad med trål i Stilla Havet, fångstzon 67. **Fiskade med trål i Nordvästatlanten, fångstzon 21.",
    "storage": "Djupfryst. I frysutrymme (–18°C eller kallare). Bör ej frysas om efter upptining. Lägsta förvaringstemperatur -25°C Högsta förvaringstemperatur -18°C",
    "allergens": "Innehåller Mjölk Innehåller Kräftdjur Innehåller Fisk Innehåller Svaveldioxid eller sulfit",
    "usage": "",
    "nutrition": [
      {
        "Näringsvärde": "Energi (kcal)",
        "100 Gram": "110 kcal"
      },
      {
        "Näringsvärde": "Energi (kJ)",
        "100 Gram": "457 kJ"
      },
      {
        "Näringsvärde": "Fett",
        "100 Gram": "3.5 g"
      },
      {
        "Näringsvärde": "Varav mättat fett",
        "100 Gram": "2.3 g"
      },
      {
        "Näringsvärde": "Kolhydrat",
        "100 Gram": "11 g"
      },
      {
        "Näringsvärde": "Varav sockerarter",
        "100 Gram": "3.6 g"
      },
      {
        "Näringsvärde": "Protein",
        "100 Gram": "8.1 g"
      },
      {
        "Näringsvärde": "Salt",
        "100 Gram": "1.2 g"
      }
    ],
    "nutritionUnitText": "Näringsvärde per 100 gram",
    "categories": {
      "mainCategory": "Fryst",
      "subCategories": [
        {
          "name": "Fryst färdigmat",
          "subSubCategories": [
            "Frysta portionsrätter",
            "Fryst enportion"
          ]
        }
      ]
    }
  },
  {
    "name": "Caviar röd storkorning stenbitsrom 80g Abba",
    "weightText": "0.08 kg",
    "caPart": "",
    "weightValue": 0.08,
    "weightUnit": "kg",
    "comparePrice": "449,38 kr/kg",
    "currentPrice": 35.95,
    "attributes": [
      "MSC-märkt"
    ],
    "imgUrl": "https://handlaprivatkund.ica.se/images-v3/bf7a00ca-390e-4769-865f-dc369586872e/c18778fd-f33e-4c9a-b012-8cdeee6e493a/500x500.jpg",
    "productInformation": "Rom från stenbit. Tillverkad i Kungshamn på bohuslänska västkusten. Produkten är MSC-märkt.",
    "countryText": "",
    "companyText": "Abba",
    "ingrediensText": "Saltad STENBITSROM* (88%), vatten, förtjockningsmedel (E415), konserveringsmedel (E211, E202), syra (E330), safflorextrakt, lökextrakt, färgämne (E120)",
    "storage": "I kylskåp max 8 °C. Öppnad förpackning konsumeras inom 14 dagar",
    "allergens": "",
    "usage": "",
    "nutrition": [
      {
        "Näringsvärde": "Energi (kcal)",
        "100 Gram": "90 kcal"
      },
      {
        "Näringsvärde": "Energi (kJ)",
        "100 Gram": "370 kJ"
      },
      {
        "Näringsvärde": "Fett",
        "100 Gram": "4 g"
      },
      {
        "Näringsvärde": "Varav mättat fett",
        "100 Gram": "0.9 g"
      },
      {
        "Näringsvärde": "Kolhydrat",
        "100 Gram": "2 g"
      },
      {
        "Näringsvärde": "Varav sockerarter",
        "100 Gram": "0 g"
      },
      {
        "Näringsvärde": "Protein",
        "100 Gram": "11 g"
      },
      {
        "Näringsvärde": "Salt",
        "100 Gram": "4.9 g"
      }
    ],
    "nutritionUnitText": "Näringsvärde per 100 gram",
    "categories": {
      "mainCategory": "Fisk & Skaldjur",
      "subCategories": [
        {
          "name": "Kaviar & Rom",
          "subSubCategories": [
            "Färsk rom"
          ]
        }
      ]
    }
  },
  {
    "name": "Torskfilér i bitar 375g Royal Greenland",
    "weightText": "0.375 kg",
    "caPart": "",
    "weightValue": 0.375,
    "weightUnit": "kg",
    "comparePrice": "231,87 kr/kg",
    "currentPrice": 86.95,
    "attributes": [
      "Nyckelhålet",
      "MSC-märkt"
    ],
    "imgUrl": "https://handlaprivatkund.ica.se/images-v3/bf7a00ca-390e-4769-865f-dc369586872e/bfc6ba17-d568-41fa-b270-c1401502d203/500x500.jpg",
    "productInformation": "Royal Greenlands MSC-certifierade torskfiléer i bitar är perfekta för grytor och fiskgratänger eller en läcker fisksoppa. Torsken är en klassiker på vårt middagsbord och med torskryggfiléerna från Royal Greenland är det besvärliga arbetet redan gjort.",
    "countryText": "",
    "companyText": "Royal Greenland",
    "ingrediensText": "INGREDIENSER: Torskfilé (FISK) (Gadus morhua), renskurna bitar av filé, 2-6 bitar. Fångade i Barents hav, Norska havet och farvattnen kring Svalbard och Björnön, Nordsjön med trålar, krokar och linor. Enstaka ben kan förekomma.",
    "storage": "Lägsta förvaringstemperatur -25°C Högsta förvaringstemperatur -18°C",
    "allergens": "Innehåller Fisk",
    "usage": "",
    "nutrition": [
      {
        "Näringsvärde": "Energi (kcal)",
        "100 Gram": "77 kcal"
      },
      {
        "Näringsvärde": "Energi (kJ)",
        "100 Gram": "325 kJ"
      },
      {
        "Näringsvärde": "Fett",
        "100 Gram": "0.5 g"
      },
      {
        "Näringsvärde": "Varav mättat fett",
        "100 Gram": "0.3 g"
      },
      {
        "Näringsvärde": "Kolhydrat",
        "100 Gram": "0 g"
      },
      {
        "Näringsvärde": "Varav sockerarter",
        "100 Gram": "0 g"
      },
      {
        "Näringsvärde": "Protein",
        "100 Gram": "18 g"
      },
      {
        "Näringsvärde": "Salt",
        "100 Gram": "0.2 g"
      }
    ],
    "nutritionUnitText": "Näringsvärde per 100 gram",
    "categories": {
      "mainCategory": "Fryst",
      "subCategories": [
        {
          "name": "Fryst fisk & Skaldjur",
          "subSubCategories": [
            "Fryst torsk & vitfisk"
          ]
        }
      ]
    }
  },
  {
    "name": "Lax i portionsbitar Fryst 2-p 280g KRAV ICA I love eco",
    "weightText": "0.28 kg",
    "caPart": "",
    "weightValue": 0.28,
    "weightUnit": "kg",
    "comparePrice": "349,82 kr/kg",
    "currentPrice": 97.95,
    "attributes": [
      "Nyckelhålet",
      "Ekologiskt",
      "KRAV"
    ],
    "imgUrl": "https://handlaprivatkund.ica.se/images-v3/bf7a00ca-390e-4769-865f-dc369586872e/004a7753-5bd6-496f-87a9-ddb5b5df16a5/500x500.jpg",
    "productInformation": "ICA I love eco Lax i portionsbitar är perfekta att ha i frysen för att snabbt plocka fram och göra en god middag. Vår lax är ekologisk odlad utanför Nordnorges kust och KRAV-märkt. Den är benfri och skuren i portionsbitar, så att du kan börja laga direkt. Stek, grilla, ugnsstek eller koka – lax kan du göra allt ifrån att grilla med sesamfrön eller ugnssteka till en asiatisk sallad till att lägga i en fiskgryta med saffran och räkor.",
    "countryText": "",
    "companyText": "ICA I love eco",
    "ingrediensText": "Laxfilé* (Salmo salar) utan skinn. *Odlad i Norge. Enstaka ben kan förekomma.",
    "storage": "Lägsta förvaringstemperatur -25°C Högsta förvaringstemperatur -18°C",
    "allergens": "Innehåller Fisk",
    "usage": "",
    "nutrition": [
      {
        "Näringsvärde": "Energi (kcal)",
        "100 Gram": "180 kcal"
      },
      {
        "Näringsvärde": "Energi (kJ)",
        "100 Gram": "750 kJ"
      },
      {
        "Näringsvärde": "Fett",
        "100 Gram": "12 g"
      },
      {
        "Näringsvärde": "Varav mättat fett",
        "100 Gram": "2.6 g"
      },
      {
        "Näringsvärde": "Kolhydrat",
        "100 Gram": "0 g"
      },
      {
        "Näringsvärde": "Varav sockerarter",
        "100 Gram": "0 g"
      },
      {
        "Näringsvärde": "Protein",
        "100 Gram": "18 g"
      }
    ],
    "nutritionUnitText": "Näringsvärde per 100 gram",
    "categories": {
      "mainCategory": "Fryst",
      "subCategories": [
        {
          "name": "Fryst fisk & Skaldjur",
          "subSubCategories": [
            "Fryst lax"
          ]
        }
      ]
    }
  },
  {
    "name": "Fiskgratäng räk & dillsås Fryst 600g Findus",
    "weightText": "0.6 kg",
    "caPart": "",
    "weightValue": 0.6,
    "weightUnit": "kg",
    "comparePrice": "89,92 kr/kg",
    "currentPrice": 53.95,
    "attributes": [
      "MSC-märkt"
    ],
    "imgUrl": "https://handlaprivatkund.ica.se/images-v3/bf7a00ca-390e-4769-865f-dc369586872e/dc963904-0600-4a47-aba1-46d7fae285c5/500x500.jpg",
    "productInformation": "En klassisk fiskgratäng med räk- och dillsås. Findus Fiskgratäng Räk- & dillsås är gjord på renskurna filéer av Alaska pollock samt ett fylligt potatismos. Fisken täcks sedan av en krämig sås på räkor och dill. En svårslagen kombination som passar utmärkt till vardagsmiddagen. Tillaga fiskgratängen enkelt i ugnen och njut av en god fiskmåltid!",
    "countryText": "",
    "companyText": "Findus",
    "ingrediensText": "Mos 48 %: Kokt Potatis, MJÖLKPULVER, solrosolja, ÄGGULA, SMÖR, salt, svartpeppar. Fisk 27 %: Renskurna filéer av ALASKA POLLOCK* (Theragra chalcogramma). Sås 25 %: SKUMMJÖLK, vatten, RÄKOR** 2,5 % (Pandalus borealis), stärkelse (VETE, majs, potatis), VISPGRÄDDE, solrosolja, vitt vin, lök, tomatpuré, dill 0,4 %, salt, morötter, citronjuice, FISKPULVER, vitlök, socker, RÄKEXTRAKT, lökpulver, naturlig arom, vitpeppar, lagerblad, svartpeppar. *Fiskad i nordöstra eller nordvästra Stilla havet. **Fiskad i Nordostatlanten (Barents hav, Norska havet, Spetsbergen eller Björnön).",
    "storage": "FÖRVARING OCH MINSTA HÅLLBARHETI frysutrymme (-18ºC eller kallare), se datummärkning. Bör alltid förvaras fryst. Bör ej frysas efter upptining. Lägsta förvaringstemperatur -25°C Högsta förvaringstemperatur -18°C",
    "allergens": "Innehåller Kräftdjur Innehåller Ägg Innehåller Spannmål som innehåller gluten Innehåller Fisk Innehåller Mjölk",
    "usage": "",
    "nutrition": [
      {
        "Näringsvärde": "Energi (kcal)",
        "100 Gram": "108 kcal"
      },
      {
        "Näringsvärde": "Energi (kJ)",
        "100 Gram": "455 kJ"
      },
      {
        "Näringsvärde": "Fett",
        "100 Gram": "3.5 g"
      },
      {
        "Näringsvärde": "Varav mättat fett",
        "100 Gram": "1.2 g"
      },
      {
        "Näringsvärde": "Kolhydrat",
        "100 Gram": "12 g"
      },
      {
        "Näringsvärde": "Varav sockerarter",
        "100 Gram": "1.9 g"
      },
      {
        "Näringsvärde": "Fiber",
        "100 Gram": "0.7 g"
      },
      {
        "Näringsvärde": "Protein",
        "100 Gram": "6.8 g"
      },
      {
        "Näringsvärde": "Salt",
        "100 Gram": "0.93 g"
      }
    ],
    "nutritionUnitText": "",
    "categories": {
      "mainCategory": "Fryst",
      "subCategories": [
        {
          "name": "Fryst färdigmat",
          "subSubCategories": [
            "Frysta portionsrätter",
            "Fryst flerportion"
          ]
        }
      ]
    }
  },
  {
    "name": "Ryggfilé av Torsk Fryst 3-p 420g ICA",
    "weightText": "0.42 kg",
    "caPart": "",
    "weightValue": 0.42,
    "weightUnit": "kg",
    "comparePrice": "283,33 kr/kg",
    "currentPrice": 119,
    "attributes": [],
    "imgUrl": "https://handlaprivatkund.ica.se/images-v3/bf7a00ca-390e-4769-865f-dc369586872e/34bfff0a-2274-4fc8-a282-5eecd76805ca/500x500.jpg",
    "productInformation": "ICA Ryggfilé av Torsk är den finaste delen av torsken som du både kan steka eller använda i soppa, gryta och gratäng. Men allra godast blir den nästan av att bara smörstekas. Vår torsk är givetvis MSC-märkt, vilket betyder att den har fiskats hållbart.",
    "countryText": "",
    "companyText": "ICA",
    "ingrediensText": "Renskurna filéer av TORSK * (Gadus morhua). Enstaka ben kan förekomma. * Fängad i Nordostatlanten, fängstzon 27. Beroande på rävarutillgäng varierar fängstomräden och fängstmetoder för fisken. Dessa anges i ett kodsystem: A = Barents hav B= Norska havet 1 = Fängad med trålar 2= Fängad med krokar och linor 3= Fängad med nät/garn 4= Fängad med notar. För aktuell information, se kod vid bäst före datum.",
    "storage": "",
    "allergens": "",
    "usage": "",
    "nutrition": [
      {
        "Näringsvärde": "Energi (kcal)",
        "100 Gram": "78 kcal"
      },
      {
        "Näringsvärde": "Energi (kJ)",
        "100 Gram": "328 kJ"
      },
      {
        "Näringsvärde": "Fett",
        "100 Gram": "0.5 g"
      },
      {
        "Näringsvärde": "Varav mättat fett",
        "100 Gram": "0.5 g"
      },
      {
        "Näringsvärde": "Kolhydrat",
        "100 Gram": "0 g"
      },
      {
        "Näringsvärde": "Varav sockerarter",
        "100 Gram": "0 g"
      },
      {
        "Näringsvärde": "Protein",
        "100 Gram": "18 g"
      },
      {
        "Näringsvärde": "Salt",
        "100 Gram": "0.2 g"
      }
    ],
    "nutritionUnitText": "Näringsvärde per 100 gram",
    "categories": {
      "mainCategory": "Fryst",
      "subCategories": [
        {
          "name": "Fryst fisk & Skaldjur",
          "subSubCategories": [
            "Fryst torsk & vitfisk"
          ]
        }
      ]
    }
  },
  {
    "name": "Fiskpinnar 450g ICA",
    "weightText": "0.45 kg",
    "caPart": "",
    "weightValue": 0.45,
    "weightUnit": "kg",
    "comparePrice": "67,78 kr/kg",
    "currentPrice": 30.5,
    "attributes": [
      "MSC-märkt"
    ],
    "imgUrl": "https://handlaprivatkund.ica.se/images-v3/bf7a00ca-390e-4769-865f-dc369586872e/eb78e19d-38d9-43c2-9cb3-27bd2400f9f5/500x500.jpg",
    "productInformation": "ICA Fiskpinnar är panerade bitar av vit fisk med mild smak och krispig yta. En riktig svensk klassiker – och de flesta barnens favoritfisk. Testa att servera med ett hemgjort potatismos och en kall dillsås.",
    "countryText": "",
    "companyText": "ICA",
    "ingrediensText": "ALASKA POLLOCK* (Theragra chalcogramma) 65%, ströbröd (VETEMJÖL, rapsolja, vatten, potatisstärkelse, salt, jäst, kryddor (paprika, gurkmeja)). Enstaka ben kan förekomma. *Fiskad med trålar i (A) nordvästra Stilla havet FAO 61 (Beringshavet/Okhotskhavet) eller i (B) nordöstra Stilla havet FAO 67 (Beringshavet/Alaskabukten). För aktuellt fångstområde, se bäst-före rutan.",
    "storage": "I frysutrymme (–18°C eller kallare). Bör ej frysas om efter upptining. Lägsta förvaringstemperatur -18°C Högsta förvaringstemperatur -18°C",
    "allergens": "Innehåller Fisk Innehåller Spannmål som innehåller gluten",
    "usage": "",
    "nutrition": [
      {
        "Näringsvärde": "Energi (kcal)",
        "100 Gram": "181 kcal"
      },
      {
        "Näringsvärde": "Energi (kJ)",
        "100 Gram": "759 kJ"
      },
      {
        "Näringsvärde": "Fett",
        "100 Gram": "7.9 g"
      },
      {
        "Näringsvärde": "Varav mättat fett",
        "100 Gram": "1 g"
      },
      {
        "Näringsvärde": "Kolhydrat",
        "100 Gram": "15 g"
      },
      {
        "Näringsvärde": "Varav sockerarter",
        "100 Gram": "1 g"
      },
      {
        "Näringsvärde": "Fiber",
        "100 Gram": "0.9 g"
      },
      {
        "Näringsvärde": "Protein",
        "100 Gram": "12 g"
      },
      {
        "Näringsvärde": "Salt",
        "100 Gram": "0.83 g"
      }
    ],
    "nutritionUnitText": "Näringsvärde per 100 gram",
    "categories": {
      "mainCategory": "Fisk & Skaldjur",
      "subCategories": [
        {
          "name": "Färdiga fiskrätter",
          "subSubCategories": [
            "Fiskpinnar & Panerad fisk",
            "Fiskpinnar"
          ]
        }
      ]
    }
  },
  {
    "name": "Surimisticks 200g ICA",
    "weightText": "0.2 kg",
    "caPart": "",
    "weightValue": 0.2,
    "weightUnit": "kg",
    "comparePrice": "84,75 kr/kg",
    "currentPrice": 16.95,
    "attributes": [
      "MSC-märkt"
    ],
    "imgUrl": "https://handlaprivatkund.ica.se/images-v3/bf7a00ca-390e-4769-865f-dc369586872e/edc1a44e-a45f-4d79-bf5b-503c824ced16/500x500.jpg",
    "productInformation": "",
    "countryText": "",
    "companyText": "ICA",
    "ingrediensText": "Fiskfärs 49% (ALASKA POLLOCK (Theragra chalcogramma), STILLA HAVSKUMMEL (Merluccius productus)), vatten, ÄGGVITA, VETESTÄRKELSE, potatisstärkelse, socker, salt, aromer (innehåller KRÄFTDJUR), ÄGG, färgämnen (E120, E160c) ärtstärkelse. Kan innehålla spår av soja.",
    "storage": "I frysutrymme (–18°C eller kallare). Bör ej frysas om efter upptining. Lägsta förvaringstemperatur -18°C Högsta förvaringstemperatur -18°C",
    "allergens": "Innehåller Kräftdjur Kan innehålla Sojabönor Innehåller Spannmål som innehåller gluten Innehåller Fisk Innehåller Ägg",
    "usage": "",
    "nutrition": [
      {
        "Näringsvärde": "Energi (kcal)",
        "100 Gram": "84 kcal"
      },
      {
        "Näringsvärde": "Energi (kJ)",
        "100 Gram": "357 kJ"
      },
      {
        "Näringsvärde": "Fett",
        "100 Gram": "0.6 g"
      },
      {
        "Näringsvärde": "Varav mättat fett",
        "100 Gram": "0.5 g"
      },
      {
        "Näringsvärde": "Kolhydrat",
        "100 Gram": "11 g"
      },
      {
        "Näringsvärde": "Varav sockerarter",
        "100 Gram": "5.4 g"
      },
      {
        "Näringsvärde": "Protein",
        "100 Gram": "8.8 g"
      },
      {
        "Näringsvärde": "Salt",
        "100 Gram": "1.7 g"
      }
    ],
    "nutritionUnitText": "Näringsvärde per 100 gram",
    "categories": {
      "mainCategory": "Fryst",
      "subCategories": [
        {
          "name": "Fryst fisk & Skaldjur",
          "subSubCategories": [
            "Frysta skaldjursdelikatesser"
          ]
        }
      ]
    }
  },
  {
    "name": "Rödspättafilé Fryst 400g ICA",
    "weightText": "0.4 kg",
    "caPart": "",
    "weightValue": 0.4,
    "weightUnit": "kg",
    "comparePrice": "204,88 kr/kg",
    "currentPrice": 81.95,
    "attributes": [
      "Nyckelhålet",
      "MSC-märkt"
    ],
    "imgUrl": "https://handlaprivatkund.ica.se/images-v3/bf7a00ca-390e-4769-865f-dc369586872e/28a88061-80c1-4e12-bc4f-c890d5e48b08/500x500.jpg",
    "productInformation": "ICA Rödspättafiléer är styckfrysta filéer som går snabbt att tina och är lätta att tillaga. De är tunna och passar både att panera och steka upp. En klassiker är förstås att servera den stekta spättafilén till kokt potatis och remouladsås, men du som är lite mer äventyrlig kan testa att servera med till exempel rödbeta, kapris och citron och få en underbar blandning av sött, salt och syrligt!",
    "countryText": "",
    "companyText": "ICA",
    "ingrediensText": "Renskurna filéer av RÖDSPÄTTA* (Pleuronectes platessa).Enstaka ben kan förekomma. *Fångad med trålar i Nordsjön,fångstzon 27,4. Vikt: 400g netto (exklusive skyddandeishinna).",
    "storage": "Lägsta förvaringstemperatur -25°C Högsta förvaringstemperatur -18°C",
    "allergens": "Innehåller Fisk",
    "usage": "",
    "nutrition": [
      {
        "Näringsvärde": "Energi (kcal)",
        "100 Gram": "70 kcal"
      },
      {
        "Näringsvärde": "Energi (kJ)",
        "100 Gram": "310 kJ"
      },
      {
        "Näringsvärde": "Fett",
        "100 Gram": "1.1 g"
      },
      {
        "Näringsvärde": "Varav mättat fett",
        "100 Gram": "0.5 g"
      },
      {
        "Näringsvärde": "Kolhydrat",
        "100 Gram": "0 g"
      },
      {
        "Näringsvärde": "Varav sockerarter",
        "100 Gram": "0 g"
      },
      {
        "Näringsvärde": "Protein",
        "100 Gram": "15 g"
      },
      {
        "Näringsvärde": "Salt",
        "100 Gram": "0.4 g"
      }
    ],
    "nutritionUnitText": "Näringsvärde per 100 gram",
    "categories": {
      "mainCategory": "Fisk & Skaldjur",
      "subCategories": [
        {
          "name": "Fisk",
          "subSubCategories": [
            "Rödspätta & Plattfisk",
            "Fryst Rödspätta & Plattfisk"
          ]
        }
      ]
    }
  },
  {
    "name": "Alaska pollock 600g ICA",
    "weightText": "0.6 kg",
    "caPart": "",
    "weightValue": 0.6,
    "weightUnit": "kg",
    "comparePrice": "116,58 kr/kg",
    "currentPrice": 69.95,
    "attributes": [
      "Nyckelhålet",
      "MSC-märkt"
    ],
    "imgUrl": "https://handlaprivatkund.ica.se/images-v3/bf7a00ca-390e-4769-865f-dc369586872e/ff6b2020-0cab-4553-8606-892ee4de6d03/500x500.jpg",
    "productInformation": "ICA Alaska pollock är en matfisk med mild smak som passar bra att steka och äta som den är eller använda i soppa, gryta och gratäng.",
    "countryText": "",
    "companyText": "ICA",
    "ingrediensText": "Ingredienser Renskurna filéer av ALASKA POLLOCK* (Theragra chalcogramma). *Fångad med trål i Stilla Havet, fångstzon 61, 67. Enstaka ben kan förekomma.",
    "storage": "Lägsta förvaringstemperatur -23°C Högsta förvaringstemperatur -18°C",
    "allergens": "Innehåller Fisk",
    "usage": "",
    "nutrition": [
      {
        "Näringsvärde": "Energi (kcal)",
        "100 Gram": "72 kcal"
      },
      {
        "Näringsvärde": "Energi (kJ)",
        "100 Gram": "307 kJ"
      },
      {
        "Näringsvärde": "Fett",
        "100 Gram": "0.4 g"
      },
      {
        "Näringsvärde": "Varav mättat fett",
        "100 Gram": "0 g"
      },
      {
        "Näringsvärde": "Kolhydrat",
        "100 Gram": "0 g"
      },
      {
        "Näringsvärde": "Varav sockerarter",
        "100 Gram": "0 g"
      },
      {
        "Näringsvärde": "Protein",
        "100 Gram": "17 g"
      },
      {
        "Näringsvärde": "Salt",
        "100 Gram": "0.4 g"
      }
    ],
    "nutritionUnitText": "Näringsvärde per 100 gram",
    "categories": {
      "mainCategory": "Fryst",
      "subCategories": [
        {
          "name": "Fryst fisk & Skaldjur",
          "subSubCategories": [
            "Fryst torsk & vitfisk"
          ]
        }
      ]
    }
  },
  {
    "name": "Stora räkor med skal 70/90 st/kg Fryst 500g ICA",
    "weightText": "0.5 kg",
    "caPart": "",
    "weightValue": 0.5,
    "weightUnit": "kg",
    "comparePrice": "157,90 kr/kg",
    "currentPrice": 78.95,
    "attributes": [
      "Nyckelhålet",
      "MSC-märkt"
    ],
    "imgUrl": "https://handlaprivatkund.ica.se/images-v3/bf7a00ca-390e-4769-865f-dc369586872e/733f1212-031a-46da-8190-3e3c222b6a79/500x500.jpg",
    "productInformation": "ICA Räkor med skal 70-90 st/kg är fina frysta MSC-märkta räkor som fiskats på ett hållbart sätt. Bästa sättet att tina dem är långsamt i kylskåpet så de behåller sin goda smak och konsistens. Slå gärna in dem i papper som suger upp vätskan. Du kan också tina dem i ett durkslag i rumstemperatur.",
    "countryText": "",
    "companyText": "ICA",
    "ingrediensText": "Kokta ISHAVSRÄKOR* med skal/skall (Pandalus borealis), salt. Kan innehålla spår/spor av fisk. Storlek/størrelse: 70-90 st/kg. *Fångade med trålar i Nordvästatlanten/Nordveslige atlanterhavet, fångstzon 21.",
    "storage": "Lägsta förvaringstemperatur -25°C Högsta förvaringstemperatur -18°C",
    "allergens": "Innehåller Kräftdjur Kan innehålla Fisk",
    "usage": "",
    "nutrition": [],
    "nutritionUnitText": "Näringsvärde per styck",
    "categories": {
      "mainCategory": "Fisk & Skaldjur",
      "subCategories": [
        {
          "name": "Skaldjur",
          "subSubCategories": [
            "Räkor",
            "Frysta räkor"
          ]
        }
      ]
    }
  },
  {
    "name": "Matjessill i bitar 200g Klädesholmen",
    "weightText": "0.125 kg",
    "caPart": "",
    "weightValue": 0.125,
    "weightUnit": "kg",
    "comparePrice": "151,60 kr/kg u. spad",
    "currentPrice": 18.95,
    "attributes": [],
    "imgUrl": "https://handlaprivatkund.ica.se/images-v3/bf7a00ca-390e-4769-865f-dc369586872e/b3bdc081-9fe3-4710-ada4-b734957693de/500x500.jpg",
    "productInformation": "Klädesholmen Matjessill i bitar 200g Plastförpackning.",
    "countryText": "",
    "companyText": "Klädesholmen",
    "ingrediensText": "INGREDIENSER: Kryddad SILL (125g)(Clupea harengus) i bitar (SILL, salt, socker, kryddor), vatten, socker, röd vinättika (rödvinsvinäger, ättika, vatten), ättika, kryddor, dill, konserveringsmedel (E211), kryddextrakt, arom.",
    "storage": "Förvaras kylt.",
    "allergens": "",
    "usage": "",
    "nutrition": [
      {
        "Näringsvärde": "Energi (kcal)",
        "100 Gram": "230 kcal"
      },
      {
        "Näringsvärde": "Energi (kJ)",
        "100 Gram": "950 kJ"
      },
      {
        "Näringsvärde": "Fett",
        "100 Gram": "14 g"
      },
      {
        "Näringsvärde": "Varav mättat fett",
        "100 Gram": "4 g"
      },
      {
        "Näringsvärde": "Kolhydrat",
        "100 Gram": "15 g"
      },
      {
        "Näringsvärde": "Varav sockerarter",
        "100 Gram": "15 g"
      },
      {
        "Näringsvärde": "Protein",
        "100 Gram": "12 g"
      },
      {
        "Näringsvärde": "Salt",
        "100 Gram": "6 g"
      }
    ],
    "nutritionUnitText": "Näringsvärde per 100 gram",
    "categories": {
      "mainCategory": "Fisk & Skaldjur",
      "subCategories": [
        {
          "name": "Sill & Ansjovis",
          "subSubCategories": [
            "Inlagd sill"
          ]
        }
      ]
    }
  },
  {
    "name": "Frasiga fiskfiléer Glutenfria 340g Findus",
    "weightText": "0.34 kg",
    "caPart": "",
    "weightValue": 0.34,
    "weightUnit": "kg",
    "comparePrice": "161,62 kr/kg",
    "currentPrice": 54.95,
    "attributes": [
      "Glutenfritt",
      "MSC-märkt"
    ],
    "imgUrl": "https://handlaprivatkund.ica.se/images-v3/bf7a00ca-390e-4769-865f-dc369586872e/fe3920b8-7987-48b9-a676-9678d189113a/500x500.jpg",
    "productInformation": "SUNT OCH GOTT! Panerad fisk är ett gott, sunt och enkelt middagsval som ska kunna ätas av alla! Våra Frasiga Fiskfiléer har en unik panering som är glutenfri. Blandningen av rismjöl och kikärtsmjöl ger paneringen en spröd krispighet. Frasiga Fiskfiléer är gjorda av Alaska pollock som fiskats med stor omsorg i det kalla norra Stilla havet. De är en bra proteinkälla som är rik på omega-3 och har lågt innehåll av mättat fett. Frasiga Fiskfiléer smakar allra bäst och behåller sin frasighet om de tilllagas i ugnen. Smaklig måltid!",
    "countryText": "",
    "companyText": "Findus",
    "ingrediensText": "Renskurna filéer av ALASKA POLLOCK* (FISK) 59 % (Theragra chalcogramma), rapsolja, rismjöl 9,7 %, majsstärkelse, vatten, kikärtsmjöl 4,4 %, majsmjöl, salt, potatisstärkelse, kryddor (paprika, peppar), druvsocker, lökpulver, kryddextrakt. *Fiskad i nordöstra eller nordvästra Stilla havet. Trots stor noggrannhet med att ta bort alla fiskben kan det finnas ben kvar.",
    "storage": "FÖRVARING OCH MINSTA HÅLLBARHET: I frysutrymme (-18ºC eller kallare), se datummärkning. Bör alltid förvaras fryst. Lägsta förvaringstemperatur -25°C Högsta förvaringstemperatur -18°C",
    "allergens": "Innehåller Fisk",
    "usage": "",
    "nutrition": [
      {
        "Näringsvärde": "Energi (kcal)",
        "100 Gram": "229 kcal"
      },
      {
        "Näringsvärde": "Energi (kJ)",
        "100 Gram": "959 kJ"
      },
      {
        "Näringsvärde": "Fett",
        "100 Gram": "12 g"
      },
      {
        "Näringsvärde": "Varav mättat fett",
        "100 Gram": "1 g"
      },
      {
        "Näringsvärde": "Kolhydrat",
        "100 Gram": "18 g"
      },
      {
        "Näringsvärde": "Varav sockerarter",
        "100 Gram": "0.5 g"
      },
      {
        "Näringsvärde": "Fiber",
        "100 Gram": "0.6 g"
      },
      {
        "Näringsvärde": "Protein",
        "100 Gram": "12 g"
      },
      {
        "Näringsvärde": "Salt",
        "100 Gram": "0.99 g"
      },
      {
        "Näringsvärde": "Selen",
        "100 Gram": "12 µg"
      }
    ],
    "nutritionUnitText": "",
    "categories": {
      "mainCategory": "Fisk & Skaldjur",
      "subCategories": [
        {
          "name": "Färdiga fiskrätter",
          "subSubCategories": [
            "Fiskpinnar & Panerad fisk",
            "Panerad fisk"
          ]
        }
      ]
    }
  },
  {
    "name": "Kaviar original 190g Kalles",
    "weightText": "0.19 kg",
    "caPart": "",
    "weightValue": 0.19,
    "weightUnit": "kg",
    "comparePrice": "150,00 kr/kg",
    "currentPrice": 28.5,
    "attributes": [
      "MSC-märkt"
    ],
    "imgUrl": "https://handlaprivatkund.ica.se/images-v3/bf7a00ca-390e-4769-865f-dc369586872e/e57664ab-ce1f-48d0-951a-ac0f713a048e/500x500.jpg",
    "productInformation": "Kalles Original 190g är en riktig klassiker på mackan. Kaviaren är gjord på mildrökt rom och passar utmärkt som pålägg på frukostmackan, mellanmålet eller till kokta ägg! Kalles kaviar har varit hela Sveriges oersättliga favorit på frukostbordet sedan 1954. Kalles kaviar görs av utvald rom från torsk&sej som fiskas framför allt i Nordnorge (Norska Havet & Barents hav). Kalles kaviar tillverkas i Sverige, i den idylliska fiskorten Kungshamn på västkusten. Vill du ta del av Kalles värld eller inspireras av riktigt smarriga kaviarmackor - besök kalles.se.",
    "countryText": "",
    "companyText": "Kalles",
    "ingrediensText": "Rökt sockersaltad rom från TORSKFISKAR (52%), rapsolja, socker, potatisflingor, tomatpuré, salt, konserveringsmedel (kaliumsorbat), antioxidationsmedel (askorbinsyra)",
    "storage": "I kylskåp 2-8 °C",
    "allergens": "",
    "usage": "",
    "nutrition": [
      {
        "Näringsvärde": "Energi (kcal)",
        "100 Gram": "401 kcal"
      },
      {
        "Näringsvärde": "Energi (kJ)",
        "100 Gram": "1679 kJ"
      },
      {
        "Näringsvärde": "Fett",
        "100 Gram": "34 g"
      },
      {
        "Näringsvärde": "Varav mättat fett",
        "100 Gram": "2.5 g"
      },
      {
        "Näringsvärde": "Kolhydrat",
        "100 Gram": "16 g"
      },
      {
        "Näringsvärde": "Varav sockerarter",
        "100 Gram": "12 g"
      },
      {
        "Näringsvärde": "Protein",
        "100 Gram": "8.7 g"
      },
      {
        "Näringsvärde": "Salt",
        "100 Gram": "6.3 g"
      }
    ],
    "nutritionUnitText": "Näringsvärde per 100 gram",
    "categories": {
      "mainCategory": "Fisk & Skaldjur",
      "subCategories": [
        {
          "name": "Kaviar & Rom",
          "subSubCategories": [
            "Kaviar"
          ]
        }
      ]
    }
  },
  {
    "name": "Lax Färsk Varmrökt 125g Miljömärkt ICA",
    "weightText": "0.125 kg",
    "caPart": "",
    "weightValue": 0.125,
    "weightUnit": "kg",
    "comparePrice": "455,60 kr/kg",
    "currentPrice": 56.95,
    "attributes": [
      "Nyckelhålet"
    ],
    "imgUrl": "https://handlaprivatkund.ica.se/images-v3/bf7a00ca-390e-4769-865f-dc369586872e/f3c7622f-8b5f-49aa-a575-7cb2dacc751c/500x500.jpg",
    "productInformation": "ICA Varmrökt lax görs på lax som kommer från en ASC-certifierad ansvarsfull odling.",
    "countryText": "",
    "companyText": "ICA",
    "ingrediensText": "LAXFILÉ* 99% (Salmo salar), salt.*Odlad i Norge.",
    "storage": "kylvara, 0 - +4°C",
    "allergens": "Innehåller Fisk",
    "usage": "Bäst före-datum gäller endast för oöppnad förpackning",
    "nutrition": [
      {
        "Näringsvärde": "Energi (kcal)",
        "100 Gram": "243 kcal"
      },
      {
        "Näringsvärde": "Energi (kJ)",
        "100 Gram": "1010 kJ"
      },
      {
        "Näringsvärde": "Fett",
        "100 Gram": "17 g"
      },
      {
        "Näringsvärde": "Varav mättat fett",
        "100 Gram": "2.6 g"
      },
      {
        "Näringsvärde": "Kolhydrat",
        "100 Gram": "0 g"
      },
      {
        "Näringsvärde": "Varav sockerarter",
        "100 Gram": "0 g"
      },
      {
        "Näringsvärde": "Protein",
        "100 Gram": "22 g"
      },
      {
        "Näringsvärde": "Salt",
        "100 Gram": "1.3 g"
      }
    ],
    "nutritionUnitText": "Näringsvärde per 100 gram",
    "categories": {
      "mainCategory": "Jul",
      "subCategories": [
        {
          "name": "Julmat",
          "subSubCategories": [
            "Lax & Gravlaxsås"
          ]
        }
      ]
    }
  },
  {
    "name": "Kaviar mildrökt 350g ICA",
    "weightText": "0.35 kg",
    "caPart": "",
    "weightValue": 0.35,
    "weightUnit": "kg",
    "comparePrice": "87,14 kr/kg",
    "currentPrice": 30.5,
    "attributes": [
      "MSC-märkt"
    ],
    "imgUrl": "https://handlaprivatkund.ica.se/images-v3/bf7a00ca-390e-4769-865f-dc369586872e/35ffddbd-2bf4-4629-a243-0c671318de5e/500x500.jpg",
    "productInformation": "",
    "countryText": "",
    "companyText": "ICA",
    "ingrediensText": "Sockersaltad rökt ROM FRÅN TORSKFISKAR* 52%, rapsolja, socker, vatten, potatisflingor, tomatpuré, salt, konserveringsmedel (E211), antioxidationsmedel (E300). *För exakt information se kod på tuben. T=torsk (Gadus morhua), S=sej (Pollachius virens), fiskeområde: A=Norska havet, B=Island Va, C=Färöarna Vb, D=Barents hav.",
    "storage": "Lägsta förvaringstemperatur 0°C Högsta förvaringstemperatur 8°C",
    "allergens": "",
    "usage": "",
    "nutrition": [
      {
        "Näringsvärde": "Energi (kcal)",
        "100 Gram": "420 kcal"
      },
      {
        "Näringsvärde": "Energi (kJ)",
        "100 Gram": "1750 kJ"
      },
      {
        "Näringsvärde": "Fett",
        "100 Gram": "37 g"
      },
      {
        "Näringsvärde": "Varav mättat fett",
        "100 Gram": "2.6 g"
      },
      {
        "Näringsvärde": "Kolhydrat",
        "100 Gram": "13 g"
      },
      {
        "Näringsvärde": "Varav sockerarter",
        "100 Gram": "12 g"
      },
      {
        "Näringsvärde": "Protein",
        "100 Gram": "9.3 g"
      },
      {
        "Näringsvärde": "Salt",
        "100 Gram": "5.3 g"
      }
    ],
    "nutritionUnitText": "Näringsvärde per 100 gram",
    "categories": {
      "mainCategory": "Fisk & Skaldjur",
      "subCategories": [
        {
          "name": "Kaviar & Rom",
          "subSubCategories": [
            "Kaviar"
          ]
        }
      ]
    }
  },
  {
    "name": "Kaviar mild 250g ICA",
    "weightText": "0.25 kg",
    "caPart": "",
    "weightValue": 0.25,
    "weightUnit": "kg",
    "comparePrice": "99,80 kr/kg",
    "currentPrice": 24.95,
    "attributes": [
      "MSC-märkt"
    ],
    "imgUrl": "https://handlaprivatkund.ica.se/images-v3/bf7a00ca-390e-4769-865f-dc369586872e/b14570b0-cce1-471a-9283-dae830cc0def/500x500.jpg",
    "productInformation": "",
    "countryText": "",
    "companyText": "ICA",
    "ingrediensText": "Sockersaltad rökt ROM FRÅN TORSKFISKAR* 52%, rapsolja, socker, vatten, potatisflingor, tomatpuré, salt, konserveringsmedel (E211), antioxidationsmedel (E300). *För exakt information se kod på tuben. T=torsk (Gadus morhua), S=sej (Pollachius virens), fiskeområde: A=Norska havet, B=Island Va, C=Färöarna Vb, D=Barents hav.",
    "storage": "",
    "allergens": "",
    "usage": "",
    "nutrition": [
      {
        "Näringsvärde": "Energi (kcal)",
        "100 Gram": "420 kcal"
      },
      {
        "Näringsvärde": "Energi (kJ)",
        "100 Gram": "1750 kJ"
      },
      {
        "Näringsvärde": "Fett",
        "100 Gram": "37 g"
      },
      {
        "Näringsvärde": "Varav mättat fett",
        "100 Gram": "2.6 g"
      },
      {
        "Näringsvärde": "Kolhydrat",
        "100 Gram": "13 g"
      },
      {
        "Näringsvärde": "Varav sockerarter",
        "100 Gram": "12 g"
      },
      {
        "Näringsvärde": "Protein",
        "100 Gram": "9.3 g"
      },
      {
        "Näringsvärde": "Salt",
        "100 Gram": "5.3 g"
      }
    ],
    "nutritionUnitText": "Näringsvärde per 100 gram",
    "categories": {
      "mainCategory": "Fisk & Skaldjur",
      "subCategories": [
        {
          "name": "Kaviar & Rom",
          "subSubCategories": [
            "Kaviar"
          ]
        }
      ]
    }
  },
  {
    "name": "Kräftstjärtar med dillsmak i lake 170g ICA",
    "weightText": "0.17 kg",
    "caPart": "",
    "weightValue": 0.17,
    "weightUnit": "kg",
    "comparePrice": "299,71 kr/kg u. spad",
    "currentPrice": 50.95,
    "attributes": [],
    "imgUrl": "https://handlaprivatkund.ica.se/images-v3/bf7a00ca-390e-4769-865f-dc369586872e/66656a82-e7a4-4902-a998-a0fdbf450547/500x500.jpg",
    "productInformation": "",
    "countryText": "",
    "companyText": "ICA",
    "ingrediensText": "KRÄFTSTJÄRTAR (Procambarus clarkii), vatten, salt, socker, konserveringsmedel (E211, E202), surhetsreglerande medel (E330, E331) dillarom. Kräftor fångade i sötvatten med tinor och fällor i Kina.",
    "storage": "",
    "allergens": "",
    "usage": "",
    "nutrition": [
      {
        "Näringsvärde": "Energi (kcal)",
        "100 Gram": "71 kcal"
      },
      {
        "Näringsvärde": "Energi (kJ)",
        "100 Gram": "296 kJ"
      },
      {
        "Näringsvärde": "Fett",
        "100 Gram": "0.5 g"
      },
      {
        "Näringsvärde": "Varav mättat fett",
        "100 Gram": "0.5 g"
      },
      {
        "Näringsvärde": "Kolhydrat",
        "100 Gram": "0.8 g"
      },
      {
        "Näringsvärde": "Varav sockerarter",
        "100 Gram": "0 g"
      },
      {
        "Näringsvärde": "Protein",
        "100 Gram": "16 g"
      },
      {
        "Näringsvärde": "Salt",
        "100 Gram": "2.4 g"
      }
    ],
    "nutritionUnitText": "Näringsvärde per 100 gram",
    "categories": {
      "mainCategory": "Fisk & Skaldjur",
      "subCategories": [
        {
          "name": "Skaldjur",
          "subSubCategories": [
            "Kräftor",
            "Kräftstjärtar i lake"
          ]
        }
      ]
    }
  },
  {
    "name": "Kaviar mild 300g Kalles",
    "weightText": "0.3 kg",
    "caPart": "",
    "weightValue": 0.3,
    "weightUnit": "kg",
    "comparePrice": "115,00 kr/kg",
    "currentPrice": 34.5,
    "attributes": [
      "MSC-märkt"
    ],
    "imgUrl": "https://handlaprivatkund.ica.se/images-v3/bf7a00ca-390e-4769-865f-dc369586872e/51117481-f99a-4ec9-8447-35f166f35b91/500x500.jpg",
    "productInformation": "Kalles Mild 300g är stor tub med en mildare variant av Kalles Original, perfekt för dig som verkligen älskar Kalles men vill ha en snällare kaviar. Kalles Mild passar utmärkt som pålägg på frukostmackan, som mellanmål eller på kokta ägg! Kalles kaviar har varit hela Sveriges oersättliga favorit på frukostbordet sedan 1954. Kalles kaviar görs av rom från torsk & sej som fiskas framför allt i Nordnorge (Norska Havet & Barents hav). Kalles kaviar tillverkas i Sverige, i den idylliska fiskorten Kungshamn på västkusten. Vill du ta del av Kalles värld eller inspireras av riktigt smarriga kaviarmackor - besök kalles.se.",
    "countryText": "",
    "companyText": "Kalles",
    "ingrediensText": "Rökt sockersaltad rom från TORSKFISKAR (41%), rapsolja, socker, vatten, potatisflingor, tomatpuré, salt, konserveringsmedel (kaliumsorbat), antioxidationsmedel (askorbinsyra)",
    "storage": "I kylskåp 2-8 °C",
    "allergens": "",
    "usage": "",
    "nutrition": [
      {
        "Näringsvärde": "Energi (kcal)",
        "100 Gram": "435 kcal"
      },
      {
        "Näringsvärde": "Energi (kJ)",
        "100 Gram": "1820 kJ"
      },
      {
        "Näringsvärde": "Fett",
        "100 Gram": "37 g"
      },
      {
        "Näringsvärde": "Varav mättat fett",
        "100 Gram": "2.7 g"
      },
      {
        "Näringsvärde": "Kolhydrat",
        "100 Gram": "18 g"
      },
      {
        "Näringsvärde": "Varav sockerarter",
        "100 Gram": "14 g"
      },
      {
        "Näringsvärde": "Protein",
        "100 Gram": "7 g"
      },
      {
        "Näringsvärde": "Salt",
        "100 Gram": "5.5 g"
      }
    ],
    "nutritionUnitText": "Näringsvärde per 100 gram",
    "categories": {
      "mainCategory": "Fisk & Skaldjur",
      "subCategories": [
        {
          "name": "Kaviar & Rom",
          "subSubCategories": [
            "Kaviar"
          ]
        }
      ]
    }
  },
  {
    "name": "Tångcaviar 70g ICA",
    "weightText": "0.07 kg",
    "caPart": "",
    "weightValue": 0.07,
    "weightUnit": "kg",
    "comparePrice": "292,86 kr/kg",
    "currentPrice": 20.5,
    "attributes": [],
    "imgUrl": "https://handlaprivatkund.ica.se/images-v3/bf7a00ca-390e-4769-865f-dc369586872e/17f7351d-703f-41a6-becf-2f8ff3a30fb6/500x500.jpg",
    "productInformation": "ICA Tångcaviar görs på extrakt av havstång och passar bra som topping på till exempel smörgåstårtan, i romsåsen eller som garnering av ägghalvorna.",
    "countryText": "",
    "companyText": "ICA",
    "ingrediensText": "Havstångsextrakt 83%, vatten, salt, kryddor (extrakt av cayenne, peppar, gurkmeja, lagerblad, purjolök), aromer (dill, dragon), surhetsreglerande medel (E330), stabiliseringsmedel (E415), konserveringsmedel (E211, E202), färgämne (E160c, E160a).",
    "storage": "",
    "allergens": "",
    "usage": "",
    "nutrition": [
      {
        "Näringsvärde": "Energi (kcal)",
        "100 Gram": "13 kcal"
      },
      {
        "Näringsvärde": "Energi (kJ)",
        "100 Gram": "54 kJ"
      },
      {
        "Näringsvärde": "Fett",
        "100 Gram": "0.5 g"
      },
      {
        "Näringsvärde": "Varav mättat fett",
        "100 Gram": "0 g"
      },
      {
        "Näringsvärde": "Kolhydrat",
        "100 Gram": "1 g"
      },
      {
        "Näringsvärde": "Varav sockerarter",
        "100 Gram": "0.5 g"
      },
      {
        "Näringsvärde": "Fiber",
        "100 Gram": "2.5 g"
      },
      {
        "Näringsvärde": "Protein",
        "100 Gram": "1 g"
      },
      {
        "Näringsvärde": "Salt",
        "100 Gram": "4 g"
      }
    ],
    "nutritionUnitText": "Näringsvärde per 100 gram",
    "categories": {
      "mainCategory": "Fisk & Skaldjur",
      "subCategories": [
        {
          "name": "Kaviar & Rom",
          "subSubCategories": [
            "Färsk rom"
          ]
        }
      ]
    }
  },
  {
    "name": "Pangasiusmalfilé Fryst 600g ICA",
    "weightText": "0.6 kg",
    "caPart": "",
    "weightValue": 0.6,
    "weightUnit": "kg",
    "comparePrice": "82,50 kr/kg",
    "currentPrice": 49.5,
    "attributes": [
      "Nyckelhålet"
    ],
    "imgUrl": "https://handlaprivatkund.ica.se/images-v3/bf7a00ca-390e-4769-865f-dc369586872e/28ddd36d-c584-44f2-a0ca-69154f5ce91b/500x500.jpg",
    "productInformation": "ICA Pangasiusmalfilé är en frysta fisk som också kallas hajmal och är en sötvattensfisk med vitt, fint kött. Den passar både att steka, panera och fritera. Antingen kan du smörsteka den och njuta precis som den är, eller kanske servera med lite hetta, lime och asiatiska smaker. Annars kan du alltid göra Englands nationalrätt fish and chips, med pommes, ärtmos, majonnäs och massor med maltvinäger. God save the fish!",
    "countryText": "",
    "companyText": "ICA",
    "ingrediensText": "Renskurna och urbenade filéer av PANGASIUSMAL* 90% (Pangasianodon hypophthalmus), vatten 9%, stabiliseringsmedel (E450, E451), salt. *Odlad i Vietnam. Enstaka ben kan förekomma.",
    "storage": "Lägsta förvaringstemperatur -25°C Högsta förvaringstemperatur -18°C",
    "allergens": "Innehåller Fisk",
    "usage": "",
    "nutrition": [
      {
        "Näringsvärde": "Energi (kcal)",
        "100 Gram": "70 kcal"
      },
      {
        "Näringsvärde": "Energi (kJ)",
        "100 Gram": "293 kJ"
      },
      {
        "Näringsvärde": "Fett",
        "100 Gram": "0.9 g"
      },
      {
        "Näringsvärde": "Varav mättat fett",
        "100 Gram": "0.5 g"
      },
      {
        "Näringsvärde": "Kolhydrat",
        "100 Gram": "0 g"
      },
      {
        "Näringsvärde": "Varav sockerarter",
        "100 Gram": "0 g"
      },
      {
        "Näringsvärde": "Protein",
        "100 Gram": "16 g"
      },
      {
        "Näringsvärde": "Salt",
        "100 Gram": "0.13 g"
      }
    ],
    "nutritionUnitText": "Näringsvärde per 100 gram",
    "categories": {
      "mainCategory": "Fisk & Skaldjur",
      "subCategories": [
        {
          "name": "Fisk",
          "subSubCategories": [
            "Övrig fisk",
            "Övrig fryst fisk"
          ]
        }
      ]
    }
  },
  {
    "name": "Laxfilé Färsk Back Loin Halv ca 180g Fröya",
    "weightText": "0.18 kg",
    "caPart": "",
    "weightValue": 0.18,
    "weightUnit": "kg",
    "comparePrice": "677,78 kr/kg",
    "currentPrice": 122,
    "attributes": [
      "Nyckelhålet"
    ],
    "imgUrl": "https://handlaprivatkund.ica.se/images-v3/bf7a00ca-390e-4769-865f-dc369586872e/0a95eeb5-1996-4af0-bd68-e599546b89cb/500x500.jpg",
    "productInformation": "Laxen sorteras och skärs för hand och bara de bästa av de skinn- och benfria bitarna görs till Frøya laxloin. Med en unik förpacknings- och kylningsprocess tar det bara två timmar från det att fisken är full av liv tills den är färdigförpackad och redo för snabb kylning till under 0 grader. På detta sätt uppnår Frøya lax sin unika kvalitet och som passar perfekt till sushi och sashimi bowls eller andra rätter då du äter laxen rå. Går även utmärkt att grilla eller steka. För recept och inspiration, besök: www.froyasalmon.com och www.fiskeriet.se.",
    "countryText": "",
    "companyText": "Fröya",
    "ingrediensText": "Färsk skinn- och benfri laxfilé (Salmo salar) (FISK). Odlad i Norge.",
    "storage": "",
    "allergens": "",
    "usage": "",
    "nutrition": [
      {
        "Näringsvärde": "Energi (kcal)",
        "100 Gram": "226 kcal"
      },
      {
        "Näringsvärde": "Energi (kJ)",
        "100 Gram": "938 kJ"
      },
      {
        "Näringsvärde": "Fett",
        "100 Gram": "16.3 g"
      },
      {
        "Näringsvärde": "Varav mättat fett",
        "100 Gram": "2.4 g"
      },
      {
        "Näringsvärde": "Kolhydrat",
        "100 Gram": "0 g"
      },
      {
        "Näringsvärde": "Varav sockerarter",
        "100 Gram": "0 g"
      },
      {
        "Näringsvärde": "Protein",
        "100 Gram": "19.7 g"
      },
      {
        "Näringsvärde": "Salt",
        "100 Gram": "0.1 g"
      }
    ],
    "nutritionUnitText": "Näringsvärde per 100 gram",
    "categories": {
      "mainCategory": "Fisk & Skaldjur",
      "subCategories": [
        {
          "name": "Fisk",
          "subSubCategories": [
            "Lax",
            "Färsk lax"
          ]
        }
      ]
    }
  },
  {
    "name": "Torskfiléer Fryst 1kg ICA",
    "weightText": "1 kg",
    "caPart": "",
    "weightValue": 1,
    "weightUnit": "kg",
    "comparePrice": "214,00 kr/kg",
    "currentPrice": 214,
    "attributes": [],
    "imgUrl": "https://handlaprivatkund.ica.se/images-v3/bf7a00ca-390e-4769-865f-dc369586872e/76bd8fb6-b30a-41bd-a991-0bf0b031056a/500x500.jpg",
    "productInformation": "ICA Torskfiléer kan du både steka eller använda i soppa, gryta och gratäng. Brukar gå hem hos de allra minsta och passar samtidigt i de flesta typer av fiskrätter. Vår torsk är givetvis MSC-märkt, vilket betyder att den har fiskats hållbart.",
    "countryText": "",
    "companyText": "ICA",
    "ingrediensText": "Renskurna filéer av torsk * (Gadus morhua). Enstaka ben kan förekomma. *Fångad i Nordostatlanten, fångstzon 27. Beroende på råvarutillgång varierar fångstområden och fångtmetoder för fisken. Dessa anges i ett kodsystem: A=Barents hav B=Norska havet 1=Fångad med trålar 2=Fångad med krokar och linor 3=Fångad med nät/garn 4=Fångad med notar. För aktuell information, se kod vid bäst före-datum. Vikt: 1000g netto (exklusive skyddande ishinna).",
    "storage": "",
    "allergens": "",
    "usage": "",
    "nutrition": [
      {
        "Näringsvärde": "Energi (kcal)",
        "100 Gram": "85 kcal"
      },
      {
        "Näringsvärde": "Energi (kJ)",
        "100 Gram": "359 kJ"
      },
      {
        "Näringsvärde": "Fett",
        "100 Gram": "0.5 g"
      },
      {
        "Näringsvärde": "Varav mättat fett",
        "100 Gram": "0.1 g"
      },
      {
        "Näringsvärde": "Kolhydrat",
        "100 Gram": "0 g"
      },
      {
        "Näringsvärde": "Varav sockerarter",
        "100 Gram": "0 g"
      },
      {
        "Näringsvärde": "Protein",
        "100 Gram": "18 g"
      },
      {
        "Näringsvärde": "Salt",
        "100 Gram": "0.2 g"
      }
    ],
    "nutritionUnitText": "Näringsvärde per 100 gram",
    "categories": {
      "mainCategory": "Fryst",
      "subCategories": [
        {
          "name": "Fryst fisk & Skaldjur",
          "subSubCategories": [
            "Fryst torsk & vitfisk"
          ]
        }
      ]
    }
  },
  {
    "name": "Kaviar 300g Klädesholmen",
    "weightText": "0.3 kg",
    "caPart": "",
    "weightValue": 0.3,
    "weightUnit": "kg",
    "comparePrice": "108,33 kr/kg",
    "currentPrice": 32.5,
    "attributes": [
      "MSC-märkt"
    ],
    "imgUrl": "https://handlaprivatkund.ica.se/images-v3/bf7a00ca-390e-4769-865f-dc369586872e/3c14dd1d-ea2f-41e4-9fe3-fabda850761a/500x500.jpg",
    "productInformation": "Kaviar 300g - Extra fyllig kaviar från Klädesholmen i Bohuslän. Torskrom traditionellt rökt med alspån.",
    "countryText": "",
    "companyText": "Klädesholmen",
    "ingrediensText": "Rökt sockersaltad FISKROM (TORSK (Gadhus morhua), SEJ (Pollachius Virens)) 52%, rapsolja, socker, vatten, potatisflingor, tomatpuré, salt, antioxidationsmedel (askorbinsyra), konserveringsmedel (natriumbensoat)",
    "storage": "",
    "allergens": "",
    "usage": "",
    "nutrition": [
      {
        "Näringsvärde": "Energi (kcal)",
        "100 Gram": "380 kcal"
      },
      {
        "Näringsvärde": "Energi (kJ)",
        "100 Gram": "1600 kJ"
      },
      {
        "Näringsvärde": "Fett",
        "100 Gram": "31 g"
      },
      {
        "Näringsvärde": "Varav mättat fett",
        "100 Gram": "2 g"
      },
      {
        "Näringsvärde": "Kolhydrat",
        "100 Gram": "18 g"
      },
      {
        "Näringsvärde": "Varav sockerarter",
        "100 Gram": "14 g"
      },
      {
        "Näringsvärde": "Protein",
        "100 Gram": "10 g"
      },
      {
        "Näringsvärde": "Salt",
        "100 Gram": "5.5 g"
      }
    ],
    "nutritionUnitText": "Näringsvärde per 100 gram",
    "categories": {
      "mainCategory": "Fisk & Skaldjur",
      "subCategories": [
        {
          "name": "Kaviar & Rom",
          "subSubCategories": [
            "Kaviar"
          ]
        }
      ]
    }
  },
  {
    "name": "Räkor Handskalade 500g Kosterfiskarn",
    "weightText": "0.24 kg",
    "caPart": "",
    "weightValue": 0.24,
    "weightUnit": "kg",
    "comparePrice": "395,63 kr/kg u. spad",
    "currentPrice": 94.95,
    "attributes": [],
    "imgUrl": "https://handlaprivatkund.ica.se/images-v3/bf7a00ca-390e-4769-865f-dc369586872e/b973f7b1-b080-4b68-9229-018df2e08009/500x500.jpg",
    "productInformation": "Latinskt namn: Pandalus Borealis",
    "countryText": "",
    "companyText": "Kosterfiskarn",
    "ingrediensText": "Ingredienser: RÄKOR (Pandalus borealis), vatten, salt, surhetsreglerande medel (E330), konserveringsmedel (E211, E202)",
    "storage": "",
    "allergens": "",
    "usage": "",
    "nutrition": [
      {
        "Näringsvärde": "Energi (kcal)",
        "Gram": "78 kcal"
      },
      {
        "Näringsvärde": "Energi (kJ)",
        "Gram": "327 kJ"
      },
      {
        "Näringsvärde": "Fett",
        "Gram": "1.1 g"
      },
      {
        "Näringsvärde": "Protein",
        "Gram": "16.8 g"
      }
    ],
    "nutritionUnitText": "Näringsvärde per styck",
    "categories": {
      "mainCategory": "Fisk & Skaldjur",
      "subCategories": [
        {
          "name": "Skaldjur",
          "subSubCategories": [
            "Räkor",
            "Räkor i lake"
          ]
        }
      ]
    }
  },
  {
    "name": "Kaviar lätt 190g Kalles",
    "weightText": "0.19 kg",
    "caPart": "",
    "weightValue": 0.19,
    "weightUnit": "kg",
    "comparePrice": "150,00 kr/kg",
    "currentPrice": 28.5,
    "attributes": [
      "MSC-märkt"
    ],
    "imgUrl": "https://handlaprivatkund.ica.se/images-v3/bf7a00ca-390e-4769-865f-dc369586872e/0433f7cb-a619-4090-a0af-ff57a7e03c06/500x500.jpg",
    "productInformation": "Kalles Lätt 190g är en lite lättare kaviar som innehåller 50% mindre socker än originalet. Kalles Lätt passar utmärkt som pålägg på mackan till frukost, som mellanmål eller på kokta ägg! Kalles kaviar har varit hela Sveriges oersättliga favorit på frukostbordet sedan 1954. Kalles kaviar görs av utvald rom från torsk & sej som fiskas framför allt i Nordnorge (Norska Havet & Barents hav). Kalles kaviar tillverkas i Sverige, i den idylliska fiskorten Kungshamn på västkusten. Vill du ta del av Kalles värld eller inspireras av riktigt smarriga kaviarmackor - besök kalles.se.",
    "countryText": "",
    "companyText": "Kalles",
    "ingrediensText": "Rökt sockersaltad rom från TORSKFISKAR (52%), rapsolja, vatten, inulin (fiber), socker, potatisflingor, tomatpuré, salt, stabiliseringsmedel (xantangummi, fruktkärnmjöl), konserveringsmedel (kaliumsorbat), sötningsmedel (steviolglykosider), antioxidationsmedel (askorbinsyra)",
    "storage": "I kylskåp 2-8 °C",
    "allergens": "",
    "usage": "",
    "nutrition": [
      {
        "Näringsvärde": "Energi (kcal)",
        "100 Gram": "260 kcal"
      },
      {
        "Näringsvärde": "Energi (kJ)",
        "100 Gram": "1088 kJ"
      },
      {
        "Näringsvärde": "Fett",
        "100 Gram": "19 g"
      },
      {
        "Näringsvärde": "Varav mättat fett",
        "100 Gram": "1.4 g"
      },
      {
        "Näringsvärde": "Kolhydrat",
        "100 Gram": "10 g"
      },
      {
        "Näringsvärde": "Varav sockerarter",
        "100 Gram": "5.8 g"
      },
      {
        "Näringsvärde": "Protein",
        "100 Gram": "8.8 g"
      },
      {
        "Näringsvärde": "Salt",
        "100 Gram": "6.5 g"
      }
    ],
    "nutritionUnitText": "Näringsvärde per 100 gram",
    "categories": {
      "mainCategory": "Fisk & Skaldjur",
      "subCategories": [
        {
          "name": "Kaviar & Rom",
          "subSubCategories": [
            "Kaviar"
          ]
        }
      ]
    }
  },
  {
    "name": "Kaviar dill 250g ICA",
    "weightText": "0.25 kg",
    "caPart": "",
    "weightValue": 0.25,
    "weightUnit": "kg",
    "comparePrice": "99,80 kr/kg",
    "currentPrice": 24.95,
    "attributes": [
      "MSC-märkt"
    ],
    "imgUrl": "https://handlaprivatkund.ica.se/images-v3/bf7a00ca-390e-4769-865f-dc369586872e/df7d9d26-15fd-4ae2-98d5-bff1a8f7f2c5/500x500.jpg",
    "productInformation": "",
    "countryText": "",
    "companyText": "ICA",
    "ingrediensText": "Sockersaltad rökt ROM FRÅN TORSKFISKAR* 52%, rapsolja, socker, vatten, potatisflingor, tomatpuré, salt, dill 0,5%, konserveringsmedel (E211), antioxidationsmedel (E300), dillarom. *För exakt information se kod på tuben. T=torsk (Gadus morhua), S=sej (Pollachius virens), fiskeområde: A=Norska havet, B=Island Va, C=Färöarna Vb, D=Barents hav.",
    "storage": "",
    "allergens": "",
    "usage": "",
    "nutrition": [
      {
        "Näringsvärde": "Energi (kcal)",
        "100 Gram": "420 kcal"
      },
      {
        "Näringsvärde": "Energi (kJ)",
        "100 Gram": "1750 kJ"
      },
      {
        "Näringsvärde": "Fett",
        "100 Gram": "37 g"
      },
      {
        "Näringsvärde": "Varav mättat fett",
        "100 Gram": "2.6 g"
      },
      {
        "Näringsvärde": "Kolhydrat",
        "100 Gram": "13 g"
      },
      {
        "Näringsvärde": "Varav sockerarter",
        "100 Gram": "12 g"
      },
      {
        "Näringsvärde": "Protein",
        "100 Gram": "9.3 g"
      },
      {
        "Näringsvärde": "Salt",
        "100 Gram": "5.3 g"
      }
    ],
    "nutritionUnitText": "Näringsvärde per 100 gram",
    "categories": {
      "mainCategory": "Fisk & Skaldjur",
      "subCategories": [
        {
          "name": "Kaviar & Rom",
          "subSubCategories": [
            "Kaviar"
          ]
        }
      ]
    }
  },
  {
    "name": "Lax Färsk Varmrökt Peppar 125g Miljömärkt ICA",
    "weightText": "0.125 kg",
    "caPart": "",
    "weightValue": 0.125,
    "weightUnit": "kg",
    "comparePrice": "455,60 kr/kg",
    "currentPrice": 56.95,
    "attributes": [
      "Nyckelhålet"
    ],
    "imgUrl": "https://handlaprivatkund.ica.se/images-v3/bf7a00ca-390e-4769-865f-dc369586872e/7e3886d6-3cbc-4652-b342-f058c0c0c0a9/500x500.jpg",
    "productInformation": "ASC-märkt varmrökt lax kryddad med svartpeppar. God på en sallad, i en pasta eller tillsammans med potatis och sås.",
    "countryText": "",
    "companyText": "ICA",
    "ingrediensText": "LAXFILÉ* 97% (Salmo salar), salt, svartpeppar 1,3%. *Odlad i Norge.",
    "storage": "kylvara 0 - +4°C",
    "allergens": "Innehåller Fisk",
    "usage": "Bäst före-datum gäller endast för oöppnad förpackning",
    "nutrition": [
      {
        "Näringsvärde": "Energi (kcal)",
        "100 Gram": "238 kcal"
      },
      {
        "Näringsvärde": "Energi (kJ)",
        "100 Gram": "991 kJ"
      },
      {
        "Näringsvärde": "Fett",
        "100 Gram": "17 g"
      },
      {
        "Näringsvärde": "Varav mättat fett",
        "100 Gram": "2.4 g"
      },
      {
        "Näringsvärde": "Kolhydrat",
        "100 Gram": "0 g"
      },
      {
        "Näringsvärde": "Varav sockerarter",
        "100 Gram": "0 g"
      },
      {
        "Näringsvärde": "Protein",
        "100 Gram": "21 g"
      },
      {
        "Näringsvärde": "Salt",
        "100 Gram": "1.3 g"
      }
    ],
    "nutritionUnitText": "Näringsvärde per 100 gram",
    "categories": {
      "mainCategory": "Fisk & Skaldjur",
      "subCategories": [
        {
          "name": "Fisk",
          "subSubCategories": [
            "Lax",
            "Rökt lax"
          ]
        }
      ]
    }
  },
  {
    "name": "Fish & Fun 352g Findus",
    "weightText": "0.352 kg",
    "caPart": "",
    "weightValue": 0.352,
    "weightUnit": "kg",
    "comparePrice": "129,26 kr/kg",
    "currentPrice": 45.5,
    "attributes": [
      "Nyckelhålet",
      "MSC-märkt"
    ],
    "imgUrl": "https://handlaprivatkund.ica.se/images-v3/bf7a00ca-390e-4769-865f-dc369586872e/d5e26839-a255-4eda-8c16-0dbbad08105f/500x500.jpg",
    "productInformation": "FINDUS FISH & FUN är extra krispiga och oemotståndligt goda, de är även enkla att tillaga och gör det roligt för barn att äta mer fisk. Vi har fiskat ansvarsfullt, fryst fisken snabbt och panerat den frasig. Findus breda fisksortiment ger variation i veckans fiskmeny.Smaklig måltid!",
    "countryText": "",
    "companyText": "Findus",
    "ingrediensText": "FISK* 51 %, VETEMJÖL, rapsolja, vatten, potatisstärkelse, kryddor (paprika, gurkmeja), salt, jäst. *För fiskart och ursprung, se kod efter datummärkning. 61-01A = Alaska Pollock (Theragra chalcogramma) fiskad i nordvästra Stilla havet. 67-01A = Alaska Pollock (Theragra chalcogramma) fiskad i nordöstra Stilla havet. 67-07DP = Stillahavskummel (Merluccius productus) fiskad i nordöstra Stilla havet.",
    "storage": "FÖRVARING OCH MINSTA HÅLLBARHET:I frysutrymme (-18°C eller kallare), se datummärkning.Bör alltid förvaras fryst. Bör ej frysas efter upptining.",
    "allergens": "",
    "usage": "",
    "nutrition": [],
    "nutritionUnitText": "Näringsvärde per 100 gram",
    "categories": {
      "mainCategory": "Fisk & Skaldjur",
      "subCategories": [
        {
          "name": "Färdiga fiskrätter",
          "subSubCategories": [
            "Fiskpinnar & Panerad fisk",
            "Panerad fisk"
          ]
        }
      ]
    }
  },
  {
    "name": "Kaviar orginal 250g KRAV Kalles",
    "weightText": "0.25 kg",
    "caPart": "",
    "weightValue": 0.25,
    "weightUnit": "kg",
    "comparePrice": "138,00 kr/kg",
    "currentPrice": 34.5,
    "attributes": [
      "MSC-märkt",
      "Ekologiskt",
      "KRAV"
    ],
    "imgUrl": "https://handlaprivatkund.ica.se/images-v3/bf7a00ca-390e-4769-865f-dc369586872e/aebea47e-a2bc-47cb-b654-7846bb758452/500x500.jpg",
    "productInformation": "Kalles Krav 250g är samma goda mildrökta kaviar som Kalles Original, men med endast KRAV-märkta ingredienser.Kalles Krav passar utmärkt att bre som pålägg på frukostmackan, på kokta ägg eller som mellanmål. Kalles kaviar har varit hela Sveriges oersättliga favorit på frukostbordet sedan 1954. Kalles kaviar görs av utvald MSC och KRAV-märkt rom från torsk (Gadus morhua) som fiskas framför allt i Nordnorge (Norska Havet & Barents hav). Kalles kaviar tillverkas i Sverige, i den idylliska fiskorten Kungshamn på västkusten.Vill du ta del av Kalles värld eller inspireras av riktigt smarriga kaviarmackor - besök kalles.se.",
    "countryText": "",
    "companyText": "Kalles",
    "ingrediensText": "Rökt sockersaltad TORSKrom* (52%), rapsolja*, socker*, potatisflingor*, tomatpuré*, salt, konserveringsmedel (kaliumsorbat), antioxidationsmedel (askorbinsyra). *KRAV-certifierad ingrediens.",
    "storage": "I kylskåp 2-8 °C",
    "allergens": "",
    "usage": "",
    "nutrition": [
      {
        "Näringsvärde": "Energi (kcal)",
        "100 Gram": "397 kcal"
      },
      {
        "Näringsvärde": "Energi (kJ)",
        "100 Gram": "1661 kJ"
      },
      {
        "Näringsvärde": "Fett",
        "100 Gram": "34 g"
      },
      {
        "Näringsvärde": "Varav mättat fett",
        "100 Gram": "2.5 g"
      },
      {
        "Näringsvärde": "Kolhydrat",
        "100 Gram": "15 g"
      },
      {
        "Näringsvärde": "Varav sockerarter",
        "100 Gram": "12 g"
      },
      {
        "Näringsvärde": "Protein",
        "100 Gram": "8.5 g"
      },
      {
        "Näringsvärde": "Salt",
        "100 Gram": "6.3 g"
      }
    ],
    "nutritionUnitText": "Näringsvärde per 100 gram",
    "categories": {
      "mainCategory": "Fisk & Skaldjur",
      "subCategories": [
        {
          "name": "Kaviar & Rom",
          "subSubCategories": [
            "Kaviar"
          ]
        }
      ]
    }
  },
  {
    "name": "Kaviar mildrökt 250g Pacific",
    "weightText": "0.25 kg",
    "caPart": "",
    "weightValue": 0.25,
    "weightUnit": "kg",
    "comparePrice": "83,80 kr/kg",
    "currentPrice": 20.95,
    "attributes": [],
    "imgUrl": "https://handlaprivatkund.ica.se/images-v3/bf7a00ca-390e-4769-865f-dc369586872e/9436a2a0-bc96-4f6b-8957-468f61f1470a/500x500.jpg",
    "productInformation": "Pacific kaviar är gjord på mildrökt rom. Gott både som smörgåspålägg och till ditt ägg.",
    "countryText": "",
    "companyText": "Pacific brand",
    "ingrediensText": "Sockersaltad rökt rom från TORSKFISKAR* 42%, rapsolja, socker, vatten, salt, tomatpuré, potatisflingor, konserveringsmedel (E211), antioxidationsmedel (E300), surhetsreglerande medel (E330). *Rom från SEJ (Pollachius virens) och TORSK (Gadus morhua) fiskad i Nordostatlanten fångstzon 27.",
    "storage": "",
    "allergens": "",
    "usage": "",
    "nutrition": [
      {
        "Näringsvärde": "Energi (kcal)",
        "100 Gram": "480 kcal"
      },
      {
        "Näringsvärde": "Energi (kJ)",
        "100 Gram": "1985 kJ"
      },
      {
        "Näringsvärde": "Fett",
        "100 Gram": "43 g"
      },
      {
        "Näringsvärde": "Varav mättat fett",
        "100 Gram": "2.9 g"
      },
      {
        "Näringsvärde": "Kolhydrat",
        "100 Gram": "14 g"
      },
      {
        "Näringsvärde": "Varav sockerarter",
        "100 Gram": "13 g"
      },
      {
        "Näringsvärde": "Protein",
        "100 Gram": "9.2 g"
      },
      {
        "Näringsvärde": "Salt",
        "100 Gram": "5.3 g"
      }
    ],
    "nutritionUnitText": "Näringsvärde per 100 gram",
    "categories": {
      "mainCategory": "Fisk & Skaldjur",
      "subCategories": [
        {
          "name": "Kaviar & Rom",
          "subSubCategories": [
            "Kaviar"
          ]
        }
      ]
    }
  },
  {
    "name": "Laxfilé Fryst 4-p 560g ICA",
    "weightText": "0.56 kg",
    "caPart": "",
    "weightValue": 0.56,
    "weightUnit": "kg",
    "comparePrice": "241,07 kr/kg",
    "currentPrice": 135,
    "attributes": [
      "Nyckelhålet"
    ],
    "imgUrl": "https://handlaprivatkund.ica.se/images-v3/bf7a00ca-390e-4769-865f-dc369586872e/d56d4ecd-8e67-4289-8060-b150a2120c30/500x500.jpg",
    "productInformation": "ICA Laxfilé Fryst är perfekta att ha i frysen för att snabbt plocka fram till en god middag. Lax är en perfekt start på en god middag, och kan varieras i evigheter. Stek den och servera med pressad potatis och brynt smör eller ugnsstek med sötstark sås och strössla på sesamfrön, så har du fått två helt olika slags rätter.. Det finns minst tusen till.",
    "countryText": "",
    "companyText": "ICA",
    "ingrediensText": "LAXFILÉ* i bit (Salmo salar). *Odlad i Norge.",
    "storage": "Lägsta förvaringstemperatur -25°C Högsta förvaringstemperatur -18°C",
    "allergens": "Innehåller Fisk",
    "usage": "",
    "nutrition": [
      {
        "Näringsvärde": "Energi (kcal)",
        "100 Gram": "225 kcal"
      },
      {
        "Näringsvärde": "Energi (kJ)",
        "100 Gram": "938 kJ"
      },
      {
        "Näringsvärde": "Fett",
        "100 Gram": "16 g"
      },
      {
        "Näringsvärde": "Varav mättat fett",
        "100 Gram": "3 g"
      },
      {
        "Näringsvärde": "Kolhydrat",
        "100 Gram": "0 g"
      },
      {
        "Näringsvärde": "Varav sockerarter",
        "100 Gram": "0 g"
      },
      {
        "Näringsvärde": "Protein",
        "100 Gram": "20 g"
      },
      {
        "Näringsvärde": "Salt",
        "100 Gram": "0.12 g"
      }
    ],
    "nutritionUnitText": "Näringsvärde per 100 gram",
    "categories": {
      "mainCategory": "Fryst",
      "subCategories": [
        {
          "name": "Fryst fisk & Skaldjur",
          "subSubCategories": [
            "Fryst lax"
          ]
        }
      ]
    }
  },
  {
    "name": "Laxfilé Färsk i bit 500g Miljömärkt ICA Gott Liv",
    "weightText": "0.5 kg",
    "caPart": "",
    "weightValue": 0.5,
    "weightUnit": "kg",
    "comparePrice": "304,00 kr/kg",
    "currentPrice": 152,
    "attributes": [
      "Nyckelhålet"
    ],
    "imgUrl": "https://handlaprivatkund.ica.se/images-v3/bf7a00ca-390e-4769-865f-dc369586872e/58c2812e-0888-494b-9f78-a45ccc12e8c1/500x500.jpg",
    "productInformation": "",
    "countryText": "",
    "companyText": "ICA Gott Liv",
    "ingrediensText": "INGREDIENSER: LAXFILÉ* (Salmo salar) med skinn. Enstaka ben kan förekomma. *Odlad i Norge.",
    "storage": "",
    "allergens": "",
    "usage": "",
    "nutrition": [
      {
        "Näringsvärde": "Energi (kcal)",
        "100 Gram": "181 kcal"
      },
      {
        "Näringsvärde": "Energi (kJ)",
        "100 Gram": "757 kJ"
      },
      {
        "Näringsvärde": "Fett",
        "100 Gram": "12 g"
      },
      {
        "Näringsvärde": "Varav mättat fett",
        "100 Gram": "2.6 g"
      },
      {
        "Näringsvärde": "Kolhydrat",
        "100 Gram": "0 g"
      },
      {
        "Näringsvärde": "Varav sockerarter",
        "100 Gram": "0 g"
      },
      {
        "Näringsvärde": "Protein",
        "100 Gram": "18.4 g"
      },
      {
        "Näringsvärde": "Salt",
        "100 Gram": "0.1 g"
      },
      {
        "Näringsvärde": "Vitamin D",
        "100 Gram": "8.85 µg",
        "% av DRI(*)": "178"
      }
    ],
    "nutritionUnitText": "Näringsvärde per 100 gram",
    "categories": {
      "mainCategory": "Fisk & Skaldjur",
      "subCategories": [
        {
          "name": "Fisk",
          "subSubCategories": [
            "Lax",
            "Färsk lax"
          ]
        }
      ]
    }
  },
  {
    "name": "Räkor i Lake 170g ICA",
    "weightText": "0.17 kg",
    "caPart": "",
    "weightValue": 0.17,
    "weightUnit": "kg",
    "comparePrice": "244,12 kr/kg u. spad",
    "currentPrice": 41.5,
    "attributes": [
      "MSC-märkt"
    ],
    "imgUrl": "https://handlaprivatkund.ica.se/images-v3/bf7a00ca-390e-4769-865f-dc369586872e/76e5faea-f196-474d-9233-bd804e28801e/500x500.jpg",
    "productInformation": "ICA Räkor i lake kan du göra nästan vad du vill med! Allt ifrån en räkmacka till en räkcocktail eller lägga på en pizza eller i pastasåsen. De gör vilken fisksoppa som helst glad och ligger också fint i en avokadohalva ihop med mango, chili, lite olja och lime. Paella fixar de också, eller varför inte bara koka upp i olja med vitlök, chili, citron och persilja som en liten läcker minirätt? Glöm för all del inte brödet till, det är också ett utmärkt sätt att göra rent tallriken efteråt.",
    "countryText": "",
    "companyText": "ICA",
    "ingrediensText": "RÄKOR* (Pandalus jordani), vatten, salt, socker, konserveringsmedel (E211, E202), surhetsreglerande medel (E330). *Räkorna fångade med trålar i Nordöstra Stilla havet FAO 67. Kan innehålla spår av fisk, blötdjur.",
    "storage": "",
    "allergens": "Kan innehålla spår av Fisk, Blötdjur.",
    "usage": "",
    "nutrition": [
      {
        "Näringsvärde": "Energi (kcal)",
        "100 Gram": "64 kcal"
      },
      {
        "Näringsvärde": "Energi (kJ)",
        "100 Gram": "272 kJ"
      },
      {
        "Näringsvärde": "Fett",
        "100 Gram": "0.9 g"
      },
      {
        "Näringsvärde": "Varav mättat fett",
        "100 Gram": "0.5 g"
      },
      {
        "Näringsvärde": "Kolhydrat",
        "100 Gram": "0.5 g"
      },
      {
        "Näringsvärde": "Varav sockerarter",
        "100 Gram": "0.5 g"
      },
      {
        "Näringsvärde": "Protein",
        "100 Gram": "14 g"
      },
      {
        "Näringsvärde": "Salt",
        "100 Gram": "2.25 g"
      }
    ],
    "nutritionUnitText": "Näringsvärde per 100 gram",
    "categories": {
      "mainCategory": "Jul",
      "subCategories": [
        {
          "name": "Julmat",
          "subSubCategories": [
            "Ägg, Räkor & Majonnäs"
          ]
        }
      ]
    }
  },
  {
    "name": "Panerad alaska pollock 400g ICA Basic",
    "weightText": "0.4 kg",
    "caPart": "",
    "weightValue": 0.4,
    "weightUnit": "kg",
    "comparePrice": "101,25 kr/kg",
    "currentPrice": 40.5,
    "attributes": [
      "MSC-märkt"
    ],
    "imgUrl": "https://handlaprivatkund.ica.se/images-v3/bf7a00ca-390e-4769-865f-dc369586872e/0b07ca35-4c6d-420a-a240-dfe02c52d02f/500x500.jpg",
    "productInformation": "ICA Basic Panerade fiskfiléer av Alaska pollock är krispiga i paneringen och tillverkade av hel filé av Alaska pollock, ett billigare middagsalternativ som passar gott i vardagen.",
    "countryText": "",
    "companyText": "ICA Basic",
    "ingrediensText": "Sammanfogade bitar av Alaska Pollock*, (Theragra chalcogramma) 59%, VETEMJÖL, rapsolja, vatten, VETEGLUTEN, rismjöl, modifierad VETESTÄRKELSE, potatisstärkelse, salt, dextros, jäst, vasslepulver (från MJÖLK), surhetsreglerande medel (E330), bakpulver, (E450, E500, E503), förtjockningsmedel (E415). *Fiskad med trål. Fångstzon 61 och 67. Enstaka ben kan förekomma.",
    "storage": "Lägsta förvaringstemperatur -30°C Högsta förvaringstemperatur -18°C",
    "allergens": "Innehåller Spannmål som innehåller gluten Innehåller Mjölk Innehåller Vete Innehåller Fisk",
    "usage": "",
    "nutrition": [
      {
        "Näringsvärde": "Energi (kcal)",
        "100 Gram": "228 kcal"
      },
      {
        "Näringsvärde": "Energi (kJ)",
        "100 Gram": "954 kJ"
      },
      {
        "Näringsvärde": "Fett",
        "100 Gram": "10 g"
      },
      {
        "Näringsvärde": "Varav mättat fett",
        "100 Gram": "0.8 g"
      },
      {
        "Näringsvärde": "Kolhydrat",
        "100 Gram": "19 g"
      },
      {
        "Näringsvärde": "Varav sockerarter",
        "100 Gram": "0.5 g"
      },
      {
        "Näringsvärde": "Protein",
        "100 Gram": "15 g"
      },
      {
        "Näringsvärde": "Salt",
        "100 Gram": "0.69 g"
      }
    ],
    "nutritionUnitText": "Näringsvärde per 100 gram",
    "categories": {
      "mainCategory": "Fisk & Skaldjur",
      "subCategories": [
        {
          "name": "Färdiga fiskrätter",
          "subSubCategories": [
            "Fiskpinnar & Panerad fisk",
            "Panerad fisk"
          ]
        }
      ]
    }
  },
  {
    "name": "Janssons frestelse Fryst 600g Dafgårds",
    "weightText": "0.6 kg",
    "caPart": "",
    "weightValue": 0.6,
    "weightUnit": "kg",
    "comparePrice": "72,50 kr/kg",
    "currentPrice": 43.5,
    "attributes": [],
    "imgUrl": "https://handlaprivatkund.ica.se/images-v3/bf7a00ca-390e-4769-865f-dc369586872e/07fd0cbf-6d53-442c-992c-cf8af1f788b1/500x500.jpg",
    "productInformation": "Grädda i ugnen och servera.",
    "countryText": "",
    "companyText": "Dafgårds",
    "ingrediensText": "Potatis, GRÄDDE, stekt lök (stekt i raps-och solrosolja), kryddad sillfilé [SILL* 4,8% (Clupea harengus), vatten, socker, salt, ättika, kryddor], ansjovis [SKARPSILL* 1,3% (Sprattus sprattus), socker, salt, ättika, kryddor], antioxidationsmedel E223 (SULFIT), potatisstärkelse, kryddor. Total fiskmängd: 6,1%. *Fångstzon: FAO 27.",
    "storage": "Lägsta förvaringstemperatur -24°C Högsta förvaringstemperatur -18°C",
    "allergens": "Innehåller Fisk Innehåller Mjölk Innehåller Svaveldioxid eller sulfit Innehåller Laktos",
    "usage": "",
    "nutrition": [
      {
        "Näringsvärde": "Energi (kcal)",
        "100 Gram": "176 kcal"
      },
      {
        "Näringsvärde": "Energi (kJ)",
        "100 Gram": "736 kJ"
      },
      {
        "Näringsvärde": "Fett",
        "100 Gram": "13 g"
      },
      {
        "Näringsvärde": "Varav mättat fett",
        "100 Gram": "7.4 g"
      },
      {
        "Näringsvärde": "Kolhydrat",
        "100 Gram": "11 g"
      },
      {
        "Näringsvärde": "Varav sockerarter",
        "100 Gram": "2 g"
      },
      {
        "Näringsvärde": "Fiber",
        "100 Gram": "1.3 g"
      },
      {
        "Näringsvärde": "Protein",
        "100 Gram": "2.7 g"
      },
      {
        "Näringsvärde": "Salt",
        "100 Gram": "0.86 g"
      }
    ],
    "nutritionUnitText": "",
    "categories": {
      "mainCategory": "Fisk & Skaldjur",
      "subCategories": [
        {
          "name": "Färdiga fiskrätter",
          "subSubCategories": [
            "Fiskpinnar & Panerad fisk",
            "Färdigkryddad fisk"
          ]
        }
      ]
    }
  },
  {
    "name": "Matjessill klassisk 215g Abba",
    "weightText": "0.125 kg",
    "caPart": "",
    "weightValue": 0.125,
    "weightUnit": "kg",
    "comparePrice": "175,60 kr/kg u. spad",
    "currentPrice": 21.95,
    "attributes": [],
    "imgUrl": "https://handlaprivatkund.ica.se/images-v3/bf7a00ca-390e-4769-865f-dc369586872e/95f9f659-78e2-46ea-8cb8-99a70a194276/500x500.jpg",
    "productInformation": "Abba Klassisk Matjessill har en klassiskt kryddig smak och är en favorit i vårt sortiment. Klassisk matjes innehåller sill (Clupea harengus) av högsta kvalitet som fiskas i Nordostatlanten och som enbart kommer från livskraftiga bestånd. Sillen får mogna i tunnor med en kryddlag i vårt bergrum i Kungshamn på bohuslänska västkusten tills att den smakar som allra bäst och är redo att njutas av! Matjessill har en given plats vid midsommarfirandet eller äts som den är tillsammans med färsk potatis, gräddfil, gräslök och lite brynt smör. Den här matjesburken är märkt med symbolen lågt klimatavtryck, vill du veta mer? Läs mer på abba.se",
    "countryText": "",
    "companyText": "Abba",
    "ingrediensText": "SILL i bitar, socker, salt, ättika, dill, kryddor (bl.a. kanel, muskotblomma, padoukträ), naturlig arom (innehåller lök), röd padoukextrakt, konserveringsmedel (natriumbensoat, kaliumsorbat).",
    "storage": "I kylskåp max 8 °C",
    "allergens": "",
    "usage": "",
    "nutrition": [
      {
        "Näringsvärde": "Energi (kcal)",
        "100 Gram": "226 kcal"
      },
      {
        "Näringsvärde": "Energi (kJ)",
        "100 Gram": "947 kJ"
      },
      {
        "Näringsvärde": "Fett",
        "100 Gram": "12 g"
      },
      {
        "Näringsvärde": "Varav mättat fett",
        "100 Gram": "3.3 g"
      },
      {
        "Näringsvärde": "Kolhydrat",
        "100 Gram": "18 g"
      },
      {
        "Näringsvärde": "Varav sockerarter",
        "100 Gram": "17 g"
      },
      {
        "Näringsvärde": "Protein",
        "100 Gram": "11 g"
      },
      {
        "Näringsvärde": "Salt",
        "100 Gram": "6.1 g"
      }
    ],
    "nutritionUnitText": "Näringsvärde per 100 gram",
    "categories": {
      "mainCategory": "Fisk & Skaldjur",
      "subCategories": [
        {
          "name": "Sill & Ansjovis",
          "subSubCategories": [
            "Inlagd sill"
          ]
        }
      ]
    }
  },
  {
    "name": "Fiskpinnar glutenfri 360g Findus",
    "weightText": "0.36 kg",
    "caPart": "",
    "weightValue": 0.36,
    "weightUnit": "kg",
    "comparePrice": "120,83 kr/kg",
    "currentPrice": 43.5,
    "attributes": [
      "Glutenfritt",
      "Nyckelhålet",
      "MSC-märkt"
    ],
    "imgUrl": "https://handlaprivatkund.ica.se/images-v3/bf7a00ca-390e-4769-865f-dc369586872e/d4456222-05e1-443d-8472-53f6c3d5cef2/500x500.jpg",
    "productInformation": "Våra GLUTENFRIA FISKPINNAR har en spröd glutenfri panering av rismjöl och kikärtsmjöl.",
    "countryText": "",
    "companyText": "Findus",
    "ingrediensText": "Filéer av Alaska pollock* 65 % (FISK) (Theragra chalcogramma), rapsolja, mjöl (ris, kikärts), vatten, stärkelse (potatis, majs, ärt), ris semolina, salt, potatisflingor, ärtfiber. *Fiskad i nordöstra eller nordvästra Stilla havet.",
    "storage": "FÖRVARING OCH MINSTA HÅLLBARHET:I frysutrymme (-18°C eller kallare), se datummärkning.Bör alltid förvaras fryst. Bör ej frysas efter upptining. Lägsta förvaringstemperatur -25°C Högsta förvaringstemperatur -18°C",
    "allergens": "Innehåller Fisk",
    "usage": "",
    "nutrition": [
      {
        "Näringsvärde": "Energi (kcal)",
        "100 Gram": "198 kcal"
      },
      {
        "Näringsvärde": "Energi (kJ)",
        "100 Gram": "831 kJ"
      },
      {
        "Näringsvärde": "Fett",
        "100 Gram": "9 g"
      },
      {
        "Näringsvärde": "Varav mättat fett",
        "100 Gram": "0.8 g"
      },
      {
        "Näringsvärde": "Kolhydrat",
        "100 Gram": "16 g"
      },
      {
        "Näringsvärde": "Varav sockerarter",
        "100 Gram": "0.5 g"
      },
      {
        "Näringsvärde": "Fiber",
        "100 Gram": "0.6 g"
      },
      {
        "Näringsvärde": "Protein",
        "100 Gram": "13 g"
      },
      {
        "Näringsvärde": "Salt",
        "100 Gram": "0.86 g"
      }
    ],
    "nutritionUnitText": "Näringsvärde per 100 gram",
    "categories": {
      "mainCategory": "Fisk & Skaldjur",
      "subCategories": [
        {
          "name": "Färdiga fiskrätter",
          "subSubCategories": [
            "Fiskpinnar & Panerad fisk",
            "Fiskpinnar"
          ]
        }
      ]
    }
  },
  {
    "name": "Inlagd sill 240g Abba",
    "weightText": "0.12 kg",
    "caPart": "",
    "weightValue": 0.12,
    "weightUnit": "kg",
    "comparePrice": "212,50 kr/kg u. spad",
    "currentPrice": 25.5,
    "attributes": [],
    "imgUrl": "https://handlaprivatkund.ica.se/images-v3/bf7a00ca-390e-4769-865f-dc369586872e/55ba2d99-0685-4231-9bad-3df907fa436b/500x500.jpg",
    "productInformation": "Abba Inlagd Sill är en av våra storsäljande sillsorter med utvalda bitar sill med klassisk kryddning som morot, kryddpeppar och lök. En klassiker som passar till allt! Den här produkten innehåller sill (Clupea harengus) av högsta kvalitet som fiskas i Nordostatlanten och som enbart kommer från livskraftiga bestånd. Sillen lagras i vårt bergrum i Kungshamn på bohuslänska västkusten innan vi lägger in den med utvalda kryddor och smaksättningar för att du ska kunna njuta av din favorit. Sill passar lika bra till jul, påsk och midsommar som till en god snabblagad lunch eller middag eller varför inte brunch? Den här sillburken är märkt med symbolen lågt klimatavtryck, vill du veta mer? Läs mer på abba.se",
    "countryText": "",
    "companyText": "Abba",
    "ingrediensText": "SILL i bitar, lök (22%), socker, morot (4%), salt, ättika, kryddor (svartpeppar, kryddpeppar), naturlig arom (innehåller kanel), syra (ättiksyra), konserveringsmedel (natriumbensoat, kaliumsorbat).",
    "storage": "I kylskåp max 8 °C. Öppnad förpackning konsumeras inom 14 dagar",
    "allergens": "",
    "usage": "",
    "nutrition": [
      {
        "Näringsvärde": "Energi (kcal)",
        "100 Gram": "239 kcal"
      },
      {
        "Näringsvärde": "Energi (kJ)",
        "100 Gram": "999 kJ"
      },
      {
        "Näringsvärde": "Fett",
        "100 Gram": "13 g"
      },
      {
        "Näringsvärde": "Varav mättat fett",
        "100 Gram": "3.4 g"
      },
      {
        "Näringsvärde": "Kolhydrat",
        "100 Gram": "20 g"
      },
      {
        "Näringsvärde": "Varav sockerarter",
        "100 Gram": "19 g"
      },
      {
        "Näringsvärde": "Protein",
        "100 Gram": "11 g"
      },
      {
        "Näringsvärde": "Salt",
        "100 Gram": "3.4 g"
      }
    ],
    "nutritionUnitText": "Näringsvärde per 100 gram",
    "categories": {
      "mainCategory": "Fisk & Skaldjur",
      "subCategories": [
        {
          "name": "Sill & Ansjovis",
          "subSubCategories": [
            "Inlagd sill"
          ]
        }
      ]
    }
  },
  {
    "name": "Lax Färsk Varmrökt Citron 125g Miljömärkt ICA",
    "weightText": "0.125 kg",
    "caPart": "",
    "weightValue": 0.125,
    "weightUnit": "kg",
    "comparePrice": "455,60 kr/kg",
    "currentPrice": 56.95,
    "attributes": [
      "Nyckelhålet"
    ],
    "imgUrl": "https://handlaprivatkund.ica.se/images-v3/bf7a00ca-390e-4769-865f-dc369586872e/83ff6725-60e3-4b65-aa88-9c20230a6e0f/500x500.jpg",
    "productInformation": "ASC-märkt varmrökt lax kryddad med citron. God på en sallad, i en pasta eller tillsammans med potatis och sås.",
    "countryText": "",
    "companyText": "ICA",
    "ingrediensText": "LAXFILÉ* 97% (Salmo salar), salt, citronzest 2%. *Odlad i Norge.",
    "storage": "kylvara 0 - +4°C",
    "allergens": "Innehåller Fisk",
    "usage": "Bäst före-datum gäller endast för oöppnad förpackning",
    "nutrition": [
      {
        "Näringsvärde": "Energi (kcal)",
        "100 Gram": "233 kcal"
      },
      {
        "Näringsvärde": "Energi (kJ)",
        "100 Gram": "969 kJ"
      },
      {
        "Näringsvärde": "Fett",
        "100 Gram": "17 g"
      },
      {
        "Näringsvärde": "Varav mättat fett",
        "100 Gram": "2.4 g"
      },
      {
        "Näringsvärde": "Kolhydrat",
        "100 Gram": "0 g"
      },
      {
        "Näringsvärde": "Varav sockerarter",
        "100 Gram": "0 g"
      },
      {
        "Näringsvärde": "Protein",
        "100 Gram": "20 g"
      },
      {
        "Näringsvärde": "Salt",
        "100 Gram": "1.125 g"
      }
    ],
    "nutritionUnitText": "Näringsvärde per 100 gram",
    "categories": {
      "mainCategory": "Fisk & Skaldjur",
      "subCategories": [
        {
          "name": "Fisk",
          "subSubCategories": [
            "Lax",
            "Rökt lax"
          ]
        }
      ]
    }
  },
  {
    "name": "Musslor i vatten 200g ICA",
    "weightText": "0.2 kg",
    "caPart": "",
    "weightValue": 0.2,
    "weightUnit": "kg",
    "comparePrice": "134,75 kr/kg u. spad",
    "currentPrice": 26.95,
    "attributes": [],
    "imgUrl": "https://handlaprivatkund.ica.se/images-v3/bf7a00ca-390e-4769-865f-dc369586872e/e2693683-fd31-464a-ba3d-5db6979adf02/500x500.jpg",
    "productInformation": "Naturella musslor med bra konsistens. Perfekt i en skaldjursgryta eller i en god pastarätt.",
    "countryText": "",
    "companyText": "ICA",
    "ingrediensText": "Ingredienser: MUSSLOR* (Mytilus chilensis), vatten, salt, surhetsreglerande medel (E330). *Odlade i Chile.",
    "storage": "Oöppnad förpakning förvaras toort, ej över normal rumstemperatur. Öppnad förpackning förvaras i kylskåp (max +8°C). Lägsta förvaringstemperatur 20°C Högsta förvaringstemperatur 25°C",
    "allergens": "",
    "usage": "",
    "nutrition": [
      {
        "Näringsvärde": "Energi (kcal)",
        "100 Gram": "106 kcal"
      },
      {
        "Näringsvärde": "Energi (kJ)",
        "100 Gram": "445 kJ"
      },
      {
        "Näringsvärde": "Fett",
        "100 Gram": "2.7 g"
      },
      {
        "Näringsvärde": "Varav mättat fett",
        "100 Gram": "0.6 g"
      },
      {
        "Näringsvärde": "Kolhydrat",
        "100 Gram": "3.4 g"
      },
      {
        "Näringsvärde": "Varav sockerarter",
        "100 Gram": "0 g"
      },
      {
        "Näringsvärde": "Protein",
        "100 Gram": "17 g"
      },
      {
        "Näringsvärde": "Salt",
        "100 Gram": "1.5 g"
      }
    ],
    "nutritionUnitText": "",
    "categories": {
      "mainCategory": "Fisk & Skaldjur",
      "subCategories": [
        {
          "name": "Skaldjur",
          "subSubCategories": [
            "Musslor",
            "Musslor i lake"
          ]
        }
      ]
    }
  },
  {
    "name": "Fish nuggets 480g Pacific brand",
    "weightText": "0.48 kg",
    "caPart": "",
    "weightValue": 0.48,
    "weightUnit": "kg",
    "comparePrice": "73,96 kr/kg",
    "currentPrice": 35.5,
    "attributes": [
      "MSC-märkt"
    ],
    "imgUrl": "https://handlaprivatkund.ica.se/images-v3/bf7a00ca-390e-4769-865f-dc369586872e/f0dc1c85-f03d-4b73-acc7-4ccca54c3457/500x500.jpg",
    "productInformation": "Pacific fish nuggets är krispiga i paneringen och gjorda av alaska pollock. En bra produkt som kan varieras med många olika tillbehör, se ICA.se för tips och recept.",
    "countryText": "",
    "companyText": "Pacific brand",
    "ingrediensText": "Fiskfärs av ALASKA POLLOCK*, (Gadus chalcogramma) 45%, VETEMJÖL, rismjöl, majsmjöl, vatten vegetabilisk oljor (raps, solros) i varierande proportion, VETESTÄRKELSE, VETEFIBER, majsstärkelse, potatisstärkelse, VETEPROTEIN, jäst, citronfiber, druvsocker, vinäger, bakpulver (E450), förtjockningsmedel (E461, E464), antioxidationsmedel (E331), naturlig arom, salt & svartpeppar. *Fiskad med trål i nordvästra Stilla havet, FAO 61.",
    "storage": "Djupfryst. I frysutrymme (–18°C eller kallare). Bör ej frysas om efter upptining. Lägsta förvaringstemperatur -25°C Högsta förvaringstemperatur -18°C",
    "allergens": "Innehåller Fisk Innehåller Spannmål som innehåller gluten",
    "usage": "",
    "nutrition": [
      {
        "Näringsvärde": "Energi (kcal)",
        "100 Gram": "208 kcal"
      },
      {
        "Näringsvärde": "Energi (kJ)",
        "100 Gram": "874 kJ"
      },
      {
        "Näringsvärde": "Fett",
        "100 Gram": "7.4 g"
      },
      {
        "Näringsvärde": "Varav mättat fett",
        "100 Gram": "0.8 g"
      },
      {
        "Näringsvärde": "Kolhydrat",
        "100 Gram": "26 g"
      },
      {
        "Näringsvärde": "Varav sockerarter",
        "100 Gram": "0.7 g"
      },
      {
        "Näringsvärde": "Fiber",
        "100 Gram": "0.4 g"
      },
      {
        "Näringsvärde": "Protein",
        "100 Gram": "9.1 g"
      },
      {
        "Näringsvärde": "Salt",
        "100 Gram": "0.8 g"
      }
    ],
    "nutritionUnitText": "Näringsvärde per 100 gram",
    "categories": {
      "mainCategory": "Fisk & Skaldjur",
      "subCategories": [
        {
          "name": "Färdiga fiskrätter",
          "subSubCategories": [
            "Fiskpinnar & Panerad fisk",
            "Panerad fisk"
          ]
        }
      ]
    }
  },
  {
    "name": "Laxtärningar Fryst 300g ICA",
    "weightText": "0.3 kg",
    "caPart": "",
    "weightValue": 0.3,
    "weightUnit": "kg",
    "comparePrice": "273,17 kr/kg",
    "currentPrice": 81.95,
    "attributes": [],
    "imgUrl": "https://handlaprivatkund.ica.se/images-v3/bf7a00ca-390e-4769-865f-dc369586872e/db502a17-8493-4808-bc83-8138e0f47379/500x500.jpg",
    "productInformation": "ICA Laxtärningar är frysta bitar som gör det enkelt att laga en snabb middag. De här bitarna passar perfekt både till grytor och soppor, men kan också användas i pastasås eller till nudlar. Eller varför inte en fisktaco! Förpackningen kan du dessutom återförsluta om du inte använder alltihop på en gång!",
    "countryText": "",
    "companyText": "ICA",
    "ingrediensText": "Tärningar av laxfilé* (Salmo salar). Enstaka ben kan förekomma. *Odlad i Norge.",
    "storage": "",
    "allergens": "",
    "usage": "",
    "nutrition": [
      {
        "Näringsvärde": "Energi (kcal)",
        "100 Gram": "223 kcal"
      },
      {
        "Näringsvärde": "Energi (kJ)",
        "100 Gram": "927 kJ"
      },
      {
        "Näringsvärde": "Fett",
        "100 Gram": "16 g"
      },
      {
        "Näringsvärde": "Varav mättat fett",
        "100 Gram": "2.3 g"
      },
      {
        "Näringsvärde": "Kolhydrat",
        "100 Gram": "0 g"
      },
      {
        "Näringsvärde": "Varav sockerarter",
        "100 Gram": "0 g"
      },
      {
        "Näringsvärde": "Protein",
        "100 Gram": "20 g"
      },
      {
        "Näringsvärde": "Salt",
        "100 Gram": "0.12 g"
      }
    ],
    "nutritionUnitText": "Näringsvärde per 100 gram",
    "categories": {
      "mainCategory": "Fryst",
      "subCategories": [
        {
          "name": "Fryst fisk & Skaldjur",
          "subSubCategories": [
            "Fryst lax"
          ]
        }
      ]
    }
  },
  {
    "name": "Skärgårdssill 220g Abba",
    "weightText": "0.11 kg",
    "caPart": "",
    "weightValue": 0.11,
    "weightUnit": "kg",
    "comparePrice": "231,82 kr/kg u. spad",
    "currentPrice": 25.5,
    "attributes": [],
    "imgUrl": "https://handlaprivatkund.ica.se/images-v3/bf7a00ca-390e-4769-865f-dc369586872e/232f2e19-1eed-40ac-b7b1-8309f4abfe26/500x500.jpg",
    "productInformation": "",
    "countryText": "",
    "companyText": "Abba",
    "ingrediensText": "SILL i bitar, rapsolja, socker, GRÄDDFIL (5,5%), lök, salt, vatten, tångcaviar (3%) (tångextrakt, vatten, salt, kryddextrakt (bl.a. cayennepeppar), arom (bl.a. dill), syra (citronsyra), stabiliseringsmedel (xanthangummi), konserveringsmedel (kaliumsorbat, natriumbensoat), färgämne (paprikaoleoresin)), ÄGGula, skumMJÖLK, gräslök, ättika, svartpepparextrakt, syra (ättiksyra, mjölksyra, citronsyra), konserveringsmedel (natriumbensoat, kaliumsorbat), förtjockningsmedel (xantangummi).",
    "storage": "I kylskåp max 8 °C. Öppnad produkt smakar bäst inom 14 dagar",
    "allergens": "",
    "usage": "",
    "nutrition": [
      {
        "Näringsvärde": "Energi (kcal)",
        "100 Gram": "260 kcal"
      },
      {
        "Näringsvärde": "Energi (kJ)",
        "100 Gram": "1082 kJ"
      },
      {
        "Näringsvärde": "Fett",
        "100 Gram": "19 g"
      },
      {
        "Näringsvärde": "Varav mättat fett",
        "100 Gram": "3.4 g"
      },
      {
        "Näringsvärde": "Kolhydrat",
        "100 Gram": "14 g"
      },
      {
        "Näringsvärde": "Varav sockerarter",
        "100 Gram": "13 g"
      },
      {
        "Näringsvärde": "Protein",
        "100 Gram": "8.4 g"
      },
      {
        "Näringsvärde": "Salt",
        "100 Gram": "4.3 g"
      }
    ],
    "nutritionUnitText": "Näringsvärde per 100 gram",
    "categories": {
      "mainCategory": "Fisk & Skaldjur",
      "subCategories": [
        {
          "name": "Sill & Ansjovis",
          "subSubCategories": [
            "Inlagd sill"
          ]
        }
      ]
    }
  },
  {
    "name": "Senapssill 230g Abba",
    "weightText": "0.11 kg",
    "caPart": "",
    "weightValue": 0.11,
    "weightUnit": "kg",
    "comparePrice": "231,82 kr/kg u. spad",
    "currentPrice": 25.5,
    "attributes": [],
    "imgUrl": "https://handlaprivatkund.ica.se/images-v3/bf7a00ca-390e-4769-865f-dc369586872e/41d11236-f27f-4168-9f03-0273c6447531/500x500.jpg",
    "productInformation": "Abba Senapssill är en krämig senapssill med utvalda bitar sill och massor av smak från senap och senapsfrön. En mild och rund senapssmak som älskas av många! Den här produkten innehåller sill (Clupea harengus) av högsta kvalitet som fiskas i Nordostatlanten och som enbart kommer från livskraftiga bestånd. Sillen lagras i vårt bergrum i Kungshamn på bohuslänska västkusten innan den blandas med den goda, krämiga såsen för att du ska kunna njuta av din favorit. Sill passar lika bra till jul, påsk och midsommar som till en god snabblagad lunch eller middag eller varför inte brunch? Den här sillburken är märkt med symbolen lågt klimatavtryck, vill du veta mer? Läs mer på abba.se",
    "countryText": "",
    "companyText": "Abba",
    "ingrediensText": "SILL i bitar, socker, vatten, rapsolja, SENAP (12%) (vatten, SENAPsfrö, socker, ättika, salt, kryddor (bl.a. koriander, kanel)), salt, SENAPsfrö, syra (ättiksyra), konserveringsmedel (natriumbensoat, kaliumsorbat), förtjockningsmedel (xantangummi), färgämne (betakaroten, sockerkulör (E150c)). Kan innehålla spår av GLUTEN.",
    "storage": "I kylskåp max 8 °C. Öppnad produkt smakar bäst inom 14 dagar",
    "allergens": "",
    "usage": "",
    "nutrition": [
      {
        "Näringsvärde": "Energi (kcal)",
        "100 Gram": "249 kcal"
      },
      {
        "Näringsvärde": "Energi (kJ)",
        "100 Gram": "1039 kJ"
      },
      {
        "Näringsvärde": "Fett",
        "100 Gram": "16 g"
      },
      {
        "Näringsvärde": "Varav mättat fett",
        "100 Gram": "3 g"
      },
      {
        "Näringsvärde": "Kolhydrat",
        "100 Gram": "17 g"
      },
      {
        "Näringsvärde": "Varav sockerarter",
        "100 Gram": "16 g"
      },
      {
        "Näringsvärde": "Protein",
        "100 Gram": "8.5 g"
      },
      {
        "Näringsvärde": "Salt",
        "100 Gram": "3.7 g"
      }
    ],
    "nutritionUnitText": "Näringsvärde per 100 gram",
    "categories": {
      "mainCategory": "Fisk & Skaldjur",
      "subCategories": [
        {
          "name": "Sill & Ansjovis",
          "subSubCategories": [
            "Inlagd sill"
          ]
        }
      ]
    }
  },
  {
    "name": "Rom röd finkornig 80g Abba",
    "weightText": "0.08 kg",
    "caPart": "",
    "weightValue": 0.08,
    "weightUnit": "kg",
    "comparePrice": "399,38 kr/kg",
    "currentPrice": 31.95,
    "attributes": [
      "MSC-märkt"
    ],
    "imgUrl": "https://handlaprivatkund.ica.se/images-v3/bf7a00ca-390e-4769-865f-dc369586872e/e6c3a0c0-426d-43c4-911d-1c3e414a5f81/500x500.jpg",
    "productInformation": "Abba Finkornig rom är en röd caviar med små fina romkorn som är ett prisvärt alternativ till löjrom och stenbitsrom och passar perfekt som lyxigt tillbehör till förrätten, såsen eller varför inte chipsen? Finkornig rom består av rom från sill (Clupea harengus) av högsta kvalitet som fiskas i Nordostatlanten och som enbart kommer från livskraftiga bestånd. Romen lagras sedan i vårt bergrum i Kungshamn på bohuslänska västkusten innan den hamnar i förpackningen. Vad ska du laga för mat idag? Varför inte göra en snabb pizza med Västerbottensost®, crème fraiche som toppas med röd caviar och finhackad gräslök?",
    "countryText": "",
    "companyText": "Abba",
    "ingrediensText": "Saltad SILLrom (90%), vatten, safflorextrakt, förtjockningsmedel (E415), konserveringsmedel (E202, E211), socker, syra (E330), färgämne (E120), naturlig lökarom.",
    "storage": "I kylskåp max 8 °C. Öppnad förpackning konsumeras inom 14 dagar",
    "allergens": "",
    "usage": "",
    "nutrition": [
      {
        "Näringsvärde": "Energi (kcal)",
        "100 Gram": "67 kcal"
      },
      {
        "Näringsvärde": "Energi (kJ)",
        "100 Gram": "280 kJ"
      },
      {
        "Näringsvärde": "Fett",
        "100 Gram": "1.4 g"
      },
      {
        "Näringsvärde": "Varav mättat fett",
        "100 Gram": "0 g"
      },
      {
        "Näringsvärde": "Kolhydrat",
        "100 Gram": "2.3 g"
      },
      {
        "Näringsvärde": "Varav sockerarter",
        "100 Gram": "0 g"
      },
      {
        "Näringsvärde": "Protein",
        "100 Gram": "11 g"
      },
      {
        "Näringsvärde": "Salt",
        "100 Gram": "5.3 g"
      }
    ],
    "nutritionUnitText": "Näringsvärde per 100 gram",
    "categories": {
      "mainCategory": "Jul",
      "subCategories": [
        {
          "name": "Julmat",
          "subSubCategories": [
            "Lutfisk, Caviar & Röror"
          ]
        }
      ]
    }
  },
  {
    "name": "Kaviar Orökt 165g Ejderns",
    "weightText": "0.165 kg",
    "caPart": "",
    "weightValue": 0.165,
    "weightUnit": "kg",
    "comparePrice": "184,85 kr/kg",
    "currentPrice": 30.5,
    "attributes": [
      "MSC-märkt"
    ],
    "imgUrl": "https://handlaprivatkund.ica.se/images-v3/bf7a00ca-390e-4769-865f-dc369586872e/2e736d94-4f7a-4b1b-8a84-320306b2f9ee/500x500.jpg",
    "productInformation": "Ejderns orökta smörgåskaviar 165g är en klassisk kaviar som funnits i nästan 100 år på marknaden. Kaviaren består till största delen av orökt torskrom vilket ger den en alldeles speciellt kraftfull romsmak. Tack vare den höga romhalten är Ejderns orökta kaviar dessutom en mager kaviar med låg fetthalt. Ejderns orökta smörgåskaviar är som gjort för att bre direkt på mackan som pålägg till frukost, mellanmål eller på kokta ägg! Ejderns kaviar görs av utvald rom från torsk (Gadus morhua) som fiskas framför allt vid Nordnorge (Norska Havet & Barents hav).",
    "countryText": "",
    "companyText": "Ejderns",
    "ingrediensText": "Sockersaltad TORSKrom (79%), socker, potatisflingor, lök, tomatpuré, rapsolja, syra (mjölksyra), konserveringsmedel (natriumbensoat), kryddor, salt",
    "storage": "I kylskåp 2-8 °C",
    "allergens": "",
    "usage": "",
    "nutrition": [
      {
        "Näringsvärde": "Energi (kcal)",
        "100 Gram": "160 kcal"
      },
      {
        "Näringsvärde": "Energi (kJ)",
        "100 Gram": "668 kJ"
      },
      {
        "Näringsvärde": "Fett",
        "100 Gram": "1.3 g"
      },
      {
        "Näringsvärde": "Varav mättat fett",
        "100 Gram": "0.2 g"
      },
      {
        "Näringsvärde": "Kolhydrat",
        "100 Gram": "24 g"
      },
      {
        "Näringsvärde": "Varav sockerarter",
        "100 Gram": "18 g"
      },
      {
        "Näringsvärde": "Protein",
        "100 Gram": "13 g"
      },
      {
        "Näringsvärde": "Salt",
        "100 Gram": "9 g"
      }
    ],
    "nutritionUnitText": "Näringsvärde per 100 gram",
    "categories": {
      "mainCategory": "Fisk & Skaldjur",
      "subCategories": [
        {
          "name": "Kaviar & Rom",
          "subSubCategories": [
            "Kaviar"
          ]
        }
      ]
    }
  },
  {
    "name": "Kräftstjärtar i lake 170g Miljömärkt ICA Basic",
    "weightText": "0.17 kg",
    "caPart": "",
    "weightValue": 0.17,
    "weightUnit": "kg",
    "comparePrice": "240,88 kr/kg u. spad",
    "currentPrice": 40.95,
    "attributes": [],
    "imgUrl": "https://handlaprivatkund.ica.se/images-v3/bf7a00ca-390e-4769-865f-dc369586872e/57e2f407-23e9-4995-91be-d0de7177cd29/500x500.jpg",
    "productInformation": "",
    "countryText": "",
    "companyText": "ICA Basic",
    "ingrediensText": "INGREDIENSER: KRÄFTSTJÄRTAR* (Procambarus clarkii), vatten, salt, socker, konserveringsmedel (E202, E211), surhetsreglerande medel (E330, E331), dillarom. *Fångad i sötvatten med tinor och fällor i Kina.",
    "storage": "",
    "allergens": "",
    "usage": "",
    "nutrition": [
      {
        "Näringsvärde": "Energi (kcal)",
        "100 Gram": "71 kcal"
      },
      {
        "Näringsvärde": "Energi (kJ)",
        "100 Gram": "296 kJ"
      },
      {
        "Näringsvärde": "Fett",
        "100 Gram": "0.5 g"
      },
      {
        "Näringsvärde": "Varav mättat fett",
        "100 Gram": "0.5 g"
      },
      {
        "Näringsvärde": "Kolhydrat",
        "100 Gram": "0.8 g"
      },
      {
        "Näringsvärde": "Varav sockerarter",
        "100 Gram": "0 g"
      },
      {
        "Näringsvärde": "Protein",
        "100 Gram": "16 g"
      },
      {
        "Näringsvärde": "Salt",
        "100 Gram": "2.4 g"
      }
    ],
    "nutritionUnitText": "Näringsvärde per 100 gram",
    "categories": {
      "mainCategory": "Fisk & Skaldjur",
      "subCategories": [
        {
          "name": "Skaldjur",
          "subSubCategories": [
            "Kräftor",
            "Kräftstjärtar i lake"
          ]
        }
      ]
    }
  },
  {
    "name": "Kaviar guld 250g Kalles",
    "weightText": "0.25 kg",
    "caPart": "",
    "weightValue": 0.25,
    "weightUnit": "kg",
    "comparePrice": "138,00 kr/kg",
    "currentPrice": 34.5,
    "attributes": [
      "MSC-märkt"
    ],
    "imgUrl": "https://handlaprivatkund.ica.se/images-v3/bf7a00ca-390e-4769-865f-dc369586872e/857cf6cf-6c5c-4ec6-b1ac-7244863ad92d/500x500.jpg",
    "productInformation": "Kalles Guld är en extra välrökt kaviar med mer rom, viket ger mer ännu mer smak och karaktär. Den har rökts hela 7 gånger längre än Kalles Original. Kalles Guld är perfekt att ta fram till mellanmålet och passar lika bra som pålägg på mackan som på ägget. Kalles kaviar har varit hela Sveriges oersättliga favorit på frukostbordet sedan 1954. Kalles kaviar görs av utvald rom från torsk (Gadus morhua) som fiskas framför allt i Nordnorge (Norska Havet & Barents hav). Kalles kaviar tillverkas i Sverige, i den idylliska fiskorten Kungshamn på västkusten. Vill du ta del av Kalles värld eller inspireras av riktigt smarriga kaviarmackor - besök kalles.se.",
    "countryText": "",
    "companyText": "Kalles",
    "ingrediensText": "Rökt sockersaltad TORSKrom (55%), rapsolja, socker, tomatpuré, potatisflingor, konserveringsmedel (kaliumsorbat, natriumbensoat), antioxidationsmedel (askorbinsyra)",
    "storage": "I kylskåp 2-8 °C",
    "allergens": "",
    "usage": "",
    "nutrition": [
      {
        "Näringsvärde": "Energi (kcal)",
        "100 Gram": "412 kcal"
      },
      {
        "Näringsvärde": "Energi (kJ)",
        "100 Gram": "1724 kJ"
      },
      {
        "Näringsvärde": "Fett",
        "100 Gram": "35 g"
      },
      {
        "Näringsvärde": "Varav mättat fett",
        "100 Gram": "2.5 g"
      },
      {
        "Näringsvärde": "Kolhydrat",
        "100 Gram": "15 g"
      },
      {
        "Näringsvärde": "Varav sockerarter",
        "100 Gram": "13 g"
      },
      {
        "Näringsvärde": "Protein",
        "100 Gram": "8.8 g"
      },
      {
        "Näringsvärde": "Salt",
        "100 Gram": "6.3 g"
      }
    ],
    "nutritionUnitText": "Näringsvärde per 100 gram",
    "categories": {
      "mainCategory": "Fisk & Skaldjur",
      "subCategories": [
        {
          "name": "Kaviar & Rom",
          "subSubCategories": [
            "Kaviar"
          ]
        }
      ]
    }
  },
  {
    "name": "Räkor handskalade i lake 500g ICA",
    "weightText": "0.5 kg",
    "caPart": "",
    "weightValue": 0.5,
    "weightUnit": "kg",
    "comparePrice": "294,00 kr/kg u. spad",
    "currentPrice": 147,
    "attributes": [
      "MSC-märkt"
    ],
    "imgUrl": "https://handlaprivatkund.ica.se/images-v3/bf7a00ca-390e-4769-865f-dc369586872e/e2ce4af6-e4f5-45cf-95f8-6f26c312886c/500x500.jpg",
    "productInformation": "Handskalade räkor perfekta till sallad, räkmacka, pastarätter eller bara ätas som de är!",
    "countryText": "",
    "companyText": "ICA",
    "ingrediensText": "RÄKOR (Pandalus borealis), vatten, salt, konserveringsmedel(E211, E202), surhetsreglerande medel (E330), socker",
    "storage": "",
    "allergens": "",
    "usage": "",
    "nutrition": [
      {
        "Näringsvärde": "Energi (kcal)",
        "100 Gram": "76 kcal"
      },
      {
        "Näringsvärde": "Energi (kJ)",
        "100 Gram": "322 kJ"
      },
      {
        "Näringsvärde": "Fett",
        "100 Gram": "0.8 g"
      },
      {
        "Näringsvärde": "Varav mättat fett",
        "100 Gram": "0.5 g"
      },
      {
        "Näringsvärde": "Kolhydrat",
        "100 Gram": "1 g"
      },
      {
        "Näringsvärde": "Varav sockerarter",
        "100 Gram": "0.5 g"
      },
      {
        "Näringsvärde": "Protein",
        "100 Gram": "16 g"
      },
      {
        "Näringsvärde": "Salt",
        "100 Gram": "2.5 g"
      }
    ],
    "nutritionUnitText": "Näringsvärde per 100 gram",
    "categories": {
      "mainCategory": "Jul",
      "subCategories": [
        {
          "name": "Julmat",
          "subSubCategories": [
            "Ägg, Räkor & Majonnäs"
          ]
        }
      ]
    }
  },
  {
    "name": "Drottkaviar rökt 150g Ejderns",
    "weightText": "0.15 kg",
    "caPart": "",
    "weightValue": 0.15,
    "weightUnit": "kg",
    "comparePrice": "203,33 kr/kg",
    "currentPrice": 30.5,
    "attributes": [
      "MSC-märkt"
    ],
    "imgUrl": "https://handlaprivatkund.ica.se/images-v3/bf7a00ca-390e-4769-865f-dc369586872e/823823d1-d6a9-4a1b-9ad0-73a90c3fcf1e/500x500.jpg",
    "productInformation": "Ejderns Drottkaviar 150g är en riktig klassiker och den tillverkas av extra fin sockersaltad torskrom. Rommen får ligga och mogna i plasttunnor under några månader för att sedan rökas extra länge och blandas med olja och övriga ingredienser. Den speciella rökningen ger produkten dess karaktär och smak. Ejderns Drottningkaviar passar utmärkt till att bre direkt på mackan som pålägg till frukost, mellanmål eller på kokta ägg! Ejderns kaviar görs av utvald rom från torsk (Gadus morhua) som fiskas framför allt vid Nordnorge (Norska Havet & Barents hav).",
    "countryText": "",
    "companyText": "Ejderns",
    "ingrediensText": "Rökt sockersaltad TORSKrom (51%), rapsolja, socker, tomatpuré, salt, potatisflingor, konserveringsmedel (natriumbensoat), antioxidationsmedel (askorbinsyra)",
    "storage": "I kylskåp 2-8 °C",
    "allergens": "",
    "usage": "",
    "nutrition": [
      {
        "Näringsvärde": "Energi (kcal)",
        "100 Gram": "413 kcal"
      },
      {
        "Näringsvärde": "Energi (kJ)",
        "100 Gram": "1729 kJ"
      },
      {
        "Näringsvärde": "Fett",
        "100 Gram": "36 g"
      },
      {
        "Näringsvärde": "Varav mättat fett",
        "100 Gram": "2.6 g"
      },
      {
        "Näringsvärde": "Kolhydrat",
        "100 Gram": "15 g"
      },
      {
        "Näringsvärde": "Varav sockerarter",
        "100 Gram": "13 g"
      },
      {
        "Näringsvärde": "Protein",
        "100 Gram": "8.2 g"
      },
      {
        "Näringsvärde": "Salt",
        "100 Gram": "6.3 g"
      }
    ],
    "nutritionUnitText": "Näringsvärde per 100 gram",
    "categories": {
      "mainCategory": "Fisk & Skaldjur",
      "subCategories": [
        {
          "name": "Kaviar & Rom",
          "subSubCategories": [
            "Kaviar"
          ]
        }
      ]
    }
  },
  {
    "name": "Tigerräka råa 400g Pandalus",
    "weightText": "0.4 kg",
    "caPart": "",
    "weightValue": 0.4,
    "weightUnit": "kg",
    "comparePrice": "335,00 kr/kg",
    "currentPrice": 134,
    "attributes": [
      "Nyckelhålet"
    ],
    "imgUrl": "https://handlaprivatkund.ica.se/images-v3/bf7a00ca-390e-4769-865f-dc369586872e/49cd90f8-5855-47ee-a5a7-8d8f0db6f970/500x500.jpg",
    "productInformation": "",
    "countryText": "",
    "companyText": "Pandalus",
    "ingrediensText": "Råa, skalade och frysta Tigerräkor ( Penaeus monodon) (Kräftdjur) , vatten, salt. Styckfrysta, ASC certifierade.",
    "storage": "Lägsta förvaringstemperatur -25°C Högsta förvaringstemperatur -18°C",
    "allergens": "Innehåller Kräftdjur",
    "usage": "",
    "nutrition": [
      {
        "Näringsvärde": "Energi (kcal)",
        "100 Gram": "52 kcal"
      },
      {
        "Näringsvärde": "Energi (kJ)",
        "100 Gram": "261 kJ"
      },
      {
        "Näringsvärde": "Fett",
        "100 Gram": "0.11 g"
      },
      {
        "Näringsvärde": "Varav mättat fett",
        "100 Gram": "0.04 g"
      },
      {
        "Näringsvärde": "Kolhydrat",
        "100 Gram": "0 g"
      },
      {
        "Näringsvärde": "Varav sockerarter",
        "100 Gram": "0 g"
      },
      {
        "Näringsvärde": "Fiber",
        "100 Gram": "0 g"
      },
      {
        "Näringsvärde": "Protein",
        "100 Gram": "15.1 g"
      },
      {
        "Näringsvärde": "Salt",
        "100 Gram": "0.3 g"
      }
    ],
    "nutritionUnitText": "Näringsvärde per 100 gram",
    "categories": {
      "mainCategory": "Fisk & Skaldjur",
      "subCategories": [
        {
          "name": "Skaldjur",
          "subSubCategories": [
            "Räkor",
            "Frysta räkor"
          ]
        }
      ]
    }
  },
  {
    "name": "Lax Färsk Kallrökt Skivad 150g Miljömärkt ICA Basic",
    "weightText": "0.15 kg",
    "caPart": "",
    "weightValue": 0.15,
    "weightUnit": "kg",
    "comparePrice": "319,67 kr/kg",
    "currentPrice": 47.95,
    "attributes": [
      "Nyckelhålet"
    ],
    "imgUrl": "https://handlaprivatkund.ica.se/images-v3/bf7a00ca-390e-4769-865f-dc369586872e/5e2402ef-0e95-4611-83b6-9741208d4baf/500x500.jpg",
    "productInformation": "Mindre fint putsade skivor av kallrökt lax. Passar utmärkt till röran, pastan eller salladen. \n \n Enstaka ben kan förekomma",
    "countryText": "",
    "companyText": "ICA Basic",
    "ingrediensText": "LAX* (Salmo salar) 97%, salt. *Odlad i Norge",
    "storage": "Kylvara. Förvaras vid högst +4°C Lägsta förvaringstemperatur 0°C Högsta förvaringstemperatur 4°C",
    "allergens": "",
    "usage": "",
    "nutrition": [
      {
        "Näringsvärde": "Energi (kcal)",
        "100 Gram": "149 kcal"
      },
      {
        "Näringsvärde": "Energi (kJ)",
        "100 Gram": "623 kJ"
      },
      {
        "Näringsvärde": "Fett",
        "100 Gram": "7.5 g"
      },
      {
        "Näringsvärde": "Varav mättat fett",
        "100 Gram": "1 g"
      },
      {
        "Näringsvärde": "Kolhydrat",
        "100 Gram": "0 g"
      },
      {
        "Näringsvärde": "Varav sockerarter",
        "100 Gram": "0 g"
      },
      {
        "Näringsvärde": "Protein",
        "100 Gram": "20.3 g"
      },
      {
        "Näringsvärde": "Salt",
        "100 Gram": "3.22 g"
      }
    ],
    "nutritionUnitText": "Näringsvärde per 100 gram",
    "categories": {
      "mainCategory": "Jul",
      "subCategories": [
        {
          "name": "Julmat",
          "subSubCategories": [
            "Lax & Gravlaxsås"
          ]
        }
      ]
    }
  },
  {
    "name": "Löksill 240g Abba",
    "weightText": "0.12 kg",
    "caPart": "",
    "weightValue": 0.12,
    "weightUnit": "kg",
    "comparePrice": "212,50 kr/kg u. spad",
    "currentPrice": 25.5,
    "attributes": [
      "MSC-märkt"
    ],
    "imgUrl": "https://handlaprivatkund.ica.se/images-v3/bf7a00ca-390e-4769-865f-dc369586872e/c8e70b7e-c2eb-42d7-8c3a-feaaa2c1e12c/500x500.jpg",
    "productInformation": "Abba Löksill är en storsäljare med utvalda bitar sill i en klar lag smaksatt med både gul lök, vårlök och svartpeppar. En favorit att räkna med! Den här produkten innehåller sill (Clupea harengus) av högsta kvalitet som fiskas i Nordsjön och som enbart kommer från livskraftiga bestånd. Sillen lagras i vårt bergrum i Kungshamn på bohuslänska västkusten innan vi lägger in den med utvalda kryddor och smaksättningar för att du ska kunna njuta av din favorit. Sill passar lika bra till jul, påsk och midsommar som till en god snabblagad lunch eller middag eller varför inte brunch? Den här sillburken är märkt med symbolen lågt klimatavtryck, vill du veta mer? Läs mer på abba.se",
    "countryText": "",
    "companyText": "Abba",
    "ingrediensText": "SILL i bitar, socker, lök (22%), salt, salladslök, ättika, kryddor (svartpeppar, kryddpeppar, rosépeppar), naturlig arom (innehåller kanel), syra (ättiksyra), konserveringsmedel (natriumbensoat, kaliumsorbat).",
    "storage": "I kylskåp max 8 °C. Öppnad produkt smakar bäst inom 14 dagar",
    "allergens": "",
    "usage": "",
    "nutrition": [
      {
        "Näringsvärde": "Energi (kcal)",
        "100 Gram": "243 kcal"
      },
      {
        "Näringsvärde": "Energi (kJ)",
        "100 Gram": "1016 kJ"
      },
      {
        "Näringsvärde": "Fett",
        "100 Gram": "13 g"
      },
      {
        "Näringsvärde": "Varav mättat fett",
        "100 Gram": "3.4 g"
      },
      {
        "Näringsvärde": "Kolhydrat",
        "100 Gram": "20 g"
      },
      {
        "Näringsvärde": "Varav sockerarter",
        "100 Gram": "20 g"
      },
      {
        "Näringsvärde": "Protein",
        "100 Gram": "11 g"
      },
      {
        "Näringsvärde": "Salt",
        "100 Gram": "3.3 g"
      }
    ],
    "nutritionUnitText": "Näringsvärde per 100 gram",
    "categories": {
      "mainCategory": "Fisk & Skaldjur",
      "subCategories": [
        {
          "name": "Sill & Ansjovis",
          "subSubCategories": [
            "Inlagd sill"
          ]
        }
      ]
    }
  },
  {
    "name": "Räkor med skal 70/90 Fryst 1kg Royal Greenland",
    "weightText": "1 kg",
    "caPart": "",
    "weightValue": 1,
    "weightUnit": "kg",
    "comparePrice": "145,00 kr/kg",
    "currentPrice": 145,
    "attributes": [
      "Nyckelhålet",
      "MSC-märkt"
    ],
    "imgUrl": "https://handlaprivatkund.ica.se/images-v3/bf7a00ca-390e-4769-865f-dc369586872e/c3c62c9c-eda9-4009-9221-c337af9f52e0/500x500.jpg",
    "productInformation": "Skala räkorna och njut av den milt sälta smaken på räkmackan, i röror, i sallader eller naturella med en aiolidipp och en bit gott bröd! Trålade, nordvästatlanten zon 21",
    "countryText": "",
    "companyText": "Royal Greenland",
    "ingrediensText": "INGREDIENSER: Räkor (KRÄFTDJUR) (Pandalus borealis), salt. Vatten (skyddande gla-sering). Kan innehålla spår av fisk.",
    "storage": "Lägsta förvaringstemperatur -25°C Högsta förvaringstemperatur -18°C",
    "allergens": "Kan innehålla Fisk Innehåller Kräftdjur",
    "usage": "",
    "nutrition": [
      {
        "Näringsvärde": "Energi (kcal)",
        "100 Gram": "95 kcal"
      },
      {
        "Näringsvärde": "Energi (kJ)",
        "100 Gram": "401 kJ"
      },
      {
        "Näringsvärde": "Fett",
        "100 Gram": "1.2 g"
      },
      {
        "Näringsvärde": "Varav mättat fett",
        "100 Gram": "0.2 g"
      },
      {
        "Näringsvärde": "Kolhydrat",
        "100 Gram": "0 g"
      },
      {
        "Näringsvärde": "Varav sockerarter",
        "100 Gram": "0 g"
      },
      {
        "Näringsvärde": "Protein",
        "100 Gram": "21 g"
      },
      {
        "Näringsvärde": "Salt",
        "100 Gram": "1.4 g"
      }
    ],
    "nutritionUnitText": "Näringsvärde per 100 gram",
    "categories": {
      "mainCategory": "Fisk & Skaldjur",
      "subCategories": [
        {
          "name": "Skaldjur",
          "subSubCategories": [
            "Räkor",
            "Frysta räkor"
          ]
        }
      ]
    }
  },
  {
    "name": "Torskfilé kedjepack 375g Royal Greenland",
    "weightText": "0.375 kg",
    "caPart": "",
    "weightValue": 0.375,
    "weightUnit": "kg",
    "comparePrice": "277,33 kr/kg",
    "currentPrice": 104,
    "attributes": [
      "Nyckelhålet",
      "MSC-märkt"
    ],
    "imgUrl": "https://handlaprivatkund.ica.se/images-v3/bf7a00ca-390e-4769-865f-dc369586872e/bb3086ae-fe76-49fc-bcef-197c4654534d/500x500.jpg",
    "productInformation": "",
    "countryText": "",
    "companyText": "Royal Greenland",
    "ingrediensText": "Torskfiléer (FISK) (Gadus morhua). Vatten (skyddande glasering).",
    "storage": "Lägsta förvaringstemperatur -25°C Högsta förvaringstemperatur -18°C",
    "allergens": "",
    "usage": "",
    "nutrition": [
      {
        "Näringsvärde": "Energi (kcal)",
        "100 Gram": "77 kcal"
      },
      {
        "Näringsvärde": "Energi (kJ)",
        "100 Gram": "325 kJ"
      },
      {
        "Näringsvärde": "Fett",
        "100 Gram": "0.5 g"
      },
      {
        "Näringsvärde": "Varav mättat fett",
        "100 Gram": "0.3 g"
      },
      {
        "Näringsvärde": "Kolhydrat",
        "100 Gram": "0 g"
      },
      {
        "Näringsvärde": "Varav sockerarter",
        "100 Gram": "0 g"
      },
      {
        "Näringsvärde": "Protein",
        "100 Gram": "18 g"
      },
      {
        "Näringsvärde": "Salt",
        "100 Gram": "0.2 g"
      }
    ],
    "nutritionUnitText": "Näringsvärde per 100 gram",
    "categories": {
      "mainCategory": "Fryst",
      "subCategories": [
        {
          "name": "Fryst fisk & Skaldjur",
          "subSubCategories": [
            "Fryst torsk & vitfisk"
          ]
        }
      ]
    }
  },
  {
    "name": "Kaviar ägg randig 285g Kalles",
    "weightText": "0.285 kg",
    "caPart": "",
    "weightValue": 0.285,
    "weightUnit": "kg",
    "comparePrice": "121,05 kr/kg",
    "currentPrice": 34.5,
    "attributes": [
      "MSC-märkt"
    ],
    "imgUrl": "https://handlaprivatkund.ica.se/images-v3/bf7a00ca-390e-4769-865f-dc369586872e/f0f80644-1ec2-4cbc-a2e4-00ee496cf015/500x500.jpg",
    "productInformation": "Kalles Randiga med ägg 285g är en mild och krämig blandning av kaviar, färskost och finhackade ägg. En rolig kaviar med ränder av cream cheese. Kalles Randiga med ägg passar utmärkt som pålägg på mackan till frukosten eller mellanmålet! Kalles kaviar har varit hela Sveriges oersättliga favorit på frukostbordet sedan 1954. Kalles kaviar görs av utvald rom från torsk & sej som fiskas framför allt i Nordnorge (Norska Havet & Barents hav). Kalles kaviar tillverkas i Sverige, i den idylliska fiskorten Kungshamn på västkusten. Vill du ta del av Kalles värld eller inspireras av riktigt smarriga kaviarmackor - besök kalles.se. \n \n I produkten ingår totalt 17% fiskrom.",
    "countryText": "",
    "companyText": "Kalles",
    "ingrediensText": "Kaviar (38%) (rökt sockersaltad rom från TORSKFISKAR, rapsolja, vatten, socker, salt, potatisflingor, tomatpuré, konserveringsmedel (kaliumsorbat, natriumbensoat), antioxidationsmedel (askorbinsyra)), kokt ÄGG (25%), färskOST (22%) (skumMJÖLK, GRÄDDE, rapsolja, modifierad stärkelse, stabiliseringsmedel (fruktkärnmjöl), mjölksyrakultur), rapsolja, inulin (fiber), vatten, skumMJÖLKspulver, arom, stabiliseringsmedel (xantangummi, fruktkärnmjöl), färgämnen (betakaroten, paprikaoleoresin)",
    "storage": "I kylskåp 2-8 °C",
    "allergens": "",
    "usage": "",
    "nutrition": [
      {
        "Näringsvärde": "Energi (kcal)",
        "100 Gram": "308 kcal"
      },
      {
        "Näringsvärde": "Energi (kJ)",
        "100 Gram": "1289 kJ"
      },
      {
        "Näringsvärde": "Fett",
        "100 Gram": "27 g"
      },
      {
        "Näringsvärde": "Varav mättat fett",
        "100 Gram": "4.5 g"
      },
      {
        "Näringsvärde": "Kolhydrat",
        "100 Gram": "7.9 g"
      },
      {
        "Näringsvärde": "Varav sockerarter",
        "100 Gram": "6.4 g"
      },
      {
        "Näringsvärde": "Protein",
        "100 Gram": "7.4 g"
      },
      {
        "Näringsvärde": "Salt",
        "100 Gram": "3.4 g"
      }
    ],
    "nutritionUnitText": "Näringsvärde per 100 gram",
    "categories": {
      "mainCategory": "Fisk & Skaldjur",
      "subCategories": [
        {
          "name": "Kaviar & Rom",
          "subSubCategories": [
            "Kaviar"
          ]
        }
      ]
    }
  },
  {
    "name": "Mästarmatjessill 215g Abba",
    "weightText": "0.125 kg",
    "caPart": "",
    "weightValue": 0.125,
    "weightUnit": "kg",
    "comparePrice": "175,60 kr/kg u. spad",
    "currentPrice": 21.95,
    "attributes": [],
    "imgUrl": "https://handlaprivatkund.ica.se/images-v3/bf7a00ca-390e-4769-865f-dc369586872e/0eb6fb4e-6a2c-4fbc-8e78-e86dc659bfb1/500x500.jpg",
    "productInformation": "Abba Mästarmatjes är en matjessill med mild kryddig smak och är den mildaste och mest köpta i vårt sortiment. Mästarmatjes innehåller sill (Clupea harengus) av högsta kvalitet som fiskas i Nordostatlanten och som enbart kommer från livskraftiga bestånd. Sillen får mogna i tunnor med en kryddlag i vårt bergrum i Kungshamn på bohuslänska västkusten tills att den smakar som allra bäst och är redo att njutas av! Matjessill har en given plats vid midsommarfirandet eller äts som den är tillsammans med färsk potatis, gräddfil, gräslök och lite brynt smör. Den här matjesburken är märkt med symbolen lågt klimatavtryck, vill du veta mer? Läs mer på abba.se",
    "countryText": "",
    "companyText": "Abba",
    "ingrediensText": "SILL i bitar, socker, salt, ättika, kryddor (bl.a. kanel, muskotblomma, padoukträ), dill, vitvinsvinäger, naturlig arom (innehåller lök), röd padoukextrakt, konserveringsmedel (natriumbensoat, kaliumsorbat).",
    "storage": "I kylskåp max 8 °C",
    "allergens": "",
    "usage": "",
    "nutrition": [
      {
        "Näringsvärde": "Energi (kcal)",
        "100 Gram": "231 kcal"
      },
      {
        "Näringsvärde": "Energi (kJ)",
        "100 Gram": "966 kJ"
      },
      {
        "Näringsvärde": "Fett",
        "100 Gram": "12 g"
      },
      {
        "Näringsvärde": "Varav mättat fett",
        "100 Gram": "3.3 g"
      },
      {
        "Näringsvärde": "Kolhydrat",
        "100 Gram": "19 g"
      },
      {
        "Näringsvärde": "Varav sockerarter",
        "100 Gram": "18 g"
      },
      {
        "Näringsvärde": "Protein",
        "100 Gram": "11 g"
      },
      {
        "Näringsvärde": "Salt",
        "100 Gram": "6.1 g"
      }
    ],
    "nutritionUnitText": "Näringsvärde per 100 gram",
    "categories": {
      "mainCategory": "Fisk & Skaldjur",
      "subCategories": [
        {
          "name": "Sill & Ansjovis",
          "subSubCategories": [
            "Inlagd sill"
          ]
        }
      ]
    }
  },
  {
    "name": "Steksill 395g Abba",
    "weightText": "0.175 kg",
    "caPart": "",
    "weightValue": 0.175,
    "weightUnit": "kg",
    "comparePrice": "225,71 kr/kg u. spad",
    "currentPrice": 39.5,
    "attributes": [],
    "imgUrl": "https://handlaprivatkund.ica.se/images-v3/bf7a00ca-390e-4769-865f-dc369586872e/b1f23506-2459-4e0e-bd5b-568360a778c1/500x500.jpg",
    "productInformation": "Abba Steksill är vårt bästa knep när du vill laga stekt sill tillsammans med kokt potatis och skirat smör. Den här produkten består av en urvattnad saltsill (Clupea harengus) av högsta kvalitet som fiskas i Nordostatlanten och som enbart kommer från livskraftiga bestånd. Sillen lagras i vårt bergrum i Kungshamn på bohuslänska västkusten för att få den rätta konsistensen innan vi förpackar den. Den här sillförpackningen är märkt med symbolen lågt klimatavtryck, vill du veta mer? Läs mer på abba.se",
    "countryText": "",
    "companyText": "Abba",
    "ingrediensText": "SILLfiléer med skinn, salt, ättika, konserveringsmedel (natriumbensoat).",
    "storage": "I kylskåp max 8 °C",
    "allergens": "",
    "usage": "",
    "nutrition": [
      {
        "Näringsvärde": "Energi (kcal)",
        "100 Gram": "193 kcal"
      },
      {
        "Näringsvärde": "Energi (kJ)",
        "100 Gram": "803 kJ"
      },
      {
        "Näringsvärde": "Fett",
        "100 Gram": "14 g"
      },
      {
        "Näringsvärde": "Varav mättat fett",
        "100 Gram": "3.8 g"
      },
      {
        "Näringsvärde": "Kolhydrat",
        "100 Gram": "0.7 g"
      },
      {
        "Näringsvärde": "Varav sockerarter",
        "100 Gram": "0 g"
      },
      {
        "Näringsvärde": "Protein",
        "100 Gram": "15 g"
      },
      {
        "Näringsvärde": "Salt",
        "100 Gram": "7.2 g"
      }
    ],
    "nutritionUnitText": "Näringsvärde per 100 gram",
    "categories": {
      "mainCategory": "Fisk & Skaldjur",
      "subCategories": [
        {
          "name": "Sill & Ansjovis",
          "subSubCategories": [
            "Inlagd sill"
          ]
        }
      ]
    }
  },
  {
    "name": "Torsk persilje & citronsmör Fryst 2-p 300g ICA",
    "weightText": "0.3 kg",
    "caPart": "",
    "weightValue": 0.3,
    "weightUnit": "kg",
    "comparePrice": "273,17 kr/kg",
    "currentPrice": 81.95,
    "attributes": [
      "MSC-märkt"
    ],
    "imgUrl": "https://handlaprivatkund.ica.se/images-v3/bf7a00ca-390e-4769-865f-dc369586872e/f487f82b-66e3-4218-8f73-e0accbe04d35/500x500.jpg",
    "productInformation": "ICA Torsk med persilje- och citron smör 2-p är genvägen till en lyckad fisk varje gång, tillagas i ångpåse i micro eller i ugn. Enkelt och gott!",
    "countryText": "",
    "companyText": "ICA",
    "ingrediensText": "Renskuren TORSKRYGG* (Gadus morhua) 83%, vatten, smör (MJÖLK) 3,4%, citronjuice 1%, persilja 0,85%, salt, risstärkelse, emulgeringsmedel (solroslecitin), svartpeppar, citronextrakt. *Fångad med trålar i Nordostatlanten, fångstzon 27. Enstaka ben kan förekomma.",
    "storage": "Lägsta förvaringstemperatur -25°C Högsta förvaringstemperatur -18°C",
    "allergens": "Innehåller Fisk Innehåller Mjölk",
    "usage": "",
    "nutrition": [],
    "nutritionUnitText": "Näringsvärde per styck",
    "categories": {
      "mainCategory": "Fisk & Skaldjur",
      "subCategories": [
        {
          "name": "Färdiga fiskrätter",
          "subSubCategories": [
            "Fiskpinnar & Panerad fisk",
            "Färdigkryddad fisk"
          ]
        }
      ]
    }
  },
  {
    "name": "Brantevikssill 245g Abba",
    "weightText": "0.105 kg",
    "caPart": "",
    "weightValue": 0.105,
    "weightUnit": "kg",
    "comparePrice": "242,86 kr/kg u. spad",
    "currentPrice": 25.5,
    "attributes": [],
    "imgUrl": "https://handlaprivatkund.ica.se/images-v3/bf7a00ca-390e-4769-865f-dc369586872e/9868ad95-b551-4670-8fb9-03e6a6502781/500x500.jpg",
    "productInformation": "Abba Brantevikssill är en premiumsill av högsta kvalitet som innehåller små, utvalda bitar sill och mer av den goda smaken runtomkring. Vår Brantevik är smaksatt med finhackad lök och dill, krossade kryddor som peppar och lagerblad och lite honung för att balansera smaken! Den här produkten innehåller sill (Clupea harengus) av högsta kvalitet som fiskas i Nordostatlanten och som enbart kommer från livskraftiga bestånd. Sillen lagras i vårt bergrum i Kungshamn på bohuslänska västkusten innan vi lägger in den med utvalda kryddor och smaksättningar för att du ska kunna njuta av din favorit. Sill passar lika bra till jul, påsk och midsommar som till en god snabblagad lunch eller middag eller varför inte brunch? Den här sillburken är märkt med symbolen lågt klimatavtryck, vill du veta mer? Läs mer på abba.se",
    "countryText": "",
    "companyText": "Abba",
    "ingrediensText": "SILL i bitar, socker, rödlök (22%), salt, citronskal, vitvinsvinäger, ättika, honung, torkad rödlök (0,7%), dill, dillextrakt, kryddor (kryddpeppar, svartpeppar, vitpeppar, krossade lagerblad), naturlig arom (innehåller kanel, gummi arabicum), syra (ättiksyra), konserveringsmedel (natriumbensoat, kaliumsorbat).",
    "storage": "I kylskåp max 8 °C. Öppnad produkt smakar bäst inom 14 dagar",
    "allergens": "",
    "usage": "",
    "nutrition": [
      {
        "Näringsvärde": "Energi (kcal)",
        "100 Gram": "243 kcal"
      },
      {
        "Näringsvärde": "Energi (kJ)",
        "100 Gram": "1020 kJ"
      },
      {
        "Näringsvärde": "Fett",
        "100 Gram": "9.8 g"
      },
      {
        "Näringsvärde": "Varav mättat fett",
        "100 Gram": "2.6 g"
      },
      {
        "Näringsvärde": "Kolhydrat",
        "100 Gram": "30 g"
      },
      {
        "Näringsvärde": "Varav sockerarter",
        "100 Gram": "28 g"
      },
      {
        "Näringsvärde": "Protein",
        "100 Gram": "8.3 g"
      },
      {
        "Näringsvärde": "Salt",
        "100 Gram": "3.4 g"
      }
    ],
    "nutritionUnitText": "Näringsvärde per 100 gram",
    "categories": {
      "mainCategory": "Fisk & Skaldjur",
      "subCategories": [
        {
          "name": "Sill & Ansjovis",
          "subSubCategories": [
            "Inlagd sill"
          ]
        }
      ]
    }
  },
  {
    "name": "Caviarmix röd rom av sill och lodda 75g ICA",
    "weightText": "0.075 kg",
    "caPart": "",
    "weightValue": 0.075,
    "weightUnit": "kg",
    "comparePrice": "340,00 kr/kg",
    "currentPrice": 25.5,
    "attributes": [
      "MSC-märkt"
    ],
    "imgUrl": "https://handlaprivatkund.ica.se/images-v3/bf7a00ca-390e-4769-865f-dc369586872e/b896dbf5-a7dc-49fe-ba05-96b502c86788/500x500.jpg",
    "productInformation": "Caviarmixen passar bra som dekoration av förrätter. Rommen blir en trevlig färgklick på en god Toast Skagen med räkor, dill och citron.",
    "countryText": "",
    "companyText": "ICA",
    "ingrediensText": "Saltad fiskrom 85% av SILL* (Clupea harengus) och LODDA* (Mallotus villosus), vatten, rapsolja, sherry, färgämne (E160a, E120, E101), konserveringsmedel (E202, E211), surhetsreglerande medel (E330), förtjockningsmedel (E415), lökpulver. *Sill fångad med trål och lodda fångad med ringnot i Nordostatlanten, fångstzon 27.",
    "storage": "",
    "allergens": "",
    "usage": "",
    "nutrition": [
      {
        "Näringsvärde": "Energi (kcal)",
        "100 Gram": "55 kcal"
      },
      {
        "Näringsvärde": "Energi (kJ)",
        "100 Gram": "232 kJ"
      },
      {
        "Näringsvärde": "Fett",
        "100 Gram": "2.6 g"
      },
      {
        "Näringsvärde": "Varav mättat fett",
        "100 Gram": "0.5 g"
      },
      {
        "Näringsvärde": "Kolhydrat",
        "100 Gram": "1.8 g"
      },
      {
        "Näringsvärde": "Varav sockerarter",
        "100 Gram": "0.5 g"
      },
      {
        "Näringsvärde": "Protein",
        "100 Gram": "6.2 g"
      },
      {
        "Näringsvärde": "Salt",
        "100 Gram": "4.5 g"
      }
    ],
    "nutritionUnitText": "Näringsvärde per 100 gram",
    "categories": {
      "mainCategory": "Fisk & Skaldjur",
      "subCategories": [
        {
          "name": "Kaviar & Rom",
          "subSubCategories": [
            "Färsk rom"
          ]
        }
      ]
    }
  },
  {
    "name": "Räkor stora skalade Frysta 200g ICA",
    "weightText": "0.2 kg",
    "caPart": "",
    "weightValue": 0.2,
    "weightUnit": "kg",
    "comparePrice": "244,75 kr/kg",
    "currentPrice": 48.95,
    "attributes": [
      "Nyckelhålet",
      "MSC-märkt"
    ],
    "imgUrl": "https://handlaprivatkund.ica.se/images-v3/bf7a00ca-390e-4769-865f-dc369586872e/4d98c13b-3858-4f8e-ac78-d59f07f1f159/500x500.jpg",
    "productInformation": "ICAs Stora räkor med skal fina frysta MSC-märkta räkor som fiskats på ett hållbart sätt. Bästa sättet att tina dem är långsamt i kylskåpet så de behåller sin goda smak och konsistens. Slå gärna in dem i papper som suger upp vätskan. Du kan också tina dem i ett durkslag i rumstemperatur. Storlek: 44–66 st/hg.",
    "countryText": "",
    "companyText": "ICA",
    "ingrediensText": "Skalade RÄKOR (Pandalus borealis), salt. *Fångad med trålar i Nordostatlanten (Barents hav, Norska Havet, Spetsbergen och Björnön), fångstzon 27I, II.",
    "storage": "Lägsta förvaringstemperatur -30°C Högsta förvaringstemperatur -18°C",
    "allergens": "Innehåller Kräftdjur Kan innehålla Fisk Kan innehålla Blötdjur",
    "usage": "",
    "nutrition": [],
    "nutritionUnitText": "Näringsvärde per styck",
    "categories": {
      "mainCategory": "Jul",
      "subCategories": [
        {
          "name": "Julmat",
          "subSubCategories": [
            "Ägg, Räkor & Majonnäs"
          ]
        }
      ]
    }
  },
  {
    "name": "Räkor Stora i Lake 170g ICA",
    "weightText": "0.17 kg",
    "caPart": "",
    "weightValue": 0.17,
    "weightUnit": "kg",
    "comparePrice": "285,29 kr/kg u. spad",
    "currentPrice": 48.5,
    "attributes": [
      "MSC-märkt"
    ],
    "imgUrl": "https://handlaprivatkund.ica.se/images-v3/bf7a00ca-390e-4769-865f-dc369586872e/be0d4048-8c4b-4444-9aae-a1582e8cdcba/500x500.jpg",
    "productInformation": "ICA Räkor i lake kan du göra nästan vad du vill med! Allt ifrån en räkmacka till en räkcocktail eller lägga på en pizza eller i pastasåsen. De gör vilken fisksoppa som helst glad och ligger också fint i en avokadohalva ihop med mango, chili, lite olja och lime. Paella fixar de också, eller varför inte bara koka upp i olja med vitlök, chili, citron och persilja som en liten läcker minirätt? Glöm för all del inte brödet till, det är också ett utmärkt sätt att göra rent tallriken efteråt.",
    "countryText": "",
    "companyText": "ICA",
    "ingrediensText": "RÄKOR* (Pandalus borealis), vatten, salt, socker, konserveringsmedel (E211, E202), surhetsreglerande medel (E330). *Räkor fångade med trålar i Nordvästatlanten FAO 21 och Nordostatlanten FAO 27. Kan innehålla spår av fisk, blötdjur.",
    "storage": "",
    "allergens": "Kan innehålla spår av Fisk, Blötdjur.",
    "usage": "",
    "nutrition": [
      {
        "Näringsvärde": "Energi (kcal)",
        "100 Gram": "64 kcal"
      },
      {
        "Näringsvärde": "Energi (kJ)",
        "100 Gram": "272 kJ"
      },
      {
        "Näringsvärde": "Fett",
        "100 Gram": "0.9 g"
      },
      {
        "Näringsvärde": "Varav mättat fett",
        "100 Gram": "0.5 g"
      },
      {
        "Näringsvärde": "Kolhydrat",
        "100 Gram": "0.5 g"
      },
      {
        "Näringsvärde": "Varav sockerarter",
        "100 Gram": "0.5 g"
      },
      {
        "Näringsvärde": "Protein",
        "100 Gram": "14 g"
      },
      {
        "Näringsvärde": "Salt",
        "100 Gram": "2.25 g"
      }
    ],
    "nutritionUnitText": "Näringsvärde per 100 gram",
    "categories": {
      "mainCategory": "Jul",
      "subCategories": [
        {
          "name": "Julmat",
          "subSubCategories": [
            "Ägg, Räkor & Majonnäs"
          ]
        }
      ]
    }
  },
  {
    "name": "Torskrygg med dillsmör 2-p Fryst 300g ICA",
    "weightText": "0.3 kg",
    "caPart": "",
    "weightValue": 0.3,
    "weightUnit": "kg",
    "comparePrice": "273,17 kr/kg",
    "currentPrice": 81.95,
    "attributes": [
      "MSC-märkt"
    ],
    "imgUrl": "https://handlaprivatkund.ica.se/images-v3/bf7a00ca-390e-4769-865f-dc369586872e/61009e0a-414f-4c90-a6aa-a656b5269ed7/500x500.jpg",
    "productInformation": "ICA Torsk med dillsmör 2-p är genvägen till en lyckad fisk varje gång, tillagas i ångpåse i micro eller i ugn. Enkelt och gott!",
    "countryText": "",
    "companyText": "ICA",
    "ingrediensText": "Ingredienser: Renskuren TORSKRYGG* (Gadus morhua) 83%, vatten, smör (MJÖLK) 3,4%, citronjuice, dill 0,5%, salt, persilja, risstärkelse, emulgeringsmedel (solroslecitin), svartpeppar, citronextrakt. *Fångad med trålar i Nordostatlanten, fångstzon 27. Enstaka ben kan förekomma.",
    "storage": "Lägsta förvaringstemperatur -25°C Högsta förvaringstemperatur -18°C",
    "allergens": "Innehåller Fisk Innehåller Mjölk",
    "usage": "",
    "nutrition": [],
    "nutritionUnitText": "Näringsvärde per styck",
    "categories": {
      "mainCategory": "Fisk & Skaldjur",
      "subCategories": [
        {
          "name": "Färdiga fiskrätter",
          "subSubCategories": [
            "Fiskpinnar & Panerad fisk",
            "Färdigkryddad fisk"
          ]
        }
      ]
    }
  },
  {
    "name": "Varmrökt lax 150g ICA Basic",
    "weightText": "0.15 kg",
    "caPart": "",
    "weightValue": 0.15,
    "weightUnit": "kg",
    "comparePrice": "323,33 kr/kg",
    "currentPrice": 48.5,
    "attributes": [
      "Nyckelhålet"
    ],
    "imgUrl": "https://handlaprivatkund.ica.se/images-v3/bf7a00ca-390e-4769-865f-dc369586872e/a62224a1-f217-4e6f-88c2-c90bcb1c2285/500x500.jpg",
    "productInformation": "ICA Basic Varmrökt salladslax kommer i bitar av varierande storlek. Vi kallar den för svinnsmart eftersom den görs på filébitar som till exempel gått sönder eller är för små eller stora för att använda i andra produkter. Laxbitarna passar utmärkt i salladen eller pastan.",
    "countryText": "",
    "companyText": "ICA Basic",
    "ingrediensText": "LAXFILÉ (Salmo salar)*, salt. *Odlad i Norge.",
    "storage": "Kylvara, 0 - +4°C",
    "allergens": "",
    "usage": "Bäst-före-datum gäller endast för oöppnad förpackning \n \n Enstaka ben kan förekomma",
    "nutrition": [
      {
        "Näringsvärde": "Energi (kcal)",
        "100 Gram": "219 kcal"
      },
      {
        "Näringsvärde": "Energi (kJ)",
        "100 Gram": "912 kJ"
      },
      {
        "Näringsvärde": "Fett",
        "100 Gram": "15 g"
      },
      {
        "Näringsvärde": "Varav mättat fett",
        "100 Gram": "2.3 g"
      },
      {
        "Näringsvärde": "Kolhydrat",
        "100 Gram": "0 g"
      },
      {
        "Näringsvärde": "Varav sockerarter",
        "100 Gram": "0 g"
      },
      {
        "Näringsvärde": "Protein",
        "100 Gram": "21 g"
      },
      {
        "Näringsvärde": "Salt",
        "100 Gram": "1.5 g"
      }
    ],
    "nutritionUnitText": "Näringsvärde per 100 gram",
    "categories": {
      "mainCategory": "Fisk & Skaldjur",
      "subCategories": [
        {
          "name": "Fisk",
          "subSubCategories": [
            "Lax",
            "Rökt lax"
          ]
        }
      ]
    }
  },
  {
    "name": "Blåmusslor Fryst 450g ICA",
    "weightText": "0.45 kg",
    "caPart": "",
    "weightValue": 0.45,
    "weightUnit": "kg",
    "comparePrice": "88,78 kr/kg",
    "currentPrice": 39.95,
    "attributes": [
      "Nyckelhålet"
    ],
    "imgUrl": "https://handlaprivatkund.ica.se/images-v3/bf7a00ca-390e-4769-865f-dc369586872e/aed26409-dc4d-4c6a-9a49-658114bb907b/500x500.jpg",
    "productInformation": "ICAs Blåmusslor är förkokta, sjud musslorna i vin eller piffa upp vardsagspastan. Recept på en klassisk Moule mariniére finns på baksidan av förpackningen. Prova gärna!",
    "countryText": "",
    "companyText": "ICA",
    "ingrediensText": "Chilensk BLÅMUSSLA/BLÅSKJELL* med skal (Mytilus chilensis). *Odlade/oppdrett i Chile.",
    "storage": "Lägsta förvaringstemperatur -40°C Högsta förvaringstemperatur -18°C",
    "allergens": "Innehåller Blötdjur",
    "usage": "",
    "nutrition": [],
    "nutritionUnitText": "Näringsvärde per styck",
    "categories": {
      "mainCategory": "Fryst",
      "subCategories": [
        {
          "name": "Fryst fisk & Skaldjur",
          "subSubCategories": [
            "Frysta skaldjursdelikatesser"
          ]
        }
      ]
    }
  },
  {
    "name": "Räkor med skal 70/90 Frysta 500g Royal Greenland",
    "weightText": "0.5 kg",
    "caPart": "",
    "weightValue": 0.5,
    "weightUnit": "kg",
    "comparePrice": "167,90 kr/kg",
    "currentPrice": 83.95,
    "attributes": [
      "Nyckelhålet",
      "MSC-märkt"
    ],
    "imgUrl": "https://handlaprivatkund.ica.se/images-v3/bf7a00ca-390e-4769-865f-dc369586872e/3c562472-c436-41bb-b42e-9c66880b8357/500x500.jpg",
    "productInformation": "Den grönländska räkan är extra saftig och söt, köttet har en behaglig konsistens och färgen är vackert rosa. Det kalla vattnet i det arktiska området gör att räkorna växer väldigt långsamt, vilket gör att smaken får gott om tid att utvecklas ordentligt - intensiv, fräsch och söt med ett inslag av havssalt. Räkorna fångas i de rena och iskalla vattnen runt om Grönland. Efter fångsten sorterasräkorna omedelbart efter storlek, varefter de kokas, packeteras och fryses ner på mindre än tre timmar. Den snabba och skonsamma hanteringen säkrar att räkorna bevarar sin naturliga smak, konsistens och fräschör.",
    "countryText": "",
    "companyText": "Royal Greenland",
    "ingrediensText": "RÄKOR (Pandalus borealis), salt.Räkorna är glaserade med vat-ten som en skyddande förpack-ning för att säkra kvaliteten. Kaninnehålla spår av FISK.",
    "storage": "Lägsta förvaringstemperatur -25°C Högsta förvaringstemperatur -18°C",
    "allergens": "Kan innehålla Fisk Innehåller Kräftdjur",
    "usage": "",
    "nutrition": [
      {
        "Näringsvärde": "Energi (kcal)",
        "100 Gram": "106 kcal"
      },
      {
        "Näringsvärde": "Energi (kJ)",
        "100 Gram": "447 kJ"
      },
      {
        "Näringsvärde": "Fett",
        "100 Gram": "1.5 g"
      },
      {
        "Näringsvärde": "Varav mättat fett",
        "100 Gram": "0.3 g"
      },
      {
        "Näringsvärde": "Kolhydrat",
        "100 Gram": "0 g"
      },
      {
        "Näringsvärde": "Varav sockerarter",
        "100 Gram": "0 g"
      },
      {
        "Näringsvärde": "Protein",
        "100 Gram": "23 g"
      },
      {
        "Näringsvärde": "Salt",
        "100 Gram": "1.75 g"
      }
    ],
    "nutritionUnitText": "Näringsvärde per 100 gram",
    "categories": {
      "mainCategory": "Fisk & Skaldjur",
      "subCategories": [
        {
          "name": "Skaldjur",
          "subSubCategories": [
            "Räkor",
            "Frysta räkor"
          ]
        }
      ]
    }
  },
  {
    "name": "Fiskgratäng med dillsås Fryst 600g ICA",
    "weightText": "0.6 kg",
    "caPart": "",
    "weightValue": 0.6,
    "weightUnit": "kg",
    "comparePrice": "69,92 kr/kg",
    "currentPrice": 41.95,
    "attributes": [
      "MSC-märkt"
    ],
    "imgUrl": "https://handlaprivatkund.ica.se/images-v3/bf7a00ca-390e-4769-865f-dc369586872e/e6aa7bb8-f7a1-4ce4-8f2c-aef596f2edcb/500x500.jpg",
    "productInformation": "Fryst fiskgratäng med vit fisk täckt med dillsås och spritsat potatismos längs sidorna. 2-3 portioner. Värm enkelt i ugn eller i mikrovågsugn.",
    "countryText": "",
    "companyText": "ICA",
    "ingrediensText": "POTATISMOS 51%: Vatten, potatismospulver (potatis, KÄRNMJÖLKSPULVER, MJÖLKPULVER, salt, GRÄDDPULVER, stabiliseringsmedel (E471), konserveringsmedel (E222 NATRIUMVÄTESULFIT), antioxidationsmedel (E300), kryddextrakt (svartpeppar)), SKUMMJÖLKSPULVER, smör (MJÖLK), salt, pepparextrakt. FISK 28%: Renskurna filéer av ALASKA POLLOCK* (Theragra chalcogramma). SÅS 21%: Vatten, SKUMMJÖLKSPULVER, modifierad majsstärkelse, smör (MJÖLK), GRÄDDPULVER, dill 0,5%, salt, citronpeppar (salt, svartpeppar, surhetsreglerande medel (E330), potatisstärkelse, socker, lök, citronextrakt), pepparextrakt, dillarom. Kan innehålla spår av räkor. *Fiskad med trål i Stilla Havet, fångstzon 67.",
    "storage": "I frysutrymme (-18°C eller kallare). Bör ej frysas om efter upptining. Lägsta förvaringstemperatur -25°C Högsta förvaringstemperatur -18°C",
    "allergens": "Innehåller Svaveldioxid eller sulfit Innehåller Fisk Innehåller Mjölk Kan innehålla Kräftdjur",
    "usage": "",
    "nutrition": [
      {
        "Näringsvärde": "Energi (kcal)",
        "100 Gram": "108 kcal"
      },
      {
        "Näringsvärde": "Energi (kJ)",
        "100 Gram": "454 kJ"
      },
      {
        "Näringsvärde": "Fett",
        "100 Gram": "3.4 g"
      },
      {
        "Näringsvärde": "Varav mättat fett",
        "100 Gram": "2.2 g"
      },
      {
        "Näringsvärde": "Kolhydrat",
        "100 Gram": "11 g"
      },
      {
        "Näringsvärde": "Varav sockerarter",
        "100 Gram": "3.8 g"
      },
      {
        "Näringsvärde": "Protein",
        "100 Gram": "7.7 g"
      },
      {
        "Näringsvärde": "Salt",
        "100 Gram": "1.2 g"
      }
    ],
    "nutritionUnitText": "",
    "categories": {
      "mainCategory": "Fryst",
      "subCategories": [
        {
          "name": "Fryst färdigmat",
          "subSubCategories": [
            "Frysta portionsrätter",
            "Fryst flerportion"
          ]
        }
      ]
    }
  },
  {
    "name": "Sill ansjoviskryddad 245g Abba",
    "weightText": "0.13 kg",
    "caPart": "",
    "weightValue": 0.13,
    "weightUnit": "kg",
    "comparePrice": "196,15 kr/kg u. spad",
    "currentPrice": 25.5,
    "attributes": [],
    "imgUrl": "https://handlaprivatkund.ica.se/images-v3/bf7a00ca-390e-4769-865f-dc369586872e/c30db3d9-10be-4b88-beb4-e42f0e8b1fce/500x500.jpg",
    "productInformation": "Abba Ansjoviskryddad sill är som det låter en sill i klar lag med utvalda bitar sill smaksatt med kryddor man ofta förknippar med ?ansjovis? så som muskotblomma, kanel och peppar. Den här produkten innehåller sill (Clupea harengus) av högsta kvalitet som fiskas i Nordostatlanten och som enbart kommer från livskraftiga bestånd. Sillen lagras i vårt bergrum i Kungshamn på bohuslänska västkusten innan vi lägger in den med utvalda kryddor och smaksättningar för att du ska kunna njuta av din favorit. Sill passar lika bra till jul, påsk och midsommar som till en god snabblagad lunch eller middag eller varför inte brunch? Den här sillburken är märkt med symbolen lågt klimatavtryck, vill du veta mer? Läs mer på abba.se",
    "countryText": "",
    "companyText": "Abba",
    "ingrediensText": "SILL i bitar, socker, salt, ättika, kryddor (bl.a kanel, padoukträ, nejlika, muskotblomma), konserveringsmedel (natriumbensoat, kaliumsorbat), arom, röd padoukextrakt, naturlig arom. Produkten innehåller ej ansjovis.",
    "storage": "I kylskåp max 8 °C. Öppnad produkt smakar bäst inom 14 dagar",
    "allergens": "",
    "usage": "",
    "nutrition": [
      {
        "Näringsvärde": "Energi (kcal)",
        "100 Gram": "212 kcal"
      },
      {
        "Näringsvärde": "Energi (kJ)",
        "100 Gram": "890 kJ"
      },
      {
        "Näringsvärde": "Fett",
        "100 Gram": "10 g"
      },
      {
        "Näringsvärde": "Varav mättat fett",
        "100 Gram": "2.6 g"
      },
      {
        "Näringsvärde": "Kolhydrat",
        "100 Gram": "20 g"
      },
      {
        "Näringsvärde": "Varav sockerarter",
        "100 Gram": "20 g"
      },
      {
        "Näringsvärde": "Protein",
        "100 Gram": "11 g"
      },
      {
        "Näringsvärde": "Salt",
        "100 Gram": "7 g"
      }
    ],
    "nutritionUnitText": "Näringsvärde per 100 gram",
    "categories": {
      "mainCategory": "Fisk & Skaldjur",
      "subCategories": [
        {
          "name": "Sill & Ansjovis",
          "subSubCategories": [
            "Inlagd sill"
          ]
        }
      ]
    }
  },
  {
    "name": "Lax Färsk Varmrökt Paprika & Peppar 125g Miljömärkt ICA",
    "weightText": "0.125 kg",
    "caPart": "",
    "weightValue": 0.125,
    "weightUnit": "kg",
    "comparePrice": "455,60 kr/kg",
    "currentPrice": 56.95,
    "attributes": [
      "Nyckelhålet"
    ],
    "imgUrl": "https://handlaprivatkund.ica.se/images-v3/bf7a00ca-390e-4769-865f-dc369586872e/15b3c888-36b1-444e-be99-c32fa1fe4957/500x500.jpg",
    "productInformation": "ASC-märkt varmrökt lax kryddad med paprika och peppar. God på en sallad, i en pasta eller tillsammans med potatis och sås.",
    "countryText": "",
    "companyText": "ICA",
    "ingrediensText": "LAX* 97% (Salmo salar), kryddor 2% (paprika, vitpeppar, svartpeppar), salt. *Odlad i Norge.",
    "storage": "kylvara 0 - +4°C",
    "allergens": "Innehåller Fisk",
    "usage": "Bäst före-datum gäller endast för oöppnad förpackning",
    "nutrition": [
      {
        "Näringsvärde": "Energi (kcal)",
        "100 Gram": "224.6 kcal"
      },
      {
        "Näringsvärde": "Energi (kJ)",
        "100 Gram": "935.8 kJ"
      },
      {
        "Näringsvärde": "Fett",
        "100 Gram": "15 g"
      },
      {
        "Näringsvärde": "Varav mättat fett",
        "100 Gram": "2.2 g"
      },
      {
        "Näringsvärde": "Kolhydrat",
        "100 Gram": "0 g"
      },
      {
        "Näringsvärde": "Varav sockerarter",
        "100 Gram": "0 g"
      },
      {
        "Näringsvärde": "Protein",
        "100 Gram": "22.4 g"
      },
      {
        "Näringsvärde": "Salt",
        "100 Gram": "1.35 g"
      }
    ],
    "nutritionUnitText": "Näringsvärde per 100 gram",
    "categories": {
      "mainCategory": "Fisk & Skaldjur",
      "subCategories": [
        {
          "name": "Fisk",
          "subSubCategories": [
            "Lax",
            "Rökt lax"
          ]
        }
      ]
    }
  },
  {
    "name": "Laxburgare 220g ICA",
    "weightText": "0.22 kg",
    "caPart": "",
    "weightValue": 0.22,
    "weightUnit": "kg",
    "comparePrice": "167,95 kr/kg",
    "currentPrice": 36.95,
    "attributes": [
      "Nyckelhålet"
    ],
    "imgUrl": "https://handlaprivatkund.ica.se/images-v3/bf7a00ca-390e-4769-865f-dc369586872e/4ec44330-af56-48e9-85c7-31117653ae56/500x500.jpg",
    "productInformation": "Laxburgare med smak av koriander och mild chili. Stek i stekpanna och servera tillsammans med en god salsa på mango, chili, rödlök, färsk limejuice och koriander.",
    "countryText": "",
    "companyText": "ICA",
    "ingrediensText": "INGREDIENSER: LAX (Salmo salar) 80%, potatis, ÄGG, lökpulver, limejuice, koriander, chili, kryddor.",
    "storage": "",
    "allergens": "Innehåller Ägg Innehåller Fisk Kan innehålla Kräftdjur",
    "usage": "",
    "nutrition": [
      {
        "Näringsvärde": "Energi (kcal)",
        "100 Gram": "160 kcal"
      },
      {
        "Näringsvärde": "Energi (kJ)",
        "100 Gram": "650 kJ"
      },
      {
        "Näringsvärde": "Fett",
        "100 Gram": "11 g"
      },
      {
        "Näringsvärde": "Varav mättat fett",
        "100 Gram": "1.6 g"
      },
      {
        "Näringsvärde": "Kolhydrat",
        "100 Gram": "4.8 g"
      },
      {
        "Näringsvärde": "Varav sockerarter",
        "100 Gram": "0 g"
      },
      {
        "Näringsvärde": "Protein",
        "100 Gram": "10 g"
      },
      {
        "Näringsvärde": "Salt",
        "100 Gram": "0.4 g"
      }
    ],
    "nutritionUnitText": "Näringsvärde per 100 gram",
    "categories": {
      "mainCategory": "Fisk & Skaldjur",
      "subCategories": [
        {
          "name": "Färdiga fiskrätter",
          "subSubCategories": [
            "Fiskburgare"
          ]
        }
      ]
    }
  },
  {
    "name": "Sushilax Färsk Laxloin 180g Miljömärkt ICA Asia",
    "weightText": "0.18 kg",
    "caPart": "",
    "weightValue": 0.18,
    "weightUnit": "kg",
    "comparePrice": "561,11 kr/kg",
    "currentPrice": 101,
    "attributes": [
      "Nyckelhålet"
    ],
    "imgUrl": "https://handlaprivatkund.ica.se/images-v3/bf7a00ca-390e-4769-865f-dc369586872e/f8f4c232-3681-43a4-b1de-375c68e0bd56/500x500.jpg",
    "productInformation": "ICA Asia Sushilax är färsk, ASC-märkt norsk lax. Färdigskuren fisk som passar till sushi, sashimi eller poké bowls.",
    "countryText": "",
    "companyText": "ICA Asia",
    "ingrediensText": "INGREDIENSER: LAX* (Salmo salar). *Odlad i Norge.",
    "storage": "",
    "allergens": "",
    "usage": "",
    "nutrition": [
      {
        "Näringsvärde": "Energi (kcal)",
        "100 Gram": "210 kcal"
      },
      {
        "Näringsvärde": "Energi (kJ)",
        "100 Gram": "878 kJ"
      },
      {
        "Näringsvärde": "Fett",
        "100 Gram": "14 g"
      },
      {
        "Näringsvärde": "Varav mättat fett",
        "100 Gram": "1.9 g"
      },
      {
        "Näringsvärde": "Kolhydrat",
        "100 Gram": "0.7 g"
      },
      {
        "Näringsvärde": "Varav sockerarter",
        "100 Gram": "0 g"
      },
      {
        "Näringsvärde": "Protein",
        "100 Gram": "20 g"
      },
      {
        "Näringsvärde": "Salt",
        "100 Gram": "0.1 g"
      }
    ],
    "nutritionUnitText": "Näringsvärde per 100 gram",
    "categories": {
      "mainCategory": "Fisk & Skaldjur",
      "subCategories": [
        {
          "name": "Fisk",
          "subSubCategories": [
            "Lax",
            "Färsk lax"
          ]
        }
      ]
    }
  },
  {
    "name": "Inlagd sill 500g Abba",
    "weightText": "0.25 kg",
    "caPart": "",
    "weightValue": 0.25,
    "weightUnit": "kg",
    "comparePrice": "179,80 kr/kg u. spad",
    "currentPrice": 44.95,
    "attributes": [],
    "imgUrl": "https://handlaprivatkund.ica.se/images-v3/bf7a00ca-390e-4769-865f-dc369586872e/55398eca-faaa-4186-b99c-5358d7c17823/500x500.jpg",
    "productInformation": "Abba Inlagd sill 500g är en stor burk fylld med sill i klar lag som smaksätts med klassiska sillkryddor som kryddpeppar, morot och lök. Den här produkten innehåller sill (Clupea harengus) av högsta kvalitet som fiskas i Nordostatlanten och som enbart kommer från livskraftiga bestånd. Sillen lagras i vårt bergrum i Kungshamn på bohuslänska västkusten innan vi lägger in den med utvalda kryddor och smaksättningar för att du ska kunna njuta av din favorit. Sill passar lika bra till jul, påsk och midsommar som till en god snabblagad lunch eller middag eller varför inte brunch? Den här sillburken är märkt med symbolen lågt klimatavtryck, vill du veta mer? Läs mer på abba.se",
    "countryText": "",
    "companyText": "Abba",
    "ingrediensText": "SILL i bitar, socker, lök (17%), morot (4%), salt, ättika, kryddor (svartpeppar, kryddpeppar), naturlig arom (innehåller kanel), syra (ättiksyra), konserveringsmedel (natriumbensoat, kaliumsorbat).",
    "storage": "I kylskåp max 8 °C. Öppnad produkt smakar bäst inom 14 dagar",
    "allergens": "",
    "usage": "",
    "nutrition": [
      {
        "Näringsvärde": "Energi (kcal)",
        "100 Gram": "240 kcal"
      },
      {
        "Näringsvärde": "Energi (kJ)",
        "100 Gram": "1002 kJ"
      },
      {
        "Näringsvärde": "Fett",
        "100 Gram": "13 g"
      },
      {
        "Näringsvärde": "Varav mättat fett",
        "100 Gram": "3.4 g"
      },
      {
        "Näringsvärde": "Kolhydrat",
        "100 Gram": "20 g"
      },
      {
        "Näringsvärde": "Varav sockerarter",
        "100 Gram": "19 g"
      },
      {
        "Näringsvärde": "Protein",
        "100 Gram": "11 g"
      },
      {
        "Näringsvärde": "Salt",
        "100 Gram": "3.4 g"
      }
    ],
    "nutritionUnitText": "Näringsvärde per 100 gram",
    "categories": {
      "mainCategory": "Fisk & Skaldjur",
      "subCategories": [
        {
          "name": "Sill & Ansjovis",
          "subSubCategories": [
            "Inlagd sill"
          ]
        }
      ]
    }
  },
  {
    "name": "Blåmusselkött Fryst 200g ICA",
    "weightText": "0.2 kg",
    "caPart": "",
    "weightValue": 0.2,
    "weightUnit": "kg",
    "comparePrice": "122,50 kr/kg",
    "currentPrice": 24.5,
    "attributes": [],
    "imgUrl": "https://handlaprivatkund.ica.se/images-v3/bf7a00ca-390e-4769-865f-dc369586872e/90deadbf-9c7c-4be1-9f28-9662a638c4c1/500x500.jpg",
    "productInformation": "Vikt: 200 g netto (exklusive skyddande ishinna).",
    "countryText": "",
    "companyText": "ICA",
    "ingrediensText": "Chilenska blåmusslor (MOLLUSCS)(Mytilus chilensis)",
    "storage": "Lägsta förvaringstemperatur -20°C Högsta förvaringstemperatur -18°C",
    "allergens": "Innehåller Blötdjur",
    "usage": "",
    "nutrition": [
      {
        "Näringsvärde": "Energi (kcal)",
        "100 Gram": "90 kcal"
      },
      {
        "Näringsvärde": "Energi (kJ)",
        "100 Gram": "380 kJ"
      },
      {
        "Näringsvärde": "Fett",
        "100 Gram": "2.2 g"
      },
      {
        "Näringsvärde": "Varav mättat fett",
        "100 Gram": "0.5 g"
      },
      {
        "Näringsvärde": "Kolhydrat",
        "100 Gram": "3.3 g"
      },
      {
        "Näringsvärde": "Varav sockerarter",
        "100 Gram": "0 g",
        "% av DRI(*)": "0"
      },
      {
        "Näringsvärde": "Fiber",
        "100 Gram": "0 g",
        "% av DRI(*)": "0"
      },
      {
        "Näringsvärde": "Protein",
        "100 Gram": "14 g",
        "% av DRI(*)": "28"
      },
      {
        "Näringsvärde": "Salt",
        "100 Gram": "0.5 g"
      }
    ],
    "nutritionUnitText": "",
    "categories": {
      "mainCategory": "Fryst",
      "subCategories": [
        {
          "name": "Fryst fisk & Skaldjur",
          "subSubCategories": [
            "Frysta skaldjursdelikatesser"
          ]
        }
      ]
    }
  },
  {
    "name": "Lax Färsk Varmrökt Toscana 125g Miljömärkt ICA",
    "weightText": "0.125 kg",
    "caPart": "",
    "weightValue": 0.125,
    "weightUnit": "kg",
    "comparePrice": "455,60 kr/kg",
    "currentPrice": 56.95,
    "attributes": [
      "Nyckelhålet"
    ],
    "imgUrl": "https://handlaprivatkund.ica.se/images-v3/bf7a00ca-390e-4769-865f-dc369586872e/009369a6-8902-4d96-a9c3-2b6efeab887c/500x500.jpg",
    "productInformation": "Portionsbit av varmrökt ASC-lax. Kryddad med basilika, rosmarin och annat gott. Passar utmärkt till våren och sommaren när du ska på picknick, men även som en enkel måltidslösning året om.",
    "countryText": "",
    "companyText": "ICA",
    "ingrediensText": "Laxfilé* 97%(Salmo salar), örtkryddor 2% (basilika, rosmarin, timjan, kyndel), torkade grönsaker (röd paprika, morot, tomat, rön paprika), salt. *Odlad i Norge.",
    "storage": "Kylvara. Förvaras vid högst +4°C.",
    "allergens": "",
    "usage": "Bäst före: se etikett. Bäst före-datum gäller endast för oöppnad förpackning. 72% av plastförpackningen består av återvunnen plast. Plasten sorteras som plast och sleeven som papper. \n \n Enstaka ben kan förekomma",
    "nutrition": [
      {
        "Näringsvärde": "Energi (kcal)",
        "100 Gram": "227 kcal"
      },
      {
        "Näringsvärde": "Energi (kJ)",
        "100 Gram": "945 kJ"
      },
      {
        "Näringsvärde": "Fett",
        "100 Gram": "16 g"
      },
      {
        "Näringsvärde": "Varav mättat fett",
        "100 Gram": "2.4 g"
      },
      {
        "Näringsvärde": "Kolhydrat",
        "100 Gram": "0.5 g"
      },
      {
        "Näringsvärde": "Varav sockerarter",
        "100 Gram": "0.5 g"
      },
      {
        "Näringsvärde": "Protein",
        "100 Gram": "21 g"
      },
      {
        "Näringsvärde": "Salt",
        "100 Gram": "0.75 g"
      }
    ],
    "nutritionUnitText": "Näringsvärde per 100 gram",
    "categories": {
      "mainCategory": "Fisk & Skaldjur",
      "subCategories": [
        {
          "name": "Fisk",
          "subSubCategories": [
            "Lax",
            "Rökt lax"
          ]
        }
      ]
    }
  },
  {
    "name": "Fransk löksill 240g Abba",
    "weightText": "0.12 kg",
    "caPart": "",
    "weightValue": 0.12,
    "weightUnit": "kg",
    "comparePrice": "212,50 kr/kg u. spad",
    "currentPrice": 25.5,
    "attributes": [],
    "imgUrl": "https://handlaprivatkund.ica.se/images-v3/bf7a00ca-390e-4769-865f-dc369586872e/81b1fb1e-56ae-4a0d-9d56-4a804bef9c1c/500x500.jpg",
    "productInformation": "Abba Fransk Löksill är en populär sill i klar lag med utvalda bitar sill som är smaksatt med rödvinsvinäger, lök och kryddpeppar. Den här produkten innehåller sill (Clupea harengus) av högsta kvalitet som fiskas i Nordostatlanten och som enbart kommer från livskraftiga bestånd. Sillen lagras i vårt bergrum i Kungshamn på bohuslänska västkusten innan vi lägger in den med utvalda kryddor och smaksättningar för att du ska kunna njuta av din favorit. Sill passar lika bra till jul, påsk och midsommar som till en god snabblagad lunch eller middag eller varför inte brunch? Den här sillburken är märkt med symbolen lågt klimatavtryck, vill du veta mer? Läs mer på abba.se",
    "countryText": "",
    "companyText": "Abba",
    "ingrediensText": "SILL i bitar, socker, lök (18%), salt, kryddpeppar, rödvinsvinäger, rapsolja, naturlig arom (innehåller kanel), syra (ättiksyra), konserveringsmedel (natriumbensoat, kaliumsorbat), förtjockningsmedel (xantangummi).",
    "storage": "I kylskåp max 8 °C. Öppnad produkt smakar bäst inom 14 dagar",
    "allergens": "",
    "usage": "",
    "nutrition": [
      {
        "Näringsvärde": "Energi (kcal)",
        "100 Gram": "253 kcal"
      },
      {
        "Näringsvärde": "Energi (kJ)",
        "100 Gram": "1058 kJ"
      },
      {
        "Näringsvärde": "Fett",
        "100 Gram": "13 g"
      },
      {
        "Näringsvärde": "Varav mättat fett",
        "100 Gram": "3.4 g"
      },
      {
        "Näringsvärde": "Kolhydrat",
        "100 Gram": "23 g"
      },
      {
        "Näringsvärde": "Varav sockerarter",
        "100 Gram": "22 g"
      },
      {
        "Näringsvärde": "Protein",
        "100 Gram": "11 g"
      },
      {
        "Näringsvärde": "Salt",
        "100 Gram": "3.3 g"
      }
    ],
    "nutritionUnitText": "Näringsvärde per 100 gram",
    "categories": {
      "mainCategory": "Fisk & Skaldjur",
      "subCategories": [
        {
          "name": "Sill & Ansjovis",
          "subSubCategories": [
            "Inlagd sill"
          ]
        }
      ]
    }
  },
  {
    "name": "Vit tonfiskfilé Fryst 280g ICA",
    "weightText": "0.28 kg",
    "caPart": "",
    "weightValue": 0.28,
    "weightUnit": "kg",
    "comparePrice": "264,11 kr/kg",
    "currentPrice": 73.95,
    "attributes": [
      "Nyckelhålet",
      "MSC-märkt"
    ],
    "imgUrl": "https://handlaprivatkund.ica.se/images-v3/bf7a00ca-390e-4769-865f-dc369586872e/6d836136-013f-4cee-8b4d-35ba64da52b3/500x500.jpg",
    "productInformation": "ICAs styckfrysta tonfisk är en fast och god matfisk som passar perfekt att grilla eller steka. Se ICA.se för tips och recept.",
    "countryText": "",
    "companyText": "ICA",
    "ingrediensText": "Renskurna filéer av TONFISK* (Thunnus alalunga). Enstaka ben kan förekomma. *Fångad med krokar och linor i Stilla havet, fångstzon 71, 77, 81.",
    "storage": "Lägsta förvaringstemperatur -35°C Högsta förvaringstemperatur -15°C",
    "allergens": "Innehåller Fisk",
    "usage": "",
    "nutrition": [
      {
        "Näringsvärde": "Energi (kcal)",
        "100 Gram": "100 kcal"
      },
      {
        "Näringsvärde": "Energi (kJ)",
        "100 Gram": "430 kJ"
      },
      {
        "Näringsvärde": "Fett",
        "100 Gram": "1 g"
      },
      {
        "Näringsvärde": "Varav mättat fett",
        "100 Gram": "0.5 g"
      },
      {
        "Näringsvärde": "Kolhydrat",
        "100 Gram": "0 g"
      },
      {
        "Näringsvärde": "Varav sockerarter",
        "100 Gram": "0 g"
      },
      {
        "Näringsvärde": "Protein",
        "100 Gram": "23 g"
      },
      {
        "Näringsvärde": "Salt",
        "100 Gram": "0.1 g"
      }
    ],
    "nutritionUnitText": "",
    "categories": {
      "mainCategory": "Fisk & Skaldjur",
      "subCategories": [
        {
          "name": "Fisk",
          "subSubCategories": [
            "Övrig fisk",
            "Övrig fryst fisk"
          ]
        }
      ]
    }
  },
  {
    "name": "Röd Rom Finkorning 70g ICA",
    "weightText": "0.07 kg",
    "caPart": "",
    "weightValue": 0.07,
    "weightUnit": "kg",
    "comparePrice": "364,29 kr/kg",
    "currentPrice": 25.5,
    "attributes": [
      "MSC-märkt"
    ],
    "imgUrl": "https://handlaprivatkund.ica.se/images-v3/bf7a00ca-390e-4769-865f-dc369586872e/aa612f13-b00a-44af-94f5-2aa905e5837e/500x500.jpg",
    "productInformation": "ICA Finkornig rom är en finkornig rom från sill. MSC-certifierad för hållbart fiske. Kan användas som topping på ägg eller i kalla såser och röror.",
    "countryText": "",
    "companyText": "ICA",
    "ingrediensText": "Saltad rom från SILL* (Clupea harengus) 91%, vatten, carthamuskoncentrat, socker, konserveringsmedel (E211, E202), surhetsreglerande medel (E330), lök, förtjockningsmedel (E415), färgämne (E120). *Fiskad i Nordostatlanten fångstzon 27.",
    "storage": "",
    "allergens": "",
    "usage": "",
    "nutrition": [
      {
        "Näringsvärde": "Energi (kcal)",
        "100 Gram": "56 kcal"
      },
      {
        "Näringsvärde": "Energi (kJ)",
        "100 Gram": "236 kJ"
      },
      {
        "Näringsvärde": "Fett",
        "100 Gram": "1.7 g"
      },
      {
        "Näringsvärde": "Varav mättat fett",
        "100 Gram": "0.3 g"
      },
      {
        "Näringsvärde": "Kolhydrat",
        "100 Gram": "0.6 g"
      },
      {
        "Näringsvärde": "Varav sockerarter",
        "100 Gram": "0.4 g"
      },
      {
        "Näringsvärde": "Protein",
        "100 Gram": "9.2 g"
      },
      {
        "Näringsvärde": "Salt",
        "100 Gram": "5 g"
      }
    ],
    "nutritionUnitText": "Näringsvärde per 100 gram",
    "categories": {
      "mainCategory": "Jul",
      "subCategories": [
        {
          "name": "Julmat",
          "subSubCategories": [
            "Lutfisk, Caviar & Röror"
          ]
        }
      ]
    }
  },
  {
    "name": "Löjrom Fryst 80g Pandalus",
    "weightText": "0.08 kg",
    "caPart": "",
    "weightValue": 0.08,
    "weightUnit": "kg",
    "comparePrice": "1 637,50 kr/kg",
    "currentPrice": 131,
    "attributes": [
      "Nyckelhålet"
    ],
    "imgUrl": "https://handlaprivatkund.ica.se/images-v3/bf7a00ca-390e-4769-865f-dc369586872e/64fcec29-541e-4741-93de-80800238ae20/500x500.jpg",
    "productInformation": "Fin amerikansk rom med vacker färg och särskilt fasta romkorn. En klassiker på toast, i bakad potatis samt i såser av olika slag.",
    "countryText": "",
    "companyText": "Pandalus",
    "ingrediensText": "INGREDIENSER: Fryst LÖJROM från amerikansk siklöja (Coregonus Artedi) med lite salt som smaktillsats.",
    "storage": "Lägsta förvaringstemperatur -25°C Högsta förvaringstemperatur -18°C",
    "allergens": "Innehåller Fisk",
    "usage": "",
    "nutrition": [
      {
        "Näringsvärde": "Energi (kcal)",
        "100 Gram": "160 kcal"
      },
      {
        "Näringsvärde": "Energi (kJ)",
        "100 Gram": "680 kJ"
      },
      {
        "Näringsvärde": "Fett",
        "100 Gram": "8.5 g"
      },
      {
        "Näringsvärde": "Varav mättat fett",
        "100 Gram": "1.9 g"
      },
      {
        "Näringsvärde": "Kolhydrat",
        "100 Gram": "3.9 g"
      },
      {
        "Näringsvärde": "Varav sockerarter",
        "100 Gram": "0.5 g"
      },
      {
        "Näringsvärde": "Protein",
        "100 Gram": "17 g"
      },
      {
        "Näringsvärde": "Salt",
        "100 Gram": "3.5 g"
      }
    ],
    "nutritionUnitText": "Näringsvärde per 100 gram",
    "categories": {
      "mainCategory": "Fryst",
      "subCategories": [
        {
          "name": "Fryst fisk & Skaldjur",
          "subSubCategories": [
            "Frysta skaldjursdelikatesser"
          ]
        }
      ]
    }
  },
  {
    "name": "Fishnuggets Glutenfria 270g ICA",
    "weightText": "0.27 kg",
    "caPart": "",
    "weightValue": 0.27,
    "weightUnit": "kg",
    "comparePrice": "125,74 kr/kg",
    "currentPrice": 33.95,
    "attributes": [
      "Glutenfritt",
      "MSC-märkt"
    ],
    "imgUrl": "https://handlaprivatkund.ica.se/images-v3/bf7a00ca-390e-4769-865f-dc369586872e/218bf77f-f4e3-4289-9e08-4afd33d27b0e/500x500.jpg",
    "productInformation": "Spröda fishnuggets, krispigt panerade med glutenfri panering. Av Alaska pollock.",
    "countryText": "",
    "companyText": "ICA",
    "ingrediensText": "ALASKA POLLOCK* (Theragra Chalcogramma) 60%, ströbröd (rismjöl, kikärtsmjöl, majsstärkelse, salt, dextros), vatten, paneringsmix (rismjöl, potatis- stärkelse, modifierad potatisstärkelse (E1442), salt, lök, stabiliseringsmedel (E415), kryddextrakt, rapsolja, salt, lök, vitpeppar. *Fångad i Nordostatlanten fångstzon 67.",
    "storage": "Lägsta förvaringstemperatur -25°C Högsta förvaringstemperatur -18°C",
    "allergens": "Innehåller Fisk",
    "usage": "",
    "nutrition": [
      {
        "Näringsvärde": "Energi (kcal)",
        "100 Gram": "196 kcal"
      },
      {
        "Näringsvärde": "Energi (kJ)",
        "100 Gram": "823 kJ"
      },
      {
        "Näringsvärde": "Fett",
        "100 Gram": "8 g"
      },
      {
        "Näringsvärde": "Varav mättat fett",
        "100 Gram": "0.8 g"
      },
      {
        "Näringsvärde": "Kolhydrat",
        "100 Gram": "18 g"
      },
      {
        "Näringsvärde": "Varav sockerarter",
        "100 Gram": "0.5 g"
      },
      {
        "Näringsvärde": "Protein",
        "100 Gram": "13 g"
      },
      {
        "Näringsvärde": "Salt",
        "100 Gram": "0.73 g"
      }
    ],
    "nutritionUnitText": "Näringsvärde per 100 gram",
    "categories": {
      "mainCategory": "Fisk & Skaldjur",
      "subCategories": [
        {
          "name": "Färdiga fiskrätter",
          "subSubCategories": [
            "Fiskpinnar & Panerad fisk",
            "Panerad fisk"
          ]
        }
      ]
    }
  },
  {
    "name": "Sillskivor tomat 100g Lucullus",
    "weightText": "0.1 kg",
    "caPart": "",
    "weightValue": 0.1,
    "weightUnit": "kg",
    "comparePrice": "285,00 kr/kg",
    "currentPrice": 28.5,
    "attributes": [],
    "imgUrl": "https://handlaprivatkund.ica.se/images-v3/bf7a00ca-390e-4769-865f-dc369586872e/bdf7ede2-0b16-4f25-ae2e-94165c6fe8e4/500x500.jpg",
    "productInformation": "Lucullus sill i tomatsås är en produkt som består av fina skivade smörgåssillbitar i en mustig tomatsås. Den här produkten innehåller sill (Clupea harengus) av högsta kvalitet som fiskas i Nordostatlanten och som enbart kommer från livskraftiga bestånd. Passar perfekt på smörgåsen.",
    "countryText": "",
    "companyText": "Lucullus",
    "ingrediensText": "Skivad SILLfilé, socker, tomatpuré (13%), salt, ättika, vatten, konserveringsmedel (natriumbensoat, kaliumsorbat), kryddor (bl.a. kanel, muskotblomma), naturlig lökarom, syra (mjölksyra).",
    "storage": "I kylskåp max 8 °C. Öppnad förpackning konsumeras inom 3 dagar",
    "allergens": "",
    "usage": "",
    "nutrition": [
      {
        "Näringsvärde": "Energi (kcal)",
        "100 Gram": "224 kcal"
      },
      {
        "Näringsvärde": "Energi (kJ)",
        "100 Gram": "943 kJ"
      },
      {
        "Näringsvärde": "Fett",
        "100 Gram": "8.8 g"
      },
      {
        "Näringsvärde": "Varav mättat fett",
        "100 Gram": "1.9 g"
      },
      {
        "Näringsvärde": "Kolhydrat",
        "100 Gram": "27 g"
      },
      {
        "Näringsvärde": "Varav sockerarter",
        "100 Gram": "27 g"
      },
      {
        "Näringsvärde": "Protein",
        "100 Gram": "9.3 g"
      },
      {
        "Näringsvärde": "Salt",
        "100 Gram": "5.5 g"
      }
    ],
    "nutritionUnitText": "Näringsvärde per 100 gram",
    "categories": {
      "mainCategory": "Fisk & Skaldjur",
      "subCategories": [
        {
          "name": "Sill & Ansjovis",
          "subSubCategories": [
            "Inlagd sill"
          ]
        }
      ]
    }
  },
  {
    "name": "Caviar röd stenbitsrom 170g ICA",
    "weightText": "0.17 kg",
    "caPart": "",
    "weightValue": 0.17,
    "weightUnit": "kg",
    "comparePrice": "405,59 kr/kg",
    "currentPrice": 68.95,
    "attributes": [
      "MSC-märkt"
    ],
    "imgUrl": "https://handlaprivatkund.ica.se/images-v3/bf7a00ca-390e-4769-865f-dc369586872e/7e88c6b6-c60b-42ea-962b-b14b3c9fe996/500x500.jpg",
    "productInformation": "Storkornig röd caviar gjord på stenbitsrom. Passar bra som topping på till exempel toast skagen, eller som ingrediens i en sandelfjorssås. Den är dessutom ett bra budgetalternativ till löjrom.",
    "countryText": "",
    "companyText": "ICA",
    "ingrediensText": "Saltad rom av STENBIT* (Cyclopterus lumpus) 87%, vatten, rapsolja, färgämne (E160a, E101, E120), sherry, konserveringsmedel (E211, E202), stabiliseringsmedel (E415), lökpulver, surhetsreglerande medel (E330). *Fångad med nät/garn i Nordostatlanten, fångstzon 27",
    "storage": "",
    "allergens": "",
    "usage": "",
    "nutrition": [
      {
        "Näringsvärde": "Energi (kcal)",
        "100 Gram": "90 kcal"
      },
      {
        "Näringsvärde": "Energi (kJ)",
        "100 Gram": "350 kJ"
      },
      {
        "Näringsvärde": "Fett",
        "100 Gram": "4.5 g"
      },
      {
        "Näringsvärde": "Varav mättat fett",
        "100 Gram": "1 g"
      },
      {
        "Näringsvärde": "Kolhydrat",
        "100 Gram": "0.5 g"
      },
      {
        "Näringsvärde": "Varav sockerarter",
        "100 Gram": "0 g"
      },
      {
        "Näringsvärde": "Protein",
        "100 Gram": "10 g"
      },
      {
        "Näringsvärde": "Salt",
        "100 Gram": "4.8 g"
      }
    ],
    "nutritionUnitText": "Näringsvärde per 100 gram",
    "categories": {
      "mainCategory": "Fisk & Skaldjur",
      "subCategories": [
        {
          "name": "Kaviar & Rom",
          "subSubCategories": [
            "Färsk rom"
          ]
        }
      ]
    }
  },
  {
    "name": "Kaviar vegansk 150g Kalles",
    "weightText": "0.15 kg",
    "caPart": "",
    "weightValue": 0.15,
    "weightUnit": "kg",
    "comparePrice": "163,33 kr/kg",
    "currentPrice": 24.5,
    "attributes": [],
    "imgUrl": "https://handlaprivatkund.ica.se/images-v3/bf7a00ca-390e-4769-865f-dc369586872e/59b7d740-5e03-4188-92fb-19763edef2b5/500x500.jpg",
    "productInformation": "Äntligen kan alla äta Kalles! Kalles Vegan är ett veganskt pålägg med lika god smak som originalet! Kalles Vegan har en perfekt kombination mellan sötma, sälta och rökighet och den gör din macka lite extra god. Sugen på att veta mer om Kalles Vegan och kaviar? Gå in på kalles.se",
    "countryText": "",
    "companyText": "Kalles",
    "ingrediensText": "Tångcaviar 35% (tångextrakt, vatten, salt, kryddextrakt (bl.a. cayennepeppar), aromer (bl.a. dill), syra (citronsyra), stabiliseringsmedel (xantangummi), konserveringsmedel (natriumbensoat), färgämne (järnoxid)), rapsolja, vatten, socker, potatisflingor, salt, tomatpuré, rökt solrosolja, kikärtsprotein, ärtprotein, solrosprotein, naturliga aromer, stabiliseringsmedel (xantangummi, fruktkärnmjöl), konserveringsmedel (kaliumsorbat), antioxidationsmedel (askorbinsyra)",
    "storage": "I kylskåp 2-8 °C",
    "allergens": "",
    "usage": "",
    "nutrition": [
      {
        "Näringsvärde": "Energi (kcal)",
        "100 Gram": "296 kcal"
      },
      {
        "Näringsvärde": "Energi (kJ)",
        "100 Gram": "1240 kJ"
      },
      {
        "Näringsvärde": "Fett",
        "100 Gram": "25 g"
      },
      {
        "Näringsvärde": "Varav mättat fett",
        "100 Gram": "1.8 g"
      },
      {
        "Näringsvärde": "Kolhydrat",
        "100 Gram": "15 g"
      },
      {
        "Näringsvärde": "Varav sockerarter",
        "100 Gram": "10 g"
      },
      {
        "Näringsvärde": "Protein",
        "100 Gram": "1.1 g"
      },
      {
        "Näringsvärde": "Salt",
        "100 Gram": "5 g"
      }
    ],
    "nutritionUnitText": "Näringsvärde per 100 gram",
    "categories": {
      "mainCategory": "Fisk & Skaldjur",
      "subCategories": [
        {
          "name": "Kaviar & Rom",
          "subSubCategories": [
            "Kaviar"
          ]
        }
      ]
    }
  },
  {
    "name": "Kaviar randig 185g Kalles",
    "weightText": "0.185 kg",
    "caPart": "",
    "weightValue": 0.185,
    "weightUnit": "kg",
    "comparePrice": "154,05 kr/kg",
    "currentPrice": 28.5,
    "attributes": [
      "MSC-märkt"
    ],
    "imgUrl": "https://handlaprivatkund.ica.se/images-v3/bf7a00ca-390e-4769-865f-dc369586872e/107cc781-9af3-4b52-9dad-85f29a9cc7cf/500x500.jpg",
    "productInformation": "Kalles Randiga 185g är en mild och krämig blandning av kaviar och färskost som blir randig på mackan. Kalles Randiga med cream cheese passar utmärkt som pålägg på mackan till frukosten, mellanmålet eller till kokta ägg! Kalles kaviar har varit hela Sveriges oersättliga favorit på frukostbordet sedan 1954. Kalles kaviar görs av utvald MSC-märkt rom från torsk & sej som fiskas framför allt i Nordnorge (Norska Havet & Barents hav). Kalles kaviar tillverkas i Sverige, i den idylliska fiskorten Kungshamn på västkusten.Vill du ta del av Kalles värld eller inspireras av riktigt smarriga kaviarmackor - besök kalles.se. \n \n I produkten ingår totalt 23% rom.",
    "countryText": "",
    "companyText": "Kalles",
    "ingrediensText": "Kaviar (50%) (rökt sockersaltad rom från TORSKFISKAR, rapsolja, socker, vatten, salt, potatisflingor, tomatpuré, konserveringsmedel (kaliumsorbat, natriumbensoat), antioxidationsmedel (askorbinsyra)), färskOST (30%) (skumMJÖLK, GRÄDDE, rapsolja, modifierad stärkelse, stabiliseringsmedel (fruktkärnmjöl), mjölksyrakultur), vatten, inulin (fiber), skumMJÖLKSpulver, stabiliseringsmedel (xantangummi, fruktkärnmjöl), arom, färgämne (paprikaoleoresin)",
    "storage": "I kylskåp 2-8 °C",
    "allergens": "",
    "usage": "",
    "nutrition": [
      {
        "Näringsvärde": "Energi (kcal)",
        "100 Gram": "292 kcal"
      },
      {
        "Näringsvärde": "Energi (kJ)",
        "100 Gram": "1220 kJ"
      },
      {
        "Näringsvärde": "Fett",
        "100 Gram": "24 g"
      },
      {
        "Näringsvärde": "Varav mättat fett",
        "100 Gram": "4.6 g"
      },
      {
        "Näringsvärde": "Kolhydrat",
        "100 Gram": "10 g"
      },
      {
        "Näringsvärde": "Varav sockerarter",
        "100 Gram": "8.3 g"
      },
      {
        "Näringsvärde": "Protein",
        "100 Gram": "5.5 g"
      },
      {
        "Näringsvärde": "Salt",
        "100 Gram": "3.9 g"
      }
    ],
    "nutritionUnitText": "Näringsvärde per 100 gram",
    "categories": {
      "mainCategory": "Fisk & Skaldjur",
      "subCategories": [
        {
          "name": "Kaviar & Rom",
          "subSubCategories": [
            "Kaviar"
          ]
        }
      ]
    }
  },
  {
    "name": "Fish & Crisp Fiskpinnar MSC 364g Findus",
    "weightText": "0.364 kg",
    "caPart": "",
    "weightValue": 0.364,
    "weightUnit": "kg",
    "comparePrice": "119,51 kr/kg",
    "currentPrice": 43.5,
    "attributes": [
      "MSC-märkt"
    ],
    "imgUrl": "https://handlaprivatkund.ica.se/images-v3/bf7a00ca-390e-4769-865f-dc369586872e/45d540a2-c7ef-4901-9eb6-10acd3e606f1/500x500.jpg",
    "productInformation": "Findus Fish & Crisp Fiskpinnar av 100% fiskfilé är gjorda på hållbart fiskad Alaska pollock. Med en extra krispig panering som snabbt kommer att bli en familjefavorit. Väljer du Fish & Crisp Fiskpinnar till middag så har du gjort ett smart val – det är en bra proteinkälla som har låg andel mättat fett.",
    "countryText": "",
    "companyText": "Findus",
    "ingrediensText": "Filéer av Alaska pollock* (FISK) 49 % (Gadus chalcogrammus), VETEMJÖL, vatten, rapsolja, stärkelse (potatis, majs), majsmjöl, salt, bakpulver (E450, E500), jäst, SKUMMJÖLKSPULVER, vitlök, SENAPSMJÖL. *Fiskad i nordöstra eller nordvästra Stilla havet.",
    "storage": "FÖRVARING OCH MINSTA HÅLLBARHETI frysutrymme (-18°C eller kallare), se datummärkning.Bör alltid förvaras fryst. Bör ej frysas efter upptining.",
    "allergens": "",
    "usage": "ÅTERVINN FÖRPACKNINGEN! Sorteras som papper.",
    "nutrition": [
      {
        "Näringsvärde": "Energi (kcal)",
        "100 Gram": "230 kcal"
      },
      {
        "Näringsvärde": "Energi (kJ)",
        "100 Gram": "960 kJ"
      },
      {
        "Näringsvärde": "Fett",
        "100 Gram": "12 g"
      },
      {
        "Näringsvärde": "Varav mättat fett",
        "100 Gram": "1 g"
      },
      {
        "Näringsvärde": "Kolhydrat",
        "100 Gram": "19 g"
      },
      {
        "Näringsvärde": "Varav sockerarter",
        "100 Gram": "0.7 g"
      },
      {
        "Näringsvärde": "Fiber",
        "100 Gram": "0.8 g"
      },
      {
        "Näringsvärde": "Protein",
        "100 Gram": "11 g"
      },
      {
        "Näringsvärde": "Salt",
        "100 Gram": "1.2 g"
      }
    ],
    "nutritionUnitText": "Näringsvärde per 100 gram",
    "categories": {
      "mainCategory": "Fisk & Skaldjur",
      "subCategories": [
        {
          "name": "Färdiga fiskrätter",
          "subSubCategories": [
            "Fiskpinnar & Panerad fisk",
            "Fiskpinnar"
          ]
        }
      ]
    }
  },
  {
    "name": "Löksill 500g Abba",
    "weightText": "0.25 kg",
    "caPart": "",
    "weightValue": 0.25,
    "weightUnit": "kg",
    "comparePrice": "179,80 kr/kg u. spad",
    "currentPrice": 44.95,
    "attributes": [
      "MSC-märkt"
    ],
    "imgUrl": "https://handlaprivatkund.ica.se/images-v3/bf7a00ca-390e-4769-865f-dc369586872e/a0b3c94b-7356-4d03-90aa-74aec10c77eb/500x500.jpg",
    "productInformation": "Abba Löksill är en storsäljare med utvalda bitar sill i en klar lag smaksatt med både gul lök, vårlök och svartpeppar. En favorit att räkna med! Den här produkten innehåller sill (Clupea harengus) av högsta kvalitet som fiskas i Nordsjön och som enbart kommer från livskraftiga bestånd. Sillen lagras i vårt bergrum i Kungshamn på bohuslänska västkusten innan vi lägger in den med utvalda kryddor och smaksättningar för att du ska kunna njuta av din favorit. Sill passar lika bra till jul, påsk och midsommar som till en god snabblagad lunch eller middag eller varför inte brunch? Den här sillburken är märkt med symbolen lågt klimatavtryck, vill du veta mer? Läs mer på abba.se",
    "countryText": "",
    "companyText": "Abba",
    "ingrediensText": "SILL i bitar, socker, lök (17%), salt, salladslök, ättika, kryddor (svartpeppar, kryddpeppar, rosépeppar), naturlig arom (innehåller kanel), syra (ättiksyra), konserveringsmedel (natriumbensoat, kaliumsorbat).",
    "storage": "I kylskåp max 8 °C. Öppnad produkt smakar bäst inom 14 dagar",
    "allergens": "",
    "usage": "",
    "nutrition": [
      {
        "Näringsvärde": "Energi (kcal)",
        "100 Gram": "244 kcal"
      },
      {
        "Näringsvärde": "Energi (kJ)",
        "100 Gram": "1022 kJ"
      },
      {
        "Näringsvärde": "Fett",
        "100 Gram": "13 g"
      },
      {
        "Näringsvärde": "Varav mättat fett",
        "100 Gram": "3.4 g"
      },
      {
        "Näringsvärde": "Kolhydrat",
        "100 Gram": "21 g"
      },
      {
        "Näringsvärde": "Varav sockerarter",
        "100 Gram": "20 g"
      },
      {
        "Näringsvärde": "Protein",
        "100 Gram": "11 g"
      },
      {
        "Näringsvärde": "Salt",
        "100 Gram": "3.3 g"
      }
    ],
    "nutritionUnitText": "Näringsvärde per 100 gram",
    "categories": {
      "mainCategory": "Fisk & Skaldjur",
      "subCategories": [
        {
          "name": "Sill & Ansjovis",
          "subSubCategories": [
            "Inlagd sill"
          ]
        }
      ]
    }
  },
  {
    "name": "Hälleflundra panerad citron och persilja 250g Royal Greenland",
    "weightText": "0.25 kg",
    "caPart": "",
    "weightValue": 0.25,
    "weightUnit": "kg",
    "comparePrice": "231,80 kr/kg",
    "currentPrice": 57.95,
    "attributes": [
      "MSC-märkt"
    ],
    "imgUrl": "https://handlaprivatkund.ica.se/images-v3/bf7a00ca-390e-4769-865f-dc369586872e/14aec929-cdc2-413e-aa39-0024e05bf2e9/500x500.jpg",
    "productInformation": "Information från leverantör \n Liten grönländsk hälleflundra har en söt och smörig smak av umami och ett mjukt och behagligt kött. Köttet är mycket vitt och smaken är fullt utvecklad tack vare den långsamma tillväxten i de iskalla vattnen i Nordatlanten och Norra ishavet. Liten grönländsk hälleflundra har en mycket hög halt av hälsosamma omega-3-fettsyror",
    "countryText": "",
    "companyText": "Royal Greenland",
    "ingrediensText": "INGREDIENSER: Liten hälleflundra (FISK) filébitar (Reinhardtius hippoglossoides) (75%). Panering (25%): VETEMJÖL, rapsolja, vatten, potatisstärkelse, salt, dextros, persilja (0,05%), jäst, citronolja (0,06%). Liten grönländsk hälleflundra fångad i Nordvästra Atlanten med trål. Förstekt i rapsolja. Enstaka ben kan förekomma.",
    "storage": "",
    "allergens": "Innehåller Fisk Innehåller Spannmål som innehåller gluten",
    "usage": "",
    "nutrition": [
      {
        "Näringsvärde": "Energi (kcal)",
        "100 Gram": "830 kcal"
      },
      {
        "Näringsvärde": "Energi (kJ)",
        "100 Gram": "199 kJ"
      },
      {
        "Näringsvärde": "Fett",
        "100 Gram": "13 g"
      },
      {
        "Näringsvärde": "Varav mättat fett",
        "100 Gram": "1.7 g"
      },
      {
        "Näringsvärde": "Kolhydrat",
        "100 Gram": "8.2 g"
      },
      {
        "Näringsvärde": "Varav sockerarter",
        "100 Gram": "1.8 g"
      },
      {
        "Näringsvärde": "Protein",
        "100 Gram": "12 g"
      },
      {
        "Näringsvärde": "Salt",
        "100 Gram": "0.6 g"
      }
    ],
    "nutritionUnitText": "Näringsvärde per 100 gram",
    "categories": {
      "mainCategory": "Fisk & Skaldjur",
      "subCategories": [
        {
          "name": "Färdiga fiskrätter",
          "subSubCategories": [
            "Fiskpinnar & Panerad fisk",
            "Panerad fisk"
          ]
        }
      ]
    }
  },
  {
    "name": "Sill ingefära & lime 240g Abba",
    "weightText": "0.12 kg",
    "caPart": "",
    "weightValue": 0.12,
    "weightUnit": "kg",
    "comparePrice": "212,50 kr/kg u. spad",
    "currentPrice": 25.5,
    "attributes": [],
    "imgUrl": "https://handlaprivatkund.ica.se/images-v3/bf7a00ca-390e-4769-865f-dc369586872e/835dc395-2fdd-408b-ab4b-35a361630c65/500x500.jpg",
    "productInformation": "Abba Ingefära Lime är en härligt frisk och lite spännande sillsort med utvalda bitar sill och fräsch smak av både lime och ingefära. Perfekt för dig som vill testa något nytt och spännande på sillbordet! Den här produkten innehåller sill (Clupea harengus) av högsta kvalitet som fiskas i Nordostatlanten och som enbart kommer från livskraftiga bestånd. Sillen lagras i vårt bergrum i Kungshamn på bohuslänska västkusten innan vi lägger in den med utvalda kryddor och smaksättningar för att du ska kunna njuta av din favorit. Sill passar lika bra till jul, påsk och midsommar som till en god snabblagad lunch eller middag eller varför inte brunch? Den här sillburken är märkt med symbolen lågt klimatavtryck, vill du veta mer? Läs mer på abba.se",
    "countryText": "",
    "companyText": "Abba",
    "ingrediensText": "SILL i bitar, socker, limejuice från koncentrat, salt, ingefära, ättika, gräslök, rosépeppar, naturlig arom (innehåller kanel), limeolja, syra (ättiksyra), konserveringsmedel (natriumbensoat, kaliumsorbat).",
    "storage": "I kylskåp max 8 °C. Öppnad produkt smakar bäst inom 14 dagar",
    "allergens": "",
    "usage": "",
    "nutrition": [
      {
        "Näringsvärde": "Energi (kcal)",
        "100 Gram": "251 kcal"
      },
      {
        "Näringsvärde": "Energi (kJ)",
        "100 Gram": "1052 kJ"
      },
      {
        "Näringsvärde": "Fett",
        "100 Gram": "13 g"
      },
      {
        "Näringsvärde": "Varav mättat fett",
        "100 Gram": "3.4 g"
      },
      {
        "Näringsvärde": "Kolhydrat",
        "100 Gram": "23 g"
      },
      {
        "Näringsvärde": "Varav sockerarter",
        "100 Gram": "22 g"
      },
      {
        "Näringsvärde": "Protein",
        "100 Gram": "11 g"
      },
      {
        "Näringsvärde": "Salt",
        "100 Gram": "3.2 g"
      }
    ],
    "nutritionUnitText": "Näringsvärde per 100 gram",
    "categories": {
      "mainCategory": "Fisk & Skaldjur",
      "subCategories": [
        {
          "name": "Sill & Ansjovis",
          "subSubCategories": [
            "Inlagd sill"
          ]
        }
      ]
    }
  },
  {
    "name": "Räkor 90/120 st/kg Fryst 1kg Royal Greenland",
    "weightText": "1 kg",
    "caPart": "",
    "weightValue": 1,
    "weightUnit": "kg",
    "comparePrice": "126,00 kr/kg",
    "currentPrice": 126,
    "attributes": [
      "Nyckelhålet",
      "MSC-märkt"
    ],
    "imgUrl": "https://handlaprivatkund.ica.se/images-v3/bf7a00ca-390e-4769-865f-dc369586872e/af1e6e6a-b3bf-45d3-b243-e4f9e60b0c96/500x500.jpg",
    "productInformation": "Skala och njut av räkans milda salta smak på räkmackan i sallader, i röror eller naturella med aioli och en bit gott bröd. Trålade, nordvästatlanten zon 21",
    "countryText": "",
    "companyText": "Royal Greenland",
    "ingrediensText": "RÄKOR (Pandalus borealis), salt. Räkorna ärglaserade med vatten som en skyddandeförpackning för att säkra kvaliteten. Kaninnehålla spår av FISK.",
    "storage": "Lägsta förvaringstemperatur -25°C Högsta förvaringstemperatur -18°C",
    "allergens": "Kan innehålla Fisk Innehåller Kräftdjur",
    "usage": "",
    "nutrition": [
      {
        "Näringsvärde": "Energi (kcal)",
        "100 Gram": "106 kcal"
      },
      {
        "Näringsvärde": "Energi (kJ)",
        "100 Gram": "447 kJ"
      },
      {
        "Näringsvärde": "Fett",
        "100 Gram": "1.5 g"
      },
      {
        "Näringsvärde": "Varav mättat fett",
        "100 Gram": "0.3 g"
      },
      {
        "Näringsvärde": "Kolhydrat",
        "100 Gram": "0 g"
      },
      {
        "Näringsvärde": "Varav sockerarter",
        "100 Gram": "0 g"
      },
      {
        "Näringsvärde": "Protein",
        "100 Gram": "23 g"
      },
      {
        "Näringsvärde": "Salt",
        "100 Gram": "1.75 g"
      }
    ],
    "nutritionUnitText": "Näringsvärde per 100 gram",
    "categories": {
      "mainCategory": "Jul",
      "subCategories": [
        {
          "name": "Julmat",
          "subSubCategories": [
            "Ägg, Räkor & Majonnäs"
          ]
        }
      ]
    }
  },
  {
    "name": "Fiskgratäng skaldjurssås 350g ICA",
    "weightText": "0.35 kg",
    "caPart": "",
    "weightValue": 0.35,
    "weightUnit": "kg",
    "comparePrice": "88,43 kr/kg",
    "currentPrice": 30.95,
    "attributes": [
      "MSC-märkt"
    ],
    "imgUrl": "https://handlaprivatkund.ica.se/images-v3/bf7a00ca-390e-4769-865f-dc369586872e/19deb951-3ae0-46b7-9fe2-b5c8a7d83120/500x500.jpg",
    "productInformation": "",
    "countryText": "",
    "companyText": "ICA",
    "ingrediensText": "Potatismos 50%: Vatten, potatismospulver (potatis, KÄRNMJÖLKSPULVER, MJÖLKPULVER, salt, GRÄDDPULVER, stabiliseringsmedel (E471), konserveringsmedel (E222 NATRIUMVÄTESULFIT), antioxidationsmedel (E300), kryddextrakt (svartpeppar)), SKUMMJÖLKSPULVER, smör (MJÖLK), salt, pepparextrakt. FISK 26%: Renskurna filéer av ALASKA POLLOCK* (Theragra chalcogramma). Sås 24%: Vatten, SKUMMJÖLKSPULVER, hummerfond (vatten, tomatpuré, salt, vitt vin, FISK, konjak, SELLERI, HUMMER, surhetsreglerande medel (E270), modifierad potatisstärkelse, arom (SELLERI), konserveringsmedel (E202)), RÄKOR** (Pandalus borealis) 1,4%, smör (MJÖLK), surimi 1,3% (FISK, vatten, potatisstärkelse, rapsolja, ÄGGVITA, socker, salt, färgämne (E160d), KRABBAROM, surhetsreglerande medel (E211, E202)), modifierad majsstärkelse, GRÄDDPULVER, purjolök, HUMMERKÖTT*** (Homarus americanus) (0,3%), sherry, pepparextrakt, salt. Enstaka ben kan förekomma. *Fiskad med trål i Stilla havet fångstzon 67. MSC-godkänd ingrediens. ** Fiskade med trål i Nordvästatlanten, fångstzon 21. MSC-godkänd ingrediens. *** Fiskad med burar i Nordvästatlanten, fångstzon 21.",
    "storage": "Lägsta förvaringstemperatur -25°C Högsta förvaringstemperatur -18°C",
    "allergens": "Innehåller Ägg Innehåller Selleri Innehåller Svaveldioxid eller sulfit Innehåller Kräftdjur Innehåller Mjölk Innehåller Fisk",
    "usage": "",
    "nutrition": [
      {
        "Näringsvärde": "Energi (kcal)",
        "100 Gram": "110 kcal"
      },
      {
        "Näringsvärde": "Energi (kJ)",
        "100 Gram": "480 kJ"
      },
      {
        "Näringsvärde": "Fett",
        "100 Gram": "4 g"
      },
      {
        "Näringsvärde": "Varav mättat fett",
        "100 Gram": "2.6 g"
      },
      {
        "Näringsvärde": "Kolhydrat",
        "100 Gram": "11 g"
      },
      {
        "Näringsvärde": "Varav sockerarter",
        "100 Gram": "3.4 g"
      },
      {
        "Näringsvärde": "Protein",
        "100 Gram": "7.6 g"
      },
      {
        "Näringsvärde": "Salt",
        "100 Gram": "1.5 g"
      }
    ],
    "nutritionUnitText": "Näringsvärde per 100 gram",
    "categories": {
      "mainCategory": "Fisk & Skaldjur",
      "subCategories": [
        {
          "name": "Färdiga fiskrätter",
          "subSubCategories": [
            "Fiskgratäng"
          ]
        }
      ]
    }
  },
  {
    "name": "Senapssill 475g Abba",
    "weightText": "0.235 kg",
    "caPart": "",
    "weightValue": 0.235,
    "weightUnit": "kg",
    "comparePrice": "191,28 kr/kg u. spad",
    "currentPrice": 44.95,
    "attributes": [],
    "imgUrl": "https://handlaprivatkund.ica.se/images-v3/bf7a00ca-390e-4769-865f-dc369586872e/b776a0d1-22dc-42fc-9327-8af5821b22a4/500x500.jpg",
    "productInformation": "Abba Senapssill 475g är en stor burk fylld med en klassisk krämig och mild senapssill smaksatt med både senap och senapsfrön. Den här produkten innehåller sill (Clupea harengus) av högsta kvalitet som fiskas i Nordostatlanten och som enbart kommer från livskraftiga bestånd. Sillen lagras i vårt bergrum i Kungshamn på bohuslänska västkusten innan den blandas med den goda, krämiga såsen för att du ska kunna njuta av din favorit. Sill passar lika bra till jul, påsk och midsommar som till en god snabblagad lunch eller middag eller varför inte brunch? Den här sillburken är märkt med symbolen lågt klimatavtryck, vill du veta mer? Läs mer på abba.se",
    "countryText": "",
    "companyText": "Abba",
    "ingrediensText": "SILL i bitar, socker, vatten, rapsolja, SENAP (11%) (vatten, SENAPsfrö, socker, ättika, salt, kryddor (bl.a. koriander, kanel)), salt, SENAPsfrö, syra (ättiksyra), konserveringsmedel (natriumbensoat, kaliumsorbat), förtjockningsmedel (xantangummi), färgämne (betakaroten, sockerkulör (E150c)). Kan innehålla spår av GLUTEN.",
    "storage": "I kylskåp max 8 °C. Öppnad produkt smakar bäst inom 14 dagar",
    "allergens": "",
    "usage": "",
    "nutrition": [
      {
        "Näringsvärde": "Energi (kcal)",
        "100 Gram": "249 kcal"
      },
      {
        "Näringsvärde": "Energi (kJ)",
        "100 Gram": "1036 kJ"
      },
      {
        "Näringsvärde": "Fett",
        "100 Gram": "16 g"
      },
      {
        "Näringsvärde": "Varav mättat fett",
        "100 Gram": "3 g"
      },
      {
        "Näringsvärde": "Kolhydrat",
        "100 Gram": "17 g"
      },
      {
        "Näringsvärde": "Varav sockerarter",
        "100 Gram": "16 g"
      },
      {
        "Näringsvärde": "Protein",
        "100 Gram": "8.5 g"
      },
      {
        "Näringsvärde": "Salt",
        "100 Gram": "3.7 g"
      }
    ],
    "nutritionUnitText": "Näringsvärde per 100 gram",
    "categories": {
      "mainCategory": "Fisk & Skaldjur",
      "subCategories": [
        {
          "name": "Sill & Ansjovis",
          "subSubCategories": [
            "Inlagd sill"
          ]
        }
      ]
    }
  },
  {
    "name": "Skärgårdssill 460g Abba",
    "weightText": "0.235 kg",
    "caPart": "",
    "weightValue": 0.235,
    "weightUnit": "kg",
    "comparePrice": "191,28 kr/kg u. spad",
    "currentPrice": 44.95,
    "attributes": [],
    "imgUrl": "https://handlaprivatkund.ica.se/images-v3/bf7a00ca-390e-4769-865f-dc369586872e/92e775e1-ec5e-4a9a-b9ab-f8bab1432aa5/500x500.jpg",
    "productInformation": "Abba Skärgårdssill 460g är en stor burk fylld med krämig sill smaksatt med gräddfil, röd tångcaviar och finhackad gräslök. Den här produkten innehåller sill (Clupea harengus) av högsta kvalitet som fiskas i Nordostatlanten och som enbart kommer från livskraftiga bestånd. Sillen lagras i vårt bergrum i Kungshamn på bohuslänska västkusten innan den blandas med den goda, krämiga såsen för att du ska kunna njuta av din favorit. Sill passar lika bra till jul, påsk och midsommar som till en god snabblagad lunch eller middag eller varför inte brunch? Den här sillburken är märkt med symbolen lågt klimatavtryck, vill du veta mer? Läs mer på abba.se",
    "countryText": "",
    "companyText": "Abba",
    "ingrediensText": "SILL i bitar, rapsolja, socker, GRÄDDFIL (5,5%), lök, salt, vatten, tångcaviar (3%) (tångextrakt, vatten, salt, kryddextrakt (bl.a. cayennepeppar), arom (bl.a. dill), syra (citronsyra), stabiliseringsmedel (xanthangummi), konserveringsmedel (kaliumsorbat, natriumbensoat), färgämne (paprikaoleoresin)), ÄGGula, skumMJÖLK, gräslök, ättika, svartpepparextrakt, syra (ättiksyra, mjölksyra, citronsyra), konserveringsmedel (natriumbensoat, kaliumsorbat), förtjockningsmedel (xantangummi).",
    "storage": "I kylskåp max 8 °C. Öppnad produkt smakar bäst inom 14 dagar",
    "allergens": "",
    "usage": "",
    "nutrition": [
      {
        "Näringsvärde": "Energi (kcal)",
        "100 Gram": "259 kcal"
      },
      {
        "Näringsvärde": "Energi (kJ)",
        "100 Gram": "1077 kJ"
      },
      {
        "Näringsvärde": "Fett",
        "100 Gram": "19 g"
      },
      {
        "Näringsvärde": "Varav mättat fett",
        "100 Gram": "3.4 g"
      },
      {
        "Näringsvärde": "Kolhydrat",
        "100 Gram": "14 g"
      },
      {
        "Näringsvärde": "Varav sockerarter",
        "100 Gram": "13 g"
      },
      {
        "Näringsvärde": "Protein",
        "100 Gram": "8.4 g"
      },
      {
        "Näringsvärde": "Salt",
        "100 Gram": "4.3 g"
      }
    ],
    "nutritionUnitText": "Näringsvärde per 100 gram",
    "categories": {
      "mainCategory": "Fisk & Skaldjur",
      "subCategories": [
        {
          "name": "Sill & Ansjovis",
          "subSubCategories": [
            "Inlagd sill"
          ]
        }
      ]
    }
  },
  {
    "name": "Kammusslor 150g ICA",
    "weightText": "0.15 kg",
    "caPart": "",
    "weightValue": 0.15,
    "weightUnit": "kg",
    "comparePrice": "613,00 kr/kg",
    "currentPrice": 91.95,
    "attributes": [
      "Nyckelhålet",
      "MSC-märkt"
    ],
    "imgUrl": "https://handlaprivatkund.ica.se/images-v3/bf7a00ca-390e-4769-865f-dc369586872e/6257e251-93ab-49d7-9d7e-a119a9c8e844/500x500.jpg",
    "productInformation": "ICAs Kammussla kan ersätta pilgrimsmussla i alla recept. Stek snabbt i het panna eller grilla på spett.",
    "countryText": "Danmark",
    "companyText": "ICA",
    "ingrediensText": "KAMMUSSLOR* (Placopecten magellanicus/Patinopecten yessoensis). *Fångade med skrapor i Nordvästatlanten, fångstzon 21/Norra stilla havet, fångstzon 61. Förtydligande tryckt vid Bäst föredatum: A: Placopecten magellanicus, Nordvästatlanten fångszon 21 B: Patinopecten yessoensis, Norra stilla havet fångstzon 61. Kan innehålla spår av kräftdjur.",
    "storage": "I frysutrymme (–18°C eller kallare). Bör ej omfrysas efter upptining. Lägsta förvaringstemperatur -18°C Högsta förvaringstemperatur -18°C",
    "allergens": "Innehåller Blötdjur Kan innehålla Kräftdjur",
    "usage": "",
    "nutrition": [
      {
        "Näringsvärde": "Energi (kcal)",
        "100 Gram": "88 kcal"
      },
      {
        "Näringsvärde": "Energi (kJ)",
        "100 Gram": "354 kJ"
      },
      {
        "Näringsvärde": "Fett",
        "100 Gram": "0.8 g"
      },
      {
        "Näringsvärde": "Varav mättat fett",
        "100 Gram": "0.5 g"
      },
      {
        "Näringsvärde": "Kolhydrat",
        "100 Gram": "2.4 g"
      },
      {
        "Näringsvärde": "Varav sockerarter",
        "100 Gram": "0 g"
      },
      {
        "Näringsvärde": "Protein",
        "100 Gram": "17 g"
      },
      {
        "Näringsvärde": "Salt",
        "100 Gram": "0.4 g"
      }
    ],
    "nutritionUnitText": "Näringsvärde per 100 gram",
    "categories": {
      "mainCategory": "Fisk & Skaldjur",
      "subCategories": [
        {
          "name": "Skaldjur",
          "subSubCategories": [
            "Musslor",
            "Frysta musslor"
          ]
        }
      ]
    }
  },
  {
    "name": "Ramslök & citronsill 220g Abba",
    "weightText": "0.11 kg",
    "caPart": "",
    "weightValue": 0.11,
    "weightUnit": "kg",
    "comparePrice": "231,82 kr/kg u. spad",
    "currentPrice": 25.5,
    "attributes": [],
    "imgUrl": "https://handlaprivatkund.ica.se/images-v3/bf7a00ca-390e-4769-865f-dc369586872e/d1404bca-5a63-4a61-9be9-01f0f67322af/500x500.jpg",
    "productInformation": "Abba Ramslök & Citron är en krämig sill med utvalda bitar sill och en härlig smak av både ramslök och frisk citron. Gillar du vitlökssill, men vill testa något nytt? Här är smaken för dig! Den här produkten innehåller sill (Clupea harengus) av högsta kvalitet som fiskas i Nordostatlanten och som enbart kommer från livskraftiga bestånd. Sillen lagras i vårt bergrum i Kungshamn på bohuslänska västkusten innan den blandas med den goda, krämiga såsen för att du ska kunna njuta av din favorit. Sill passar lika bra till jul, påsk och midsommar som till en god snabblagad lunch eller middag eller varför inte brunch? Den här sillburken är märkt med symbolen lågt klimatavtryck, vill du veta mer? Läs mer på abba.se",
    "countryText": "",
    "companyText": "Abba",
    "ingrediensText": "SILL i bitar, rapsolja, socker, GRÄDDFIL (6,5%), ramslök (4%), salt, rödlök, vatten, ÄGGula, skumMJÖLK, ättika, naturlig vitlöksarom (innehåller gummi arabicum), citronjuicekoncentrat, citronolja, svartpepparextrakt, syra (ättiksyra, mjölksyra), konserveringsmedel (natriumbensoat, kaliumsorbat), förtjockningsmedel (xantangummi).",
    "storage": "I kylskåp max 8 °C. Öppnad produkt smakar bäst inom 14 dagar",
    "allergens": "",
    "usage": "",
    "nutrition": [
      {
        "Näringsvärde": "Energi (kcal)",
        "100 Gram": "261 kcal"
      },
      {
        "Näringsvärde": "Energi (kJ)",
        "100 Gram": "1086 kJ"
      },
      {
        "Näringsvärde": "Fett",
        "100 Gram": "19 g"
      },
      {
        "Näringsvärde": "Varav mättat fett",
        "100 Gram": "3.5 g"
      },
      {
        "Näringsvärde": "Kolhydrat",
        "100 Gram": "14 g"
      },
      {
        "Näringsvärde": "Varav sockerarter",
        "100 Gram": "13 g"
      },
      {
        "Näringsvärde": "Protein",
        "100 Gram": "8.5 g"
      },
      {
        "Näringsvärde": "Salt",
        "100 Gram": "4.1 g"
      }
    ],
    "nutritionUnitText": "Näringsvärde per 100 gram",
    "categories": {
      "mainCategory": "Fisk & Skaldjur",
      "subCategories": [
        {
          "name": "Sill & Ansjovis",
          "subSubCategories": [
            "Inlagd sill"
          ]
        }
      ]
    }
  },
  {
    "name": "Stenbitsrom svart storkorning 80g Abba",
    "weightText": "0.08 kg",
    "caPart": "",
    "weightValue": 0.08,
    "weightUnit": "kg",
    "comparePrice": "449,38 kr/kg",
    "currentPrice": 35.95,
    "attributes": [
      "MSC-märkt"
    ],
    "imgUrl": "https://handlaprivatkund.ica.se/images-v3/bf7a00ca-390e-4769-865f-dc369586872e/a5a64fc8-4a59-406a-bb6f-1e504f586eaa/500x500.jpg",
    "productInformation": "",
    "countryText": "",
    "companyText": "Abba",
    "ingrediensText": "Saltad STENBITSROM (88%), vatten, förtjockningsmedel (E415), ättika, konserveringsmedel (E211, E202), syra (E330), lökextrakt, SULFIT, färgämne (E120, E153, E150d, E163, E133)",
    "storage": "Öppnad förpackning konsumeras inom 14 dagar. I kylskåp max 8 °C",
    "allergens": "",
    "usage": "",
    "nutrition": [
      {
        "Näringsvärde": "Energi (kcal)",
        "100 Gram": "90 kcal"
      },
      {
        "Näringsvärde": "Energi (kJ)",
        "100 Gram": "370 kJ"
      },
      {
        "Näringsvärde": "Fett",
        "100 Gram": "4 g"
      },
      {
        "Näringsvärde": "Varav mättat fett",
        "100 Gram": "0.9 g"
      },
      {
        "Näringsvärde": "Kolhydrat",
        "100 Gram": "2 g"
      },
      {
        "Näringsvärde": "Varav sockerarter",
        "100 Gram": "0 g"
      },
      {
        "Näringsvärde": "Protein",
        "100 Gram": "11 g"
      },
      {
        "Näringsvärde": "Salt",
        "100 Gram": "4.9 g"
      }
    ],
    "nutritionUnitText": "Näringsvärde per 100 gram",
    "categories": {
      "mainCategory": "Fisk & Skaldjur",
      "subCategories": [
        {
          "name": "Kaviar & Rom",
          "subSubCategories": [
            "Färsk rom"
          ]
        }
      ]
    }
  },
  {
    "name": "Löksill 220g ICA",
    "weightText": "0.11 kg",
    "caPart": "",
    "weightValue": 0.11,
    "weightUnit": "kg",
    "comparePrice": "186,36 kr/kg u. spad",
    "currentPrice": 20.5,
    "attributes": [],
    "imgUrl": "https://handlaprivatkund.ica.se/images-v3/bf7a00ca-390e-4769-865f-dc369586872e/74e7012c-2a95-4227-b811-5dda19c06145/500x500.jpg",
    "productInformation": "Gjord på bitar av sillfilé i en lag kryddad med lök.",
    "countryText": "",
    "companyText": "ICA",
    "ingrediensText": "Marinerad SILL (Clupea harengus)* i bitar 50% (salt, ättika), vatten, socker, lök 9%, kryddpeppar, konserveringsmedel (E211), arom. *Fångad i Nordostatlanten, fångstzon 27.",
    "storage": "",
    "allergens": "",
    "usage": "",
    "nutrition": [
      {
        "Näringsvärde": "Energi (kcal)",
        "100 Gram": "215 kcal"
      },
      {
        "Näringsvärde": "Energi (kJ)",
        "100 Gram": "901 kJ"
      },
      {
        "Näringsvärde": "Fett",
        "100 Gram": "11 g"
      },
      {
        "Näringsvärde": "Varav fleromättat fett",
        "100 Gram": "2.4 g"
      },
      {
        "Näringsvärde": "Varav mättat fett",
        "100 Gram": "2.1 g"
      },
      {
        "Näringsvärde": "Kolhydrat",
        "100 Gram": "20 g"
      },
      {
        "Näringsvärde": "Varav sockerarter",
        "100 Gram": "20 g"
      },
      {
        "Näringsvärde": "Protein",
        "100 Gram": "9.3 g"
      },
      {
        "Näringsvärde": "Salt",
        "100 Gram": "3 g"
      },
      {
        "Näringsvärde": "Vitamin D",
        "100 Gram": "11.7 µg",
        "% av DRI(*)": "234"
      }
    ],
    "nutritionUnitText": "Näringsvärde per 100 gram",
    "categories": {
      "mainCategory": "Fisk & Skaldjur",
      "subCategories": [
        {
          "name": "Sill & Ansjovis",
          "subSubCategories": [
            "Inlagd sill"
          ]
        }
      ]
    }
  },
  {
    "name": "Regnbågslaxrom Miljömärkt 50g ICA",
    "weightText": "0.05 kg",
    "caPart": "",
    "weightValue": 0.05,
    "weightUnit": "kg",
    "comparePrice": "1 299,00 kr/kg",
    "currentPrice": 64.95,
    "attributes": [],
    "imgUrl": "https://handlaprivatkund.ica.se/images-v3/bf7a00ca-390e-4769-865f-dc369586872e/2581753b-70b1-4c21-842e-0ee198474871/500x500.jpg",
    "productInformation": "ASC-certifierad regnbågslaxrom. Vi är unika på marknaden med miljöcertifierad råvara. Regnbågslaxromen med sina större romkorn passar fint som dekoration eller i en romsås.",
    "countryText": "",
    "companyText": "ICA",
    "ingrediensText": "REGNBÅGSLAXROM* (Oncorhynchus mykiss) 96,5%, salt. *Odlad i Italien.",
    "storage": "",
    "allergens": "",
    "usage": "",
    "nutrition": [
      {
        "Näringsvärde": "Energi (kcal)",
        "100 Gram": "184 kcal"
      },
      {
        "Näringsvärde": "Energi (kJ)",
        "100 Gram": "770 kJ"
      },
      {
        "Näringsvärde": "Fett",
        "100 Gram": "8 g"
      },
      {
        "Näringsvärde": "Varav mättat fett",
        "100 Gram": "1.4 g"
      },
      {
        "Näringsvärde": "Kolhydrat",
        "100 Gram": "0.9 g"
      },
      {
        "Näringsvärde": "Varav sockerarter",
        "100 Gram": "0 g"
      },
      {
        "Näringsvärde": "Protein",
        "100 Gram": "27 g"
      },
      {
        "Näringsvärde": "Salt",
        "100 Gram": "3.5 g"
      }
    ],
    "nutritionUnitText": "Näringsvärde per 100 gram",
    "categories": {
      "mainCategory": "Jul",
      "subCategories": [
        {
          "name": "Julmat",
          "subSubCategories": [
            "Lutfisk, Caviar & Röror"
          ]
        }
      ]
    }
  },
  {
    "name": "Surströmming 300g Röda Ulven",
    "weightText": "0.3 kg",
    "caPart": "",
    "weightValue": 0.3,
    "weightUnit": "kg",
    "comparePrice": "246,50 kr/kg u. spad",
    "currentPrice": 73.95,
    "attributes": [],
    "imgUrl": "https://handlaprivatkund.ica.se/images-v3/bf7a00ca-390e-4769-865f-dc369586872e/3c59336c-dc74-49d1-8135-816d7fc7aeb8/500x500.jpg",
    "productInformation": "",
    "countryText": "",
    "companyText": "Röda Ulven",
    "ingrediensText": "Strömming, vatten och salt.",
    "storage": "",
    "allergens": "",
    "usage": "",
    "nutrition": [
      {
        "Näringsvärde": "Energi (kcal)",
        "100 Gram": "93 kcal"
      },
      {
        "Näringsvärde": "Energi (kJ)",
        "100 Gram": "389 kJ"
      },
      {
        "Näringsvärde": "Fett",
        "100 Gram": "4.5 g"
      },
      {
        "Näringsvärde": "Varav mättat fett",
        "100 Gram": "1.1 g"
      },
      {
        "Näringsvärde": "Kolhydrat",
        "100 Gram": "0.73 g"
      },
      {
        "Näringsvärde": "Varav sockerarter",
        "100 Gram": "0.73 g"
      },
      {
        "Näringsvärde": "Protein",
        "100 Gram": "12.6 g"
      },
      {
        "Näringsvärde": "Salt",
        "100 Gram": "7 g"
      }
    ],
    "nutritionUnitText": "Näringsvärde per 100 gram",
    "categories": {
      "mainCategory": "Fisk & Skaldjur",
      "subCategories": [
        {
          "name": "Sill & Ansjovis",
          "subSubCategories": [
            "Surströmming"
          ]
        }
      ]
    }
  },
  {
    "name": "Räkor i lake stora 400g ICA",
    "weightText": "0.4 kg",
    "caPart": "",
    "weightValue": 0.4,
    "weightUnit": "kg",
    "comparePrice": "260,00 kr/kg u. spad",
    "currentPrice": 104,
    "attributes": [],
    "imgUrl": "https://handlaprivatkund.ica.se/images-v3/bf7a00ca-390e-4769-865f-dc369586872e/69d169b2-adfa-471c-90a6-6220b9a94c4c/500x500.jpg",
    "productInformation": "",
    "countryText": "",
    "companyText": "ICA",
    "ingrediensText": "INGREDIENSER: RÄKOR* (Pandalus borealis), vatten, salt, socker, konserveringsmedel (E211, E202), surhetsreglerande medel (E330). *Räkor fångade med trålar i Nordvästatlanten FAO 21 och Nordostatlanten FAO 27. Kan innehålla spår av fisk, blötdjur.",
    "storage": "",
    "allergens": "",
    "usage": "Öppnad förpackning konsumeras inom 3 dagar.",
    "nutrition": [
      {
        "Näringsvärde": "Energi (kcal)",
        "100 Gram": "64 kcal"
      },
      {
        "Näringsvärde": "Energi (kJ)",
        "100 Gram": "272 kJ"
      },
      {
        "Näringsvärde": "Fett",
        "100 Gram": "0.9 g"
      },
      {
        "Näringsvärde": "Varav mättat fett",
        "100 Gram": "0.5 g"
      },
      {
        "Näringsvärde": "Kolhydrat",
        "100 Gram": "0.5 g"
      },
      {
        "Näringsvärde": "Varav sockerarter",
        "100 Gram": "0.5 g"
      },
      {
        "Näringsvärde": "Protein",
        "100 Gram": "14 g"
      },
      {
        "Näringsvärde": "Salt",
        "100 Gram": "2.25 g"
      }
    ],
    "nutritionUnitText": "Näringsvärde per 100 gram",
    "categories": {
      "mainCategory": "Fisk & Skaldjur",
      "subCategories": [
        {
          "name": "Skaldjur",
          "subSubCategories": [
            "Räkor",
            "Räkor i lake"
          ]
        }
      ]
    }
  },
  {
    "name": "Skaldjursmix frysta 350g ICA",
    "weightText": "0.35 kg",
    "caPart": "",
    "weightValue": 0.35,
    "weightUnit": "kg",
    "comparePrice": "162,71 kr/kg",
    "currentPrice": 56.95,
    "attributes": [
      "Nyckelhålet",
      "MSC-märkt"
    ],
    "imgUrl": "https://handlaprivatkund.ica.se/images-v3/bf7a00ca-390e-4769-865f-dc369586872e/3d2cdabd-b46a-46db-a523-2e422d08def2/500x500.jpg",
    "productInformation": "ICAs Skaljdjursmix är en härlig blandning av blåmusslor, venusmusslor, bläckfiskringar och räkor. Havets goda till alla fiskgrytor och soppor. Se ICA.se för tips och recept.",
    "countryText": "",
    "companyText": "ICA",
    "ingrediensText": "Chilensk BLÅMUSSLA* (Mytilus chilensis) 34%, BLÄCKFISK** med tillsatt vatten (75% BLÄCKFISK (Doryteuthis pealeii), vatten, fuktighetsbevarande medel (E331, E500, salt)) 33%. RÄKOR*** (Pandalus borealis) 33%.",
    "storage": "Lägsta förvaringstemperatur -18°C Högsta förvaringstemperatur -18°C",
    "allergens": "Innehåller Kräftdjur Innehåller Blötdjur",
    "usage": "",
    "nutrition": [
      {
        "Näringsvärde": "Energi (kcal)",
        "100 Gram": "67 kcal"
      },
      {
        "Näringsvärde": "Energi (kJ)",
        "100 Gram": "285 kJ"
      },
      {
        "Näringsvärde": "Fett",
        "100 Gram": "1.4 g"
      },
      {
        "Näringsvärde": "Varav mättat fett",
        "100 Gram": "0.4 g"
      },
      {
        "Näringsvärde": "Kolhydrat",
        "100 Gram": "0.7 g"
      },
      {
        "Näringsvärde": "Varav sockerarter",
        "100 Gram": "0 g"
      },
      {
        "Näringsvärde": "Fiber",
        "100 Gram": "0 g"
      },
      {
        "Näringsvärde": "Protein",
        "100 Gram": "13 g"
      },
      {
        "Näringsvärde": "Salt",
        "100 Gram": "1.24 g"
      }
    ],
    "nutritionUnitText": "Näringsvärde per 100 gram",
    "categories": {
      "mainCategory": "Fryst",
      "subCategories": [
        {
          "name": "Fryst fisk & Skaldjur",
          "subSubCategories": [
            "Frysta skaldjursdelikatesser"
          ]
        }
      ]
    }
  },
  {
    "name": "Lax & Ostburgare Färsk 220g ICA",
    "weightText": "0.22 kg",
    "caPart": "",
    "weightValue": 0.22,
    "weightUnit": "kg",
    "comparePrice": "167,95 kr/kg",
    "currentPrice": 36.95,
    "attributes": [
      "Nyckelhålet"
    ],
    "imgUrl": "https://handlaprivatkund.ica.se/images-v3/bf7a00ca-390e-4769-865f-dc369586872e/d655f36f-a00d-4094-bb8f-0c28cf86af7d/500x500.jpg",
    "productInformation": "En saftig och god laxburgare med krämig ost. Passar perfekt med hamburgerbröd, färska kryddor, crème fraiche och soltorkade tomater. Upptäck även våra två andra fiskburgare; Laxburgare med koriander & chili och Västkustburgare.",
    "countryText": "",
    "companyText": "ICA",
    "ingrediensText": "LAX* (Salmo salar) 70%, potatis, cheddarost 3,5% (MJÖLK, salt, potatisstärkelse, syrningskultur, mjölkkoagulerande enzym (mikrobiellt), färgämne (E160b)), soltorkade tomater 2,3% (Tomat, havssalt, konserveringsmedel (E223)), mozzarellaost 1,5%(MJÖLK, salt, potatisstärkelse, syrningskultur, mjölkkoagulerande enzym (mikrobiellt)), ÄGG, basilika, lökpulver, citronjuice, salt, vitpeppar.*Odlad i Norge.Enstaka ben kan förekomma.",
    "storage": "",
    "allergens": "",
    "usage": "",
    "nutrition": [
      {
        "Näringsvärde": "Energi (kcal)",
        "100 Gram": "209 kcal"
      },
      {
        "Näringsvärde": "Energi (kJ)",
        "100 Gram": "872 kJ"
      },
      {
        "Näringsvärde": "Fett",
        "100 Gram": "13 g"
      },
      {
        "Näringsvärde": "Varav mättat fett",
        "100 Gram": "3.4 g"
      },
      {
        "Näringsvärde": "Kolhydrat",
        "100 Gram": "5 g"
      },
      {
        "Näringsvärde": "Varav sockerarter",
        "100 Gram": "0 g"
      },
      {
        "Näringsvärde": "Protein",
        "100 Gram": "18 g"
      },
      {
        "Näringsvärde": "Salt",
        "100 Gram": "0.9 g"
      },
      {
        "Näringsvärde": "Vitamin D",
        "100 Gram": "7 µg",
        "% av DRI(*)": "140"
      }
    ],
    "nutritionUnitText": "Näringsvärde per 100 gram",
    "categories": {
      "mainCategory": "Fisk & Skaldjur",
      "subCategories": [
        {
          "name": "Färdiga fiskrätter",
          "subSubCategories": [
            "Fiskburgare"
          ]
        }
      ]
    }
  },
  {
    "name": "Räkor i Lake 170g ICA Basic",
    "weightText": "0.17 kg",
    "caPart": "",
    "weightValue": 0.17,
    "weightUnit": "kg",
    "comparePrice": "229,12 kr/kg u. spad",
    "currentPrice": 38.95,
    "attributes": [
      "MSC-märkt"
    ],
    "imgUrl": "https://handlaprivatkund.ica.se/images-v3/bf7a00ca-390e-4769-865f-dc369586872e/71ee3dee-c19c-40c9-8a8a-857423e1d6a7/500x500.jpg",
    "productInformation": "Räkor i saltlake. Passar bra i matlagningen; i soppor, pajer och grytor samt i stuvning till varma mackor och crepes.",
    "countryText": "",
    "companyText": "ICA Basic",
    "ingrediensText": "INGREDIENSER: RÄKOR*  (Pandalus jordani), vatten, salt, socker, konserveringsmedel (E202, E211), surhetsreglerande medel (E330). *Räkor fångade med trålar i Nordöstra Stilla havet FAO 67. Kan innehålla spår av fisk och blötdjur.",
    "storage": "",
    "allergens": "Kan innehålla spår av Fisk, Blötdjur.",
    "usage": "",
    "nutrition": [
      {
        "Näringsvärde": "Energi (kcal)",
        "100 Gram": "64 kcal"
      },
      {
        "Näringsvärde": "Energi (kJ)",
        "100 Gram": "272 kJ"
      },
      {
        "Näringsvärde": "Fett",
        "100 Gram": "0.9 g"
      },
      {
        "Näringsvärde": "Varav mättat fett",
        "100 Gram": "0.5 g"
      },
      {
        "Näringsvärde": "Kolhydrat",
        "100 Gram": "0.5 g"
      },
      {
        "Näringsvärde": "Varav sockerarter",
        "100 Gram": "0.5 g"
      },
      {
        "Näringsvärde": "Protein",
        "100 Gram": "14 g"
      },
      {
        "Näringsvärde": "Salt",
        "100 Gram": "2.25 g"
      }
    ],
    "nutritionUnitText": "Näringsvärde per 100 gram",
    "categories": {
      "mainCategory": "Jul",
      "subCategories": [
        {
          "name": "Julmat",
          "subSubCategories": [
            "Ägg, Räkor & Majonnäs"
          ]
        }
      ]
    }
  },
  {
    "name": "Jansons frestelse Fryst 350g Fiskeriet",
    "weightText": "0.35 kg",
    "caPart": "",
    "weightValue": 0.35,
    "weightUnit": "kg",
    "comparePrice": "108,43 kr/kg",
    "currentPrice": 37.95,
    "attributes": [
      "Glutenfritt",
      "MSC-märkt"
    ],
    "imgUrl": "https://handlaprivatkund.ica.se/images-v3/bf7a00ca-390e-4769-865f-dc369586872e/48f3a2db-ce51-4da1-af91-c3e4cac20c14/500x500.jpg",
    "productInformation": "Fiskeriet Jansons Frestelse är glutenfri och tillagad enligt klassiskt recept med potatis, lök och ansjovis. Förberedd i aluminiumtråg för enkel tillagning - bara att sätta in i ugnen, direkt från frysen. En klassisk Jansons frestelse är ett givet inslag på många buffébord, vid högtider, speciellt runt jul! Fiskeriets tips! Servera tillsammans med grönsallad, knäckebröd och en god lagrad ost.",
    "countryText": "",
    "companyText": "Fiskeriet",
    "ingrediensText": "INGREDIENSER: Potatis (39%), vatten, GRÄDDPULVER, ansjoviskryddad SILLFILÉ* (Clupeaharengus) (9%) (vatten, socker, salt, ättika, kryddor ochkonserveringsmedel (E211)), lök, SMÖR, modifierad majsstärkelse och salt. * Trålfiskad i Skagerack och Kattegatt.",
    "storage": "Lägsta förvaringstemperatur -25°C Högsta förvaringstemperatur -18°C",
    "allergens": "Innehåller Mjölk Innehåller Fisk",
    "usage": "",
    "nutrition": [
      {
        "Näringsvärde": "Energi (kcal)",
        "100 Gram": "137 kcal"
      },
      {
        "Näringsvärde": "Energi (kJ)",
        "100 Gram": "575 kJ"
      },
      {
        "Näringsvärde": "Fett",
        "100 Gram": "5.2 g"
      },
      {
        "Näringsvärde": "Varav mättat fett",
        "100 Gram": "3.7 g"
      },
      {
        "Näringsvärde": "Kolhydrat",
        "100 Gram": "19 g"
      },
      {
        "Näringsvärde": "Varav sockerarter",
        "100 Gram": "7.6 g"
      },
      {
        "Näringsvärde": "Protein",
        "100 Gram": "3.5 g"
      },
      {
        "Näringsvärde": "Salt",
        "100 Gram": "1 g"
      }
    ],
    "nutritionUnitText": "Näringsvärde per 100 gram",
    "categories": {
      "mainCategory": "Fryst",
      "subCategories": [
        {
          "name": "Fryst färdigmat",
          "subSubCategories": [
            "Frysta portionsrätter",
            "Fryst flerportion"
          ]
        }
      ]
    }
  },
  {
    "name": "Drömsill 250g Fiskexporten",
    "weightText": "0.25 kg",
    "caPart": "",
    "weightValue": 0.25,
    "weightUnit": "kg",
    "comparePrice": "126,00 kr/kg",
    "currentPrice": 31.5,
    "attributes": [],
    "imgUrl": "https://handlaprivatkund.ica.se/images-v3/bf7a00ca-390e-4769-865f-dc369586872e/8fd9362f-7a78-46ea-80d7-c215f20beb79/500x500.jpg",
    "productInformation": "",
    "countryText": "",
    "companyText": "Fiskexporten",
    "ingrediensText": "Ingredienser: SILL (Clupea harengus, fiskad i Nordostatlanten FAO27, med not och trål) rapsolja, vatten, röd lök, STENBITSROM (Cyclopterus lumpus), socker, ÄGGULA, tomatpuré, salt, dill, ättika, SENAPSFRÖ, kryddor, citronkoncentrat, surhetsreglerande medel (mjölksyra, citronsyra), förtjockningsmedel (guarkärnmjöl, xantangummi), konserveringsmedel (kaliumsorbat, natriumbensoat), sherry, färgämne (karmin, betakaroten).",
    "storage": "",
    "allergens": "",
    "usage": "",
    "nutrition": [
      {
        "Näringsvärde": "Energi (kcal)",
        "100 Gram": "310 kcal"
      },
      {
        "Näringsvärde": "Energi (kJ)",
        "100 Gram": "1297 kJ"
      },
      {
        "Näringsvärde": "Fett",
        "100 Gram": "24 g"
      },
      {
        "Näringsvärde": "Varav mättat fett",
        "100 Gram": "2.9 g"
      },
      {
        "Näringsvärde": "Kolhydrat",
        "100 Gram": "15 g"
      },
      {
        "Näringsvärde": "Varav sockerarter",
        "100 Gram": "14 g"
      },
      {
        "Näringsvärde": "Protein",
        "100 Gram": "9 g"
      },
      {
        "Näringsvärde": "Salt",
        "100 Gram": "2.4 g"
      }
    ],
    "nutritionUnitText": "Näringsvärde per 100 gram",
    "categories": {
      "mainCategory": "Fisk & Skaldjur",
      "subCategories": [
        {
          "name": "Sill & Ansjovis",
          "subSubCategories": [
            "Inlagd sill"
          ]
        }
      ]
    }
  },
  {
    "name": "Bohusmatjes 215g Abba",
    "weightText": "0.125 kg",
    "caPart": "",
    "weightValue": 0.125,
    "weightUnit": "kg",
    "comparePrice": "175,60 kr/kg u. spad",
    "currentPrice": 21.95,
    "attributes": [],
    "imgUrl": "https://handlaprivatkund.ica.se/images-v3/bf7a00ca-390e-4769-865f-dc369586872e/b474c1d8-4625-4adb-af59-f4e776e520d6/500x500.jpg",
    "productInformation": "Abba Bohusmatjes har en kraftigt kryddig smak och är smakrikast i vårt sortiment av matjes. Bohusmatjes innehåller sill (Clupea harengus) av högsta kvalitet som fiskas i Nordostatlanten och som enbart kommer från livskraftiga bestånd. Sillen får mogna i tunnor med en kryddlag i vårt bergrum i Kungshamn på bohuslänska västkusten tills att den smakar som allra bäst och är redo att njutas av! Matjessill har en given plats vid midsommarfirandet eller äts som den är tillsammans med färsk potatis, gräddfil, gräslök och lite brynt smör. Den här matjesburken är märkt med symbolen lågt klimatavtryck, vill du veta mer? Läs mer på abba.se",
    "countryText": "",
    "companyText": "Abba",
    "ingrediensText": "SILL i bitar, socker, salt, ättika, kryddor (bl.a. kanel, muskotblomma, padoukträ), dill, naturlig arom (innehåller lök), röd padoukextrakt, konserveringsmedel (natriumbensoat, kaliumsorbat).",
    "storage": "I kylskåp max 8 °C",
    "allergens": "",
    "usage": "",
    "nutrition": [
      {
        "Näringsvärde": "Energi (kcal)",
        "100 Gram": "227 kcal"
      },
      {
        "Näringsvärde": "Energi (kJ)",
        "100 Gram": "947 kJ"
      },
      {
        "Näringsvärde": "Fett",
        "100 Gram": "12 g"
      },
      {
        "Näringsvärde": "Varav mättat fett",
        "100 Gram": "3.3 g"
      },
      {
        "Näringsvärde": "Kolhydrat",
        "100 Gram": "18 g"
      },
      {
        "Näringsvärde": "Varav sockerarter",
        "100 Gram": "17 g"
      },
      {
        "Näringsvärde": "Protein",
        "100 Gram": "11 g"
      },
      {
        "Näringsvärde": "Salt",
        "100 Gram": "6.3 g"
      }
    ],
    "nutritionUnitText": "Näringsvärde per 100 gram",
    "categories": {
      "mainCategory": "Fisk & Skaldjur",
      "subCategories": [
        {
          "name": "Sill & Ansjovis",
          "subSubCategories": [
            "Inlagd sill"
          ]
        }
      ]
    }
  },
  {
    "name": "Räkor Färska Rökta med aioli 350g ICA",
    "weightText": "0.35 kg",
    "caPart": "",
    "weightValue": 0.35,
    "weightUnit": "kg",
    "comparePrice": "248,43 kr/kg",
    "currentPrice": 86.95,
    "attributes": [
      "Nyckelhålet",
      "MSC-märkt"
    ],
    "imgUrl": "https://handlaprivatkund.ica.se/images-v3/bf7a00ca-390e-4769-865f-dc369586872e/fccd73b2-5fae-49fa-bcb7-c799adbce047/500x500.jpg",
    "productInformation": "MSC märkta kokta och rökta räkor tillsammans med burk aioli. Smidigt i farten och färdigt att äta. Varför inte på en picknick på stranden tillsammans med ett gott bröd? Tips! Glöm inte att köpa till våtservetter.",
    "countryText": "",
    "companyText": "ICA",
    "ingrediensText": "Ingredienser: Rökta räkor 86% (räkor* (Pandalus borealis), salt), aioli 14% (majonnäs (rapsolja, äggula, gula senapsfrön, vinättika, kryddor, stabiliseringsmedel (E466)), vinäger, vitlök, salt, vitpeppar, lökpulver, konserveringsmedel (E211, E202)).",
    "storage": "Lägsta förvaringstemperatur 0°C Högsta förvaringstemperatur 4°C",
    "allergens": "Innehåller Kräftdjur Kan innehålla Fisk Innehåller Ägg Innehåller Senap",
    "usage": "",
    "nutrition": [
      {
        "Näringsvärde": "Energi (kcal)",
        "100 Gram": "200 kcal"
      },
      {
        "Näringsvärde": "Energi (kJ)",
        "100 Gram": "850 kJ"
      },
      {
        "Näringsvärde": "Fett",
        "100 Gram": "12 g"
      },
      {
        "Näringsvärde": "Varav mättat fett",
        "100 Gram": "2.6 g"
      },
      {
        "Näringsvärde": "Kolhydrat",
        "100 Gram": "2.6 g"
      },
      {
        "Näringsvärde": "Varav sockerarter",
        "100 Gram": "0 g"
      },
      {
        "Näringsvärde": "Protein",
        "100 Gram": "21 g"
      },
      {
        "Näringsvärde": "Salt",
        "100 Gram": "2.2 g"
      }
    ],
    "nutritionUnitText": "Näringsvärde per 100 gram",
    "categories": {
      "mainCategory": "Jul",
      "subCategories": [
        {
          "name": "Julmat",
          "subSubCategories": [
            "Ägg, Räkor & Majonnäs"
          ]
        }
      ]
    }
  },
  {
    "name": "Tonfisk Färsk MSC 260g ICA",
    "weightText": "0.26 kg",
    "caPart": "",
    "weightValue": 0.26,
    "weightUnit": "kg",
    "comparePrice": "396,15 kr/kg",
    "currentPrice": 103,
    "attributes": [
      "Nyckelhålet",
      "MSC-märkt"
    ],
    "imgUrl": "https://handlaprivatkund.ica.se/images-v3/bf7a00ca-390e-4769-865f-dc369586872e/c2934e6e-5766-44dc-8e22-3e93c8b5fbf0/500x500.jpg",
    "productInformation": "",
    "countryText": "",
    "companyText": "ICA",
    "ingrediensText": "TONFISK* (Thunnus albacares) Enstaka ben kan förekomma. *För ingredienser samt fångstområde och fiskeredskap se tryck på etikett.",
    "storage": "",
    "allergens": "",
    "usage": "",
    "nutrition": [
      {
        "Näringsvärde": "Energi (kcal)",
        "100 Gram": "97 kcal"
      },
      {
        "Näringsvärde": "Energi (kJ)",
        "100 Gram": "408 kJ"
      },
      {
        "Näringsvärde": "Fett",
        "100 Gram": "1.3 g"
      },
      {
        "Näringsvärde": "Varav mättat fett",
        "100 Gram": "0.5 g"
      },
      {
        "Näringsvärde": "Kolhydrat",
        "100 Gram": "0 g"
      },
      {
        "Näringsvärde": "Varav sockerarter",
        "100 Gram": "0 g"
      },
      {
        "Näringsvärde": "Protein",
        "100 Gram": "21 g"
      },
      {
        "Näringsvärde": "Salt",
        "100 Gram": "0.97 g"
      }
    ],
    "nutritionUnitText": "Näringsvärde per 100 gram",
    "categories": {
      "mainCategory": "Fisk & Skaldjur",
      "subCategories": [
        {
          "name": "Fisk",
          "subSubCategories": [
            "Övrig fisk",
            "Övrig färsk fisk"
          ]
        }
      ]
    }
  },
  {
    "name": "Kräftstjärtar med dillsmak i lake 400g ICA",
    "weightText": "0.4 kg",
    "caPart": "",
    "weightValue": 0.4,
    "weightUnit": "kg",
    "comparePrice": "287,50 kr/kg u. spad",
    "currentPrice": 115,
    "attributes": [],
    "imgUrl": "https://handlaprivatkund.ica.se/images-v3/bf7a00ca-390e-4769-865f-dc369586872e/edc44f04-cb86-40dc-85e7-1243c832488d/500x500.jpg",
    "productInformation": "",
    "countryText": "",
    "companyText": "ICA",
    "ingrediensText": "INGREDIENSER KRÄFTSTJÄRTAR (Procambarus clarkii), vatten, salt, socker, konserveringsmedel (E211, E202), surhetsreglerande medel (E330, E331), dillarom. Kräftor fångade i sötvatten med tinor och fällor i Kina.",
    "storage": "",
    "allergens": "",
    "usage": "Öppnad förpackning konsumeras inom 3 dagar.",
    "nutrition": [
      {
        "Näringsvärde": "Energi (kcal)",
        "100 Gram": "71 kcal"
      },
      {
        "Näringsvärde": "Energi (kJ)",
        "100 Gram": "296 kJ"
      },
      {
        "Näringsvärde": "Fett",
        "100 Gram": "0.5 g"
      },
      {
        "Näringsvärde": "Varav mättat fett",
        "100 Gram": "0.5 g"
      },
      {
        "Näringsvärde": "Kolhydrat",
        "100 Gram": "0.8 g"
      },
      {
        "Näringsvärde": "Varav sockerarter",
        "100 Gram": "0 g"
      },
      {
        "Näringsvärde": "Protein",
        "100 Gram": "16 g"
      },
      {
        "Näringsvärde": "Salt",
        "100 Gram": "2.4 g"
      }
    ],
    "nutritionUnitText": "Näringsvärde per 100 gram",
    "categories": {
      "mainCategory": "Fisk & Skaldjur",
      "subCategories": [
        {
          "name": "Skaldjur",
          "subSubCategories": [
            "Kräftor",
            "Kräftstjärtar i lake"
          ]
        }
      ]
    }
  },
  {
    "name": "Tångcaviar svart 70g ICA",
    "weightText": "0.07 kg",
    "caPart": "",
    "weightValue": 0.07,
    "weightUnit": "kg",
    "comparePrice": "292,86 kr/kg",
    "currentPrice": 20.5,
    "attributes": [],
    "imgUrl": "https://handlaprivatkund.ica.se/images-v3/bf7a00ca-390e-4769-865f-dc369586872e/b68f2301-d2aa-42fa-996f-90bd677b56c2/500x500.jpg",
    "productInformation": "Svart caviar som är gjord på havstångextrakt och är vegansk. Används på samma sätt som klassisk romcaviar.",
    "countryText": "",
    "companyText": "ICA",
    "ingrediensText": "Havstångextrakt 83%, vatten, salt, kryddor (extrakt av cayenne, peppar, gurkmeja, lagerblad, purjolök), aromer (dill, dragon), surhetsreglerande medel (E330), stabiliseringsmedel (E415), konserveringsmedel (E211, E202), färgämne (E153).).",
    "storage": "",
    "allergens": "",
    "usage": "",
    "nutrition": [
      {
        "Näringsvärde": "Energi (kcal)",
        "100 Gram": "13 kcal"
      },
      {
        "Näringsvärde": "Energi (kJ)",
        "100 Gram": "54 kJ"
      },
      {
        "Näringsvärde": "Fett",
        "100 Gram": "0.5 g"
      },
      {
        "Näringsvärde": "Varav mättat fett",
        "100 Gram": "0 g"
      },
      {
        "Näringsvärde": "Kolhydrat",
        "100 Gram": "1 g"
      },
      {
        "Näringsvärde": "Varav sockerarter",
        "100 Gram": "0 g"
      },
      {
        "Näringsvärde": "Protein",
        "100 Gram": "1 g"
      },
      {
        "Näringsvärde": "Salt",
        "100 Gram": "4 g"
      }
    ],
    "nutritionUnitText": "Näringsvärde per 100 gram",
    "categories": {
      "mainCategory": "Fisk & Skaldjur",
      "subCategories": [
        {
          "name": "Kaviar & Rom",
          "subSubCategories": [
            "Färsk rom"
          ]
        }
      ]
    }
  },
  {
    "name": "Bläckfiskringar Fryst 250g Pandalus",
    "weightText": "0.25 kg",
    "caPart": "",
    "weightValue": 0.25,
    "weightUnit": "kg",
    "comparePrice": "147,80 kr/kg",
    "currentPrice": 36.95,
    "attributes": [],
    "imgUrl": "https://handlaprivatkund.ica.se/images-v3/bf7a00ca-390e-4769-865f-dc369586872e/f0814eda-8f0b-4307-838e-ee5dabb7cc0c/500x500.jpg",
    "productInformation": "Panerade bläckfiskringar med bra spänst. Stek eller fritera dem frasiga i olja. Servera som plockmat eller huvudrätt med aioli och citron.",
    "countryText": "",
    "companyText": "Pandalus",
    "ingrediensText": "Ingredienser: Förfriterad, tioarmad BLÄCKFISK (Illex argentinus) 35 %, VETEMJÖL, vatten, solrosolja, bakpulver E 450 (i), E 500 (ii), salt, färgämne E 101.",
    "storage": "Lägsta förvaringstemperatur -25°C Högsta förvaringstemperatur -18°C",
    "allergens": "Innehåller Blötdjur Innehåller Spannmål som innehåller gluten",
    "usage": "",
    "nutrition": [
      {
        "Näringsvärde": "Energi (kcal)",
        "100 Gram": "195 kcal"
      },
      {
        "Näringsvärde": "Energi (kJ)",
        "100 Gram": "819 kJ"
      },
      {
        "Näringsvärde": "Fett",
        "100 Gram": "7.8 g"
      },
      {
        "Näringsvärde": "Varav mättat fett",
        "100 Gram": "0.95 g"
      },
      {
        "Näringsvärde": "Kolhydrat",
        "100 Gram": "24.5 g"
      },
      {
        "Näringsvärde": "Varav sockerarter",
        "100 Gram": "2.5 g"
      },
      {
        "Näringsvärde": "Protein",
        "100 Gram": "6.4 g"
      },
      {
        "Näringsvärde": "Salt",
        "100 Gram": "1.9 g"
      }
    ],
    "nutritionUnitText": "Näringsvärde per 100 gram",
    "categories": {
      "mainCategory": "Fryst",
      "subCategories": [
        {
          "name": "Fryst fisk & Skaldjur",
          "subSubCategories": [
            "Frysta skaldjursdelikatesser"
          ]
        }
      ]
    }
  },
  {
    "name": "Hummer Fryst 370g ICA",
    "weightText": "0.37 kg",
    "caPart": "",
    "weightValue": 0.37,
    "weightUnit": "kg",
    "comparePrice": "383,78 kr/kg",
    "currentPrice": 142,
    "attributes": [
      "Nyckelhålet",
      "MSC-märkt"
    ],
    "imgUrl": "https://handlaprivatkund.ica.se/images-v3/bf7a00ca-390e-4769-865f-dc369586872e/52e99cb7-1d6c-433a-914d-dfb8bbc6b9ee/500x500.jpg",
    "productInformation": "ICAs Hummer är förkokt och kan serveras som den är eller enkelt gratineras på en toast eller varför inte tillaga en hummersoppa.",
    "countryText": "",
    "companyText": "ICA",
    "ingrediensText": "Ingredienser: AMERIKANSK HUMMER* (Homarus americanus), salt.",
    "storage": "I frysutrymme (-18°C eller kallare) Lägsta förvaringstemperatur -25°C Högsta förvaringstemperatur -18°C",
    "allergens": "Innehåller Kräftdjur",
    "usage": "",
    "nutrition": [
      {
        "Näringsvärde": "Energi (kcal)",
        "100 Gram": "90 kcal"
      },
      {
        "Näringsvärde": "Energi (kJ)",
        "100 Gram": "370 kJ"
      },
      {
        "Näringsvärde": "Fett",
        "100 Gram": "0.9 g"
      },
      {
        "Näringsvärde": "Varav mättat fett",
        "100 Gram": "0.5 g"
      },
      {
        "Näringsvärde": "Kolhydrat",
        "100 Gram": "0 g"
      },
      {
        "Näringsvärde": "Varav sockerarter",
        "100 Gram": "0 g"
      },
      {
        "Näringsvärde": "Protein",
        "100 Gram": "19 g"
      },
      {
        "Näringsvärde": "Salt",
        "100 Gram": "1.2 g"
      }
    ],
    "nutritionUnitText": "Näringsvärde per 100 gram",
    "categories": {
      "mainCategory": "Fryst",
      "subCategories": [
        {
          "name": "Fryst fisk & Skaldjur",
          "subSubCategories": [
            "Frysta skaldjursdelikatesser"
          ]
        }
      ]
    }
  },
  {
    "name": "Lax Färsk Varmrökt 125g ICA Basic",
    "weightText": "0.125 kg",
    "caPart": "",
    "weightValue": 0.125,
    "weightUnit": "kg",
    "comparePrice": "343,60 kr/kg",
    "currentPrice": 42.95,
    "attributes": [
      "Nyckelhålet"
    ],
    "imgUrl": "https://handlaprivatkund.ica.se/images-v3/bf7a00ca-390e-4769-865f-dc369586872e/bff71d36-7bbd-4007-9f45-842c4598b99e/500x500.jpg",
    "productInformation": "Varmökt lax svartpeppar i portionsbit av varierande utseende och form. Genom detta kan vi ta tillvara på fler delar av laxsidan.",
    "countryText": "",
    "companyText": "ICA Basic",
    "ingrediensText": "LAXFILÉ* 99% (Salmo salar), salt. *Odlad i Norge.",
    "storage": "Kylvara",
    "allergens": "",
    "usage": "Bäst före-datum gäller för oöppnad förpackning. Mat som förvaras rätt håller oftast längre. Titta, lukta och smaka istället för att låta datumet avgöra! \n \n Enstaka ben kan förekomma.",
    "nutrition": [
      {
        "Näringsvärde": "Energi (kcal)",
        "100 Gram": "231 kcal"
      },
      {
        "Näringsvärde": "Energi (kJ)",
        "100 Gram": "960 kJ"
      },
      {
        "Näringsvärde": "Fett",
        "100 Gram": "16 g"
      },
      {
        "Näringsvärde": "Varav mättat fett",
        "100 Gram": "2.4 g"
      },
      {
        "Näringsvärde": "Kolhydrat",
        "100 Gram": "0 g"
      },
      {
        "Näringsvärde": "Varav sockerarter",
        "100 Gram": "0 g"
      },
      {
        "Näringsvärde": "Protein",
        "100 Gram": "21 g"
      },
      {
        "Näringsvärde": "Salt",
        "100 Gram": "1.4 g"
      }
    ],
    "nutritionUnitText": "Näringsvärde per 100 gram",
    "categories": {
      "mainCategory": "Fisk & Skaldjur",
      "subCategories": [
        {
          "name": "Fisk",
          "subSubCategories": [
            "Lax",
            "Rökt lax"
          ]
        }
      ]
    }
  },
  {
    "name": "Inläggningssill 430g Abba",
    "weightText": "0.19 kg",
    "caPart": "",
    "weightValue": 0.19,
    "weightUnit": "kg",
    "comparePrice": "207,89 kr/kg u. spad",
    "currentPrice": 39.5,
    "attributes": [],
    "imgUrl": "https://handlaprivatkund.ica.se/images-v3/bf7a00ca-390e-4769-865f-dc369586872e/8af84b1f-65a3-4b60-acd4-6109c254489d/500x500.jpg",
    "productInformation": "Vill du göra egen sill på riktigt husmorsvis? Abba Inläggningssill en klassisk urvattnad sill som man lägger in i en 1-2-3-lag i några dygn för att skapa magiska sillinläggningar. Inlagd sill passar lika bra till jul, påsk och midsommar som till en god snabblagad lunch eller middag. Vår inläggningssill består av en urvattnad saltsill (Clupea harengus) av högsta kvalitet som fiskas i Nordostatlanten och som enbart kommer från livskraftiga bestånd. Sillen lagras i vårt bergrum i Kungshamn på bohuslänska västkusten innan den hamnar i förpackningen. Den här sillen är märkt med symbolen lågt klimatavtryck, vill du veta mer? Läs mer på abba.se. Är du ute efter ?det riktiga sättet? att lägga in sill på? Då har du hittat rätt produkt!",
    "countryText": "",
    "companyText": "Abba",
    "ingrediensText": "SILLfiléer utan skinn, salt, ättika, konserveringsmedel (natriumbensoat).",
    "storage": "I kylskåp max 8 °C",
    "allergens": "",
    "usage": "",
    "nutrition": [
      {
        "Näringsvärde": "Energi (kcal)",
        "100 Gram": "206 kcal"
      },
      {
        "Näringsvärde": "Energi (kJ)",
        "100 Gram": "857 kJ"
      },
      {
        "Näringsvärde": "Fett",
        "100 Gram": "16 g"
      },
      {
        "Näringsvärde": "Varav mättat fett",
        "100 Gram": "4.2 g"
      },
      {
        "Näringsvärde": "Kolhydrat",
        "100 Gram": "0.7 g"
      },
      {
        "Näringsvärde": "Varav sockerarter",
        "100 Gram": "0 g"
      },
      {
        "Näringsvärde": "Protein",
        "100 Gram": "15 g"
      },
      {
        "Näringsvärde": "Salt",
        "100 Gram": "7.6 g"
      }
    ],
    "nutritionUnitText": "Näringsvärde per 100 gram",
    "categories": {
      "mainCategory": "Jul",
      "subCategories": [
        {
          "name": "Julmat",
          "subSubCategories": [
            "Sill, Ansjovis & Potatis"
          ]
        }
      ]
    }
  },
  {
    "name": "Fransk löksill 500g Abba",
    "weightText": "0.25 kg",
    "caPart": "",
    "weightValue": 0.25,
    "weightUnit": "kg",
    "comparePrice": "179,80 kr/kg u. spad",
    "currentPrice": 44.95,
    "attributes": [],
    "imgUrl": "https://handlaprivatkund.ica.se/images-v3/bf7a00ca-390e-4769-865f-dc369586872e/ae873dcd-19a6-4fa2-bd1f-62c83d541262/500x500.jpg",
    "productInformation": "Abba Fransk Löksill 500g är en stor burk fylld med sill i en klar lag som är smaksatt med lök, kryddpeppar och rödvinsvinäger. Den här produkten innehåller sill (Clupea harengus) av högsta kvalitet som fiskas i Nordostatlanten och som enbart kommer från livskraftiga bestånd. Sillen lagras i vårt bergrum i Kungshamn på bohuslänska västkusten innan vi lägger in den med utvalda kryddor och smaksättningar för att du ska kunna njuta av din favorit. Sill passar lika bra till jul, påsk och midsommar som till en god snabblagad lunch eller middag eller varför inte brunch? Den här sillburken är märkt med symbolen lågt klimatavtryck, vill du veta mer? Läs mer på abba.se",
    "countryText": "",
    "companyText": "Abba",
    "ingrediensText": "SILL i bitar, socker, lök (17%), salt, kryddpeppar, rödvinsvinäger, rapsolja, naturlig arom (innehåller kanel), syra (ättiksyra), ko nserveringsmedel (natriumbensoat, kaliumsorbat), förtjockningsmedel (xantangummi).",
    "storage": "I kylskåp max 8 °C. Öppnad produkt smakar bäst inom 14 dagar",
    "allergens": "",
    "usage": "",
    "nutrition": [
      {
        "Näringsvärde": "Energi (kcal)",
        "100 Gram": "254 kcal"
      },
      {
        "Näringsvärde": "Energi (kJ)",
        "100 Gram": "1063 kJ"
      },
      {
        "Näringsvärde": "Fett",
        "100 Gram": "13 g"
      },
      {
        "Näringsvärde": "Varav mättat fett",
        "100 Gram": "3.4 g"
      },
      {
        "Näringsvärde": "Kolhydrat",
        "100 Gram": "23 g"
      },
      {
        "Näringsvärde": "Varav sockerarter",
        "100 Gram": "23 g"
      },
      {
        "Näringsvärde": "Protein",
        "100 Gram": "11 g"
      },
      {
        "Näringsvärde": "Salt",
        "100 Gram": "3.2 g"
      }
    ],
    "nutritionUnitText": "Näringsvärde per 100 gram",
    "categories": {
      "mainCategory": "Fisk & Skaldjur",
      "subCategories": [
        {
          "name": "Sill & Ansjovis",
          "subSubCategories": [
            "Inlagd sill"
          ]
        }
      ]
    }
  },
  {
    "name": "Brantevikssill 420g Klädesholmen",
    "weightText": "0.2 kg",
    "caPart": "",
    "weightValue": 0.2,
    "weightUnit": "kg",
    "comparePrice": "204,75 kr/kg u. spad",
    "currentPrice": 40.95,
    "attributes": [],
    "imgUrl": "https://handlaprivatkund.ica.se/images-v3/bf7a00ca-390e-4769-865f-dc369586872e/1993d8f7-5b7f-435a-b01b-1196e8d9488a/500x500.jpg",
    "productInformation": "Klädesholmen Premium Brantevikssill 420g GlasKlädesholmens egna tappning av den skånska klassikern. Kryddad med mycket lök och dill samt lagerblad och citronpeppar.",
    "countryText": "",
    "companyText": "Klädesholmen",
    "ingrediensText": "INGREDIENSER: Marinerad SILL (Clupea harengus) i bitar (SILL, ättika, salt, socker), socker, vatten, lök 11%, dill, citronpeppar (kryddor, surhetsreglerandemedel (E330), socker, lök, citronjuicepulver), ättika, kryddor, konserveringsmedel (E211).",
    "storage": "",
    "allergens": "",
    "usage": "",
    "nutrition": [
      {
        "Näringsvärde": "Energi (kcal)",
        "100 Gram": "230 kcal"
      },
      {
        "Näringsvärde": "Energi (kJ)",
        "100 Gram": "950 kJ"
      },
      {
        "Näringsvärde": "Fett",
        "100 Gram": "8.9 g"
      },
      {
        "Näringsvärde": "Varav fleromättat fett",
        "100 Gram": "2.6 g"
      },
      {
        "Näringsvärde": "Varav mättat fett",
        "100 Gram": "2.4 g"
      },
      {
        "Näringsvärde": "Varav enkelomättat fett",
        "100 Gram": "3.1 g"
      },
      {
        "Näringsvärde": "Kolhydrat",
        "100 Gram": "29 g"
      },
      {
        "Näringsvärde": "Varav sockerarter",
        "100 Gram": "21 g"
      },
      {
        "Näringsvärde": "Protein",
        "100 Gram": "7.7 g"
      },
      {
        "Näringsvärde": "Salt",
        "100 Gram": "1.9 g"
      }
    ],
    "nutritionUnitText": "Näringsvärde per 100 gram",
    "categories": {
      "mainCategory": "Fisk & Skaldjur",
      "subCategories": [
        {
          "name": "Sill & Ansjovis",
          "subSubCategories": [
            "Inlagd sill"
          ]
        }
      ]
    }
  },
  {
    "name": "Crispy fish 480g ICA",
    "weightText": "0.48 kg",
    "caPart": "",
    "weightValue": 0.48,
    "weightUnit": "kg",
    "comparePrice": "106,15 kr/kg",
    "currentPrice": 50.95,
    "attributes": [
      "MSC-märkt"
    ],
    "imgUrl": "https://handlaprivatkund.ica.se/images-v3/bf7a00ca-390e-4769-865f-dc369586872e/3b19a07a-5331-4c25-8cee-2c55a294fb9d/500x500.jpg",
    "productInformation": "ICA Crispy Fish är tempurapanerade fiskfiléer från kummel. Enkla att tillaga i ugnen och passar utmärkt till Fish and Chips, potatismos eller fisk-tacos.",
    "countryText": "",
    "companyText": "ICA",
    "ingrediensText": "STILLAHAVSKUMMEL* (Merluccius productus) 54 %, vatten, ströbröd (VETEMJÖL, jäst, salt, druvsocker), tempura (VETEMJÖL, majsstärkelse, salt, VETESTÄRKELSE, bakpulver (E450i, E500ii), druvsocker), rapsolja, lök, salt. *Fiskad med trål. Fångstzon Nordöstra Stilla Havet FAO67.",
    "storage": "Lägsta förvaringstemperatur -25°C Högsta förvaringstemperatur -18°C",
    "allergens": "Innehåller Fisk Innehåller Spannmål som innehåller gluten",
    "usage": "",
    "nutrition": [
      {
        "Näringsvärde": "Energi (kcal)",
        "100 Gram": "189 kcal"
      },
      {
        "Näringsvärde": "Energi (kJ)",
        "100 Gram": "793 kJ"
      },
      {
        "Näringsvärde": "Fett",
        "100 Gram": "9 g"
      },
      {
        "Näringsvärde": "Varav mättat fett",
        "100 Gram": "0.8 g"
      },
      {
        "Näringsvärde": "Kolhydrat",
        "100 Gram": "17 g"
      },
      {
        "Näringsvärde": "Varav sockerarter",
        "100 Gram": "0.5 g"
      },
      {
        "Näringsvärde": "Fiber",
        "100 Gram": "0.64 g"
      },
      {
        "Näringsvärde": "Protein",
        "100 Gram": "10 g"
      },
      {
        "Näringsvärde": "Salt",
        "100 Gram": "0.78 g"
      },
      {
        "Näringsvärde": "Natrium",
        "100 Gram": "351.5 mg"
      }
    ],
    "nutritionUnitText": "Näringsvärde per 100 gram",
    "categories": {
      "mainCategory": "Fisk & Skaldjur",
      "subCategories": [
        {
          "name": "Färdiga fiskrätter",
          "subSubCategories": [
            "Fiskpinnar & Panerad fisk",
            "Panerad fisk"
          ]
        }
      ]
    }
  },
  {
    "name": "Senapssill mild 250g Klädesholmen",
    "weightText": "0.125 kg",
    "caPart": "",
    "weightValue": 0.125,
    "weightUnit": "kg",
    "comparePrice": "196,00 kr/kg u. spad",
    "currentPrice": 24.5,
    "attributes": [],
    "imgUrl": "https://handlaprivatkund.ica.se/images-v3/bf7a00ca-390e-4769-865f-dc369586872e/95a2daaf-bd03-4be5-8c96-efbea909662f/500x500.jpg",
    "productInformation": "Ättiksmarinerad sill i sås på gult och brunt senapsfrö samt finhackad dill.",
    "countryText": "",
    "companyText": "Klädesholmen",
    "ingrediensText": "INGREDIENSER: Marinerad SILL (Clupea harengus) i bitar (SILL, ättika, salt, socker), vatten, socker, rapsolja, SENAPSFRÖ 5%, ättiksprit, ÄGGULA, salt, dill, gurkmeja, konserveringsmedel (E202, E211, E270), förtjockningsmedel (E412, E415). Kan innehålla spår av GLUTEN",
    "storage": "Förvaras kylt.",
    "allergens": "",
    "usage": "",
    "nutrition": [
      {
        "Näringsvärde": "Energi (kcal)",
        "100 Gram": "260 kcal"
      },
      {
        "Näringsvärde": "Energi (kJ)",
        "100 Gram": "1100 kJ"
      },
      {
        "Näringsvärde": "Fett",
        "100 Gram": "18 g"
      },
      {
        "Näringsvärde": "Varav mättat fett",
        "100 Gram": "1.9 g"
      },
      {
        "Näringsvärde": "Kolhydrat",
        "100 Gram": "17 g"
      },
      {
        "Näringsvärde": "Varav sockerarter",
        "100 Gram": "16 g"
      },
      {
        "Näringsvärde": "Protein",
        "100 Gram": "8 g"
      },
      {
        "Näringsvärde": "Salt",
        "100 Gram": "2.1 g"
      }
    ],
    "nutritionUnitText": "Näringsvärde per 100 gram",
    "categories": {
      "mainCategory": "Fisk & Skaldjur",
      "subCategories": [
        {
          "name": "Sill & Ansjovis",
          "subSubCategories": [
            "Inlagd sill"
          ]
        }
      ]
    }
  },
  {
    "name": "Inlagd sill 575g Klädesholmen",
    "weightText": "0.275 kg",
    "caPart": "",
    "weightValue": 0.275,
    "weightUnit": "kg",
    "comparePrice": "127,09 kr/kg u. spad",
    "currentPrice": 34.95,
    "attributes": [],
    "imgUrl": "https://handlaprivatkund.ica.se/images-v3/bf7a00ca-390e-4769-865f-dc369586872e/ff3d8e21-74d0-41d1-96e7-627d767f5ef4/500x500.jpg",
    "productInformation": "Inlagd Sill 575g Glas.",
    "countryText": "",
    "companyText": "Klädesholmen",
    "ingrediensText": "INGREDIENSER: Marinerad SILL (Clupea harengus) i bitar (SILL, ättika, salt), vatten, socker, lök, kryddpeppar, morot, ättika, kryddor, kryddextrakt, konserveringsmedel (E211).",
    "storage": "Förvaras kylt.",
    "allergens": "",
    "usage": "",
    "nutrition": [
      {
        "Näringsvärde": "Energi (kcal)",
        "100 Gram": "250 kcal"
      },
      {
        "Näringsvärde": "Energi (kJ)",
        "100 Gram": "1050 kJ"
      },
      {
        "Näringsvärde": "Fett",
        "100 Gram": "14 g"
      },
      {
        "Näringsvärde": "Varav fleromättat fett",
        "100 Gram": "3.4 g"
      },
      {
        "Näringsvärde": "Varav mättat fett",
        "100 Gram": "3.3 g"
      },
      {
        "Näringsvärde": "Varav enkelomättat fett",
        "100 Gram": "5.6 g"
      },
      {
        "Näringsvärde": "Kolhydrat",
        "100 Gram": "19 g"
      },
      {
        "Näringsvärde": "Varav sockerarter",
        "100 Gram": "16 g"
      },
      {
        "Näringsvärde": "Protein",
        "100 Gram": "10 g"
      },
      {
        "Näringsvärde": "Salt",
        "100 Gram": "3 g"
      }
    ],
    "nutritionUnitText": "Näringsvärde per 100 gram",
    "categories": {
      "mainCategory": "Fisk & Skaldjur",
      "subCategories": [
        {
          "name": "Sill & Ansjovis",
          "subSubCategories": [
            "Inlagd sill"
          ]
        }
      ]
    }
  },
  {
    "name": "Krabba ca 600g ICA Gott Liv",
    "weightText": "Ca 0.6 kg",
    "caPart": "Ca",
    "weightValue": 0.6,
    "weightUnit": "kg",
    "comparePrice": "202,00 kr/kg",
    "currentPrice": 121.2,
    "attributes": [
      "Nyckelhålet"
    ],
    "imgUrl": "https://handlaprivatkund.ica.se/images-v3/bf7a00ca-390e-4769-865f-dc369586872e/bd487428-cb28-4751-aa22-0d8b9d1cb3e1/500x500.jpg",
    "productInformation": "Latinskt namn: Cancer pagurus. Ursprungsland: Irland",
    "countryText": "",
    "companyText": "ICA",
    "ingrediensText": "Ingredienser: KRABBA, salt, dill, citron",
    "storage": "",
    "allergens": "",
    "usage": "",
    "nutrition": [
      {
        "Näringsvärde": "Energi (kcal)",
        "100 Gram": "85 kcal"
      },
      {
        "Näringsvärde": "Energi (kJ)",
        "100 Gram": "358 kJ"
      },
      {
        "Näringsvärde": "Fett",
        "100 Gram": "0.9 g"
      },
      {
        "Näringsvärde": "Varav mättat fett",
        "100 Gram": "0.5 g"
      },
      {
        "Näringsvärde": "Kolhydrat",
        "100 Gram": "0 g"
      },
      {
        "Näringsvärde": "Varav sockerarter",
        "100 Gram": "0 g"
      },
      {
        "Näringsvärde": "Protein",
        "100 Gram": "19.1 g"
      },
      {
        "Näringsvärde": "Salt",
        "100 Gram": "1.5 g"
      }
    ],
    "nutritionUnitText": "Näringsvärde per 100 gram",
    "categories": {
      "mainCategory": "Fisk & Skaldjur",
      "subCategories": [
        {
          "name": "Skaldjur",
          "subSubCategories": [
            "Övriga skaldjur",
            "Övriga färska skaldjur"
          ]
        }
      ]
    }
  },
  {
    "name": "Räkor kedjepack Fryst 400g Royal Greenland",
    "weightText": "0.4 kg",
    "caPart": "",
    "weightValue": 0.4,
    "weightUnit": "kg",
    "comparePrice": "270,00 kr/kg",
    "currentPrice": 108,
    "attributes": [
      "Nyckelhålet",
      "MSC-märkt"
    ],
    "imgUrl": "https://handlaprivatkund.ica.se/images-v3/bf7a00ca-390e-4769-865f-dc369586872e/90653468-dae6-4a5f-b56e-1aee6a6b1a0c/500x500.jpg",
    "productInformation": "Frysta skalade räkor från Royal Greenland, från MSC-certifierat fiske. Skalade räkor är en riktig delikatess med sin ljusrosa färg och sitt fasta, saftiga kött. Räkorna når sin fulla storlek efter 6 år, tack vare den långsamma tillväxten får smak och konsistens tid att utvecklas. De har en hög halt av protein och låg fetthalt, vilket gör dem till ett hälsosamt val. För att bevara fräschören bör de tinas långsamt i kyl. Royal Greenlands räkor smakar friskt av saltvatten med en söt eftersmak. Den fräscha smaken kan gärna kompletteras med milda, feta eller syrliga smaker, t ex kalla rätter, inklusive sallader, smörgåsar och aptitretare eller som garnering. Räkorna är förpackade i ett kedjepack som gör det enkelt att klippa bort önskad mängd att tina. Latinskt namn: Pandalus borealis. Fångstområde: Fiskad i nordöstra Atlanten (FAO 27). För mer information & recept besök www.royalgreenland.se. Vi finns även på Facebook www.facebook.com/RoyalGreenlandSverige/ eller Instagram @Royalgreenland",
    "countryText": "",
    "companyText": "Royal Greenland",
    "ingrediensText": "INGREDIENSER: Räkor (KRÄFTDJUR) (Pandalus borealis), kokta och skalade, salt. Vatten (skyddande glasering). Fångade i Nordvästra Atlanten.",
    "storage": "Lägsta förvaringstemperatur -21°C Högsta förvaringstemperatur -18°C",
    "allergens": "Innehåller Kräftdjur",
    "usage": "",
    "nutrition": [
      {
        "Näringsvärde": "Energi (kcal)",
        "100 Gram": "66 kcal"
      },
      {
        "Näringsvärde": "Energi (kJ)",
        "100 Gram": "281 kJ"
      },
      {
        "Näringsvärde": "Fett",
        "100 Gram": "0.7 g"
      },
      {
        "Näringsvärde": "Varav mättat fett",
        "100 Gram": "0.1 g"
      },
      {
        "Näringsvärde": "Kolhydrat",
        "100 Gram": "0 g"
      },
      {
        "Näringsvärde": "Varav sockerarter",
        "100 Gram": "0 g"
      },
      {
        "Näringsvärde": "Protein",
        "100 Gram": "15 g"
      },
      {
        "Näringsvärde": "Salt",
        "100 Gram": "1.4 g"
      }
    ],
    "nutritionUnitText": "Näringsvärde per 100 gram",
    "categories": {
      "mainCategory": "Fisk & Skaldjur",
      "subCategories": [
        {
          "name": "Skaldjur",
          "subSubCategories": [
            "Räkor",
            "Frysta räkor"
          ]
        }
      ]
    }
  },
  {
    "name": "Brännvinssill 240g Abba",
    "weightText": "0.115 kg",
    "caPart": "",
    "weightValue": 0.115,
    "weightUnit": "kg",
    "comparePrice": "221,74 kr/kg u. spad",
    "currentPrice": 25.5,
    "attributes": [],
    "imgUrl": "https://handlaprivatkund.ica.se/images-v3/bf7a00ca-390e-4769-865f-dc369586872e/f4fe7bbe-33bb-4ff4-bdb6-43dcb61d79bc/500x500.jpg",
    "productInformation": "Abba Brännvinssill är en sill i klar lag med utvalda bitar sill smaksatta med apelsinskal, sillkryddor och en liten skvätt brännvin. Den här produkten innehåller sill (Clupea harengus) av högsta kvalitet som fiskas i Nordostatlanten och som enbart kommer från livskraftiga bestånd. Sillen lagras i vårt bergrum i Kungshamn på bohuslänska västkusten innan vi lägger in den med utvalda kryddor och smaksättningar för att du ska kunna njuta av din favorit. Sill passar lika bra till jul, påsk och midsommar som till en god snabblagad lunch eller middag eller varför inte brunch? Den här sillburken är märkt med symbolen lågt klimatavtryck, vill du veta mer? Läs mer på abba.se",
    "countryText": "",
    "companyText": "Abba",
    "ingrediensText": "SILL i bitar, socker, salt, apelsinskal (2,2%), ättika, naturlig arom (innehåller kanel), brännvin (0,5%), kryddpeppar, lökextrakt, syra (ättiksyra), konserveringsmedel (natriumbensoat, kaliumsorbat).",
    "storage": "I kylskåp max 8 °C. Öppnad produkt smakar bäst inom 14 dagar",
    "allergens": "",
    "usage": "",
    "nutrition": [
      {
        "Näringsvärde": "Energi (kcal)",
        "100 Gram": "253 kcal"
      },
      {
        "Näringsvärde": "Energi (kJ)",
        "100 Gram": "1059 kJ"
      },
      {
        "Näringsvärde": "Fett",
        "100 Gram": "13 g"
      },
      {
        "Näringsvärde": "Varav mättat fett",
        "100 Gram": "3.4 g"
      },
      {
        "Näringsvärde": "Kolhydrat",
        "100 Gram": "23 g"
      },
      {
        "Näringsvärde": "Varav sockerarter",
        "100 Gram": "22 g"
      },
      {
        "Näringsvärde": "Protein",
        "100 Gram": "11 g"
      },
      {
        "Näringsvärde": "Salt",
        "100 Gram": "3.2 g"
      }
    ],
    "nutritionUnitText": "Näringsvärde per 100 gram",
    "categories": {
      "mainCategory": "Fisk & Skaldjur",
      "subCategories": [
        {
          "name": "Sill & Ansjovis",
          "subSubCategories": [
            "Inlagd sill"
          ]
        }
      ]
    }
  },
  {
    "name": "Matjesfiléer 550g Klädesholmen",
    "weightText": "0.3 kg",
    "caPart": "",
    "weightValue": 0.3,
    "weightUnit": "kg",
    "comparePrice": "116,50 kr/kg u. spad",
    "currentPrice": 34.95,
    "attributes": [],
    "imgUrl": "https://handlaprivatkund.ica.se/images-v3/bf7a00ca-390e-4769-865f-dc369586872e/de1d0fcd-844f-4d43-a472-6e5808935ae8/500x500.jpg",
    "productInformation": "Klädesholmen Matjesfiléer 550g Glas.Kryddsillfiléer med dill inlagda enligt ett gammaltfamiljerecept.",
    "countryText": "",
    "companyText": "Klädesholmen",
    "ingrediensText": "Kryddad SILL (Clupea harengus) i filé (SILL, salt, socker, kryddor), vatten, socker, röd vinättika (rödvinsvinäger, ättika, vatten), ättika, kryddor, dill, konserveringsmedel (E211), kryddextrakter, arom.",
    "storage": "Förvaras kylt.",
    "allergens": "",
    "usage": "",
    "nutrition": [
      {
        "Näringsvärde": "Energi (kcal)",
        "100 Gram": "230 kcal"
      },
      {
        "Näringsvärde": "Energi (kJ)",
        "100 Gram": "950 kJ"
      },
      {
        "Näringsvärde": "Fett",
        "100 Gram": "14 g"
      },
      {
        "Näringsvärde": "Varav fleromättat fett",
        "100 Gram": "4.5 g"
      },
      {
        "Näringsvärde": "Varav mättat fett",
        "100 Gram": "4 g"
      },
      {
        "Näringsvärde": "Varav enkelomättat fett",
        "100 Gram": "6.5 g"
      },
      {
        "Näringsvärde": "Kolhydrat",
        "100 Gram": "15 g"
      },
      {
        "Näringsvärde": "Varav sockerarter",
        "100 Gram": "15 g"
      },
      {
        "Näringsvärde": "Protein",
        "100 Gram": "12 g"
      },
      {
        "Näringsvärde": "Salt",
        "100 Gram": "6 g"
      }
    ],
    "nutritionUnitText": "Näringsvärde per 100 gram",
    "categories": {
      "mainCategory": "Fisk & Skaldjur",
      "subCategories": [
        {
          "name": "Sill & Ansjovis",
          "subSubCategories": [
            "Inlagd sill"
          ]
        }
      ]
    }
  },
  {
    "name": "Löksill 250g Klädesholmen",
    "weightText": "0.125 kg",
    "caPart": "",
    "weightValue": 0.125,
    "weightUnit": "kg",
    "comparePrice": "196,00 kr/kg u. spad",
    "currentPrice": 24.5,
    "attributes": [
      "MSC-märkt"
    ],
    "imgUrl": "https://handlaprivatkund.ica.se/images-v3/bf7a00ca-390e-4769-865f-dc369586872e/fdfc256b-706f-463e-b7ba-8b11b435fa1f/500x500.jpg",
    "productInformation": "Ättiksmarinerad sill med lök och kryddpeppar i en klar lag.",
    "countryText": "",
    "companyText": "Klädesholmen",
    "ingrediensText": "INGREDIENSER: Marinerad SILL (Clupea harengus) i bitar (SILL, ättika, salt), vatten, socker, lök 3,2%, kryddpeppar, ättika, konserveringsmedel (E211).",
    "storage": "Förvaras kylt.",
    "allergens": "",
    "usage": "",
    "nutrition": [
      {
        "Näringsvärde": "Energi (kcal)",
        "100 Gram": "250 kcal"
      },
      {
        "Näringsvärde": "Energi (kJ)",
        "100 Gram": "1050 kJ"
      },
      {
        "Näringsvärde": "Fett",
        "100 Gram": "14 g"
      },
      {
        "Näringsvärde": "Varav mättat fett",
        "100 Gram": "3.3 g"
      },
      {
        "Näringsvärde": "Kolhydrat",
        "100 Gram": "19 g"
      },
      {
        "Näringsvärde": "Varav sockerarter",
        "100 Gram": "16 g"
      },
      {
        "Näringsvärde": "Protein",
        "100 Gram": "10 g"
      },
      {
        "Näringsvärde": "Salt",
        "100 Gram": "3 g"
      }
    ],
    "nutritionUnitText": "Näringsvärde per 100 gram",
    "categories": {
      "mainCategory": "Fisk & Skaldjur",
      "subCategories": [
        {
          "name": "Sill & Ansjovis",
          "subSubCategories": [
            "Inlagd sill"
          ]
        }
      ]
    }
  },
  {
    "name": "Svartvinbärssill 250g Klädesholmen",
    "weightText": "0.125 kg",
    "caPart": "",
    "weightValue": 0.125,
    "weightUnit": "kg",
    "comparePrice": "196,00 kr/kg u. spad",
    "currentPrice": 24.5,
    "attributes": [
      "MSC-märkt"
    ],
    "imgUrl": "https://handlaprivatkund.ica.se/images-v3/bf7a00ca-390e-4769-865f-dc369586872e/a76b7b67-9a68-4134-b335-bc912e54b95b/500x500.jpg",
    "productInformation": "”Marinerad sill med lök och kryddpeppar samt smak av svarta vinbär.",
    "countryText": "",
    "companyText": "Klädesholmen",
    "ingrediensText": "INGREDIENSER: Marinerad SILL (Clupea harengus) i bitar (SILL, ättika, salt), socker, vatten, lök, svarta vinbär 0,5%, kryddpeppar, ättika, vitlök, kryddor, konserveringsmedel (E211), kryddextrakt, aromer.",
    "storage": "Förvaras Kylt.",
    "allergens": "",
    "usage": "",
    "nutrition": [
      {
        "Näringsvärde": "Energi (kcal)",
        "100 Gram": "250 kcal"
      },
      {
        "Näringsvärde": "Energi (kJ)",
        "100 Gram": "1050 kJ"
      },
      {
        "Näringsvärde": "Fett",
        "100 Gram": "14 g"
      },
      {
        "Näringsvärde": "Varav mättat fett",
        "100 Gram": "3.1 g"
      },
      {
        "Näringsvärde": "Kolhydrat",
        "100 Gram": "28 g"
      },
      {
        "Näringsvärde": "Varav sockerarter",
        "100 Gram": "27 g"
      },
      {
        "Näringsvärde": "Protein",
        "100 Gram": "8 g"
      },
      {
        "Näringsvärde": "Salt",
        "100 Gram": "3 g"
      }
    ],
    "nutritionUnitText": "Näringsvärde per 100 gram",
    "categories": {
      "mainCategory": "Fisk & Skaldjur",
      "subCategories": [
        {
          "name": "Sill & Ansjovis",
          "subSubCategories": [
            "Inlagd sill"
          ]
        }
      ]
    }
  },
  {
    "name": "Laxfilé Färsk Varmrökt Citronpeppar 125g Miljömärkt Korshags",
    "weightText": "0.125 kg",
    "caPart": "",
    "weightValue": 0.125,
    "weightUnit": "kg",
    "comparePrice": "559,60 kr/kg",
    "currentPrice": 69.95,
    "attributes": [
      "Nyckelhålet"
    ],
    "imgUrl": "https://handlaprivatkund.ica.se/images-v3/bf7a00ca-390e-4769-865f-dc369586872e/809e13fe-63f9-4bf4-a2f4-05626761c785/500x500.jpg",
    "productInformation": "Varmrökt lax av högsta kvalité. Färskrökt för hand i Falkenberg med enbär, färskflisad alved från Halland och helt utan tillsatser. Klassiskt kryddad med citronpeppar. Klar att ätas i en sallad eller brytas i en pasta. Hållbart odlad (ASC) och nyckelhålsmärkt. Korshags började 1937 med en liten fiskbutik i Falkenberg och rymmer idag tre generationer av kunskap, hantverk och nyfikenhet. Och det är vår genuina kärlek till råvarorna, maten och havet som genomsyrar allt vi gör.",
    "countryText": "",
    "companyText": "Korshags",
    "ingrediensText": "LAX, salt, svartpeppar, citronjuicepulver, socker, citronskal, vitlök.",
    "storage": "",
    "allergens": "",
    "usage": "",
    "nutrition": [
      {
        "Näringsvärde": "Energi (kcal)",
        "100 Gram": "240 kcal"
      },
      {
        "Näringsvärde": "Energi (kJ)",
        "100 Gram": "1000 kJ"
      },
      {
        "Näringsvärde": "Fett",
        "100 Gram": "17 g"
      },
      {
        "Näringsvärde": "Varav fleromättat fett",
        "100 Gram": "4.6 g"
      },
      {
        "Näringsvärde": "Varav mättat fett",
        "100 Gram": "2.4 g"
      },
      {
        "Näringsvärde": "Varav enkelomättat fett",
        "100 Gram": "8.5 g"
      },
      {
        "Näringsvärde": "Kolhydrat",
        "100 Gram": "0.5 g"
      },
      {
        "Näringsvärde": "Varav sockerarter",
        "100 Gram": "0.14 g"
      },
      {
        "Näringsvärde": "Protein",
        "100 Gram": "23.2 g"
      },
      {
        "Näringsvärde": "Salt",
        "100 Gram": "1.8 g"
      }
    ],
    "nutritionUnitText": "Näringsvärde per 100 gram",
    "categories": {
      "mainCategory": "Jul",
      "subCategories": [
        {
          "name": "Julmat",
          "subSubCategories": [
            "Lax & Gravlaxsås"
          ]
        }
      ]
    }
  },
  {
    "name": "Torskfilé 400g Ullmo",
    "weightText": "0.4 kg",
    "caPart": "",
    "weightValue": 0.4,
    "weightUnit": "kg",
    "comparePrice": "199,88 kr/kg",
    "currentPrice": 79.95,
    "attributes": [
      "MSC-märkt"
    ],
    "imgUrl": "https://handlaprivatkund.ica.se/images-v3/bf7a00ca-390e-4769-865f-dc369586872e/109b94dc-9fd9-4bbc-9f9b-311c1d05f337/500x500.jpg",
    "productInformation": "",
    "countryText": "",
    "companyText": "Ullmo",
    "ingrediensText": "Renskurna filébitar av TORSK* [Gadus morhua]. *Fiskad med trål i Nordostatlanten / Barents hav & Norska havet FAO 27.",
    "storage": "Lägsta förvaringstemperatur -20°C Högsta förvaringstemperatur -18°C",
    "allergens": "",
    "usage": "",
    "nutrition": [
      {
        "Näringsvärde": "Energi (kcal)",
        "100 Gram": "78 kcal"
      },
      {
        "Näringsvärde": "Energi (kJ)",
        "100 Gram": "328 kJ"
      },
      {
        "Näringsvärde": "Fett",
        "100 Gram": "0.5 g"
      },
      {
        "Näringsvärde": "Varav mättat fett",
        "100 Gram": "0.1 g"
      },
      {
        "Näringsvärde": "Kolhydrat",
        "100 Gram": "0 g"
      },
      {
        "Näringsvärde": "Varav sockerarter",
        "100 Gram": "0 g"
      },
      {
        "Näringsvärde": "Protein",
        "100 Gram": "18.2 g"
      },
      {
        "Näringsvärde": "Salt",
        "100 Gram": "0.2 g"
      }
    ],
    "nutritionUnitText": "Näringsvärde per 100 gram",
    "categories": {
      "mainCategory": "Fryst",
      "subCategories": [
        {
          "name": "Fryst fisk & Skaldjur",
          "subSubCategories": [
            "Fryst torsk & vitfisk"
          ]
        }
      ]
    }
  },
  {
    "name": "5-minuters sillfilé 430g Abba",
    "weightText": "0.21 kg",
    "caPart": "",
    "weightValue": 0.21,
    "weightUnit": "kg",
    "comparePrice": "218,81 kr/kg u. spad",
    "currentPrice": 45.95,
    "attributes": [],
    "imgUrl": "https://handlaprivatkund.ica.se/images-v3/bf7a00ca-390e-4769-865f-dc369586872e/ae69c187-101d-4432-a4d0-a2e29694480d/500x500.jpg",
    "productInformation": "Abba 5-minuterssill hela filéer är en färdig inläggningssill som är klar att smaksätta direkt! Skär upp sillen i snygga bitar och smaksätt med valfritt recept så kan du skapa en god och enkel inlagd sill på nolltid. Vår 5-min sill (Clupea harengus) är av högsta kvalitet och fiskas i Nordostatlanten och kommer enbart från livskraftiga bestånd. Sillen lagras i vårt bergrum i Kungshamn på bohuslänska västkusten innan den hamnar i förpackningen. Den här sillen är märkt med symbolen lågt klimatavtryck, vill du veta mer? Läs mer på abba.se. Vill du briljera med goda och enkla sillinläggningar till nästa julfirande, påsk eller midsommar? Då är detta produkten för dig!",
    "countryText": "",
    "companyText": "Abba",
    "ingrediensText": "SILLfiléer, socker, salt, ättika, naturlig arom (innehåller kanel), syra (ättiksyra), konserveringsmedel (natriumbensoat).",
    "storage": "I kylskåp max 8 °C",
    "allergens": "",
    "usage": "",
    "nutrition": [
      {
        "Näringsvärde": "Energi (kcal)",
        "100 Gram": "268 kcal"
      },
      {
        "Näringsvärde": "Energi (kJ)",
        "100 Gram": "1124 kJ"
      },
      {
        "Näringsvärde": "Fett",
        "100 Gram": "13 g"
      },
      {
        "Näringsvärde": "Varav mättat fett",
        "100 Gram": "3.4 g"
      },
      {
        "Näringsvärde": "Kolhydrat",
        "100 Gram": "27 g"
      },
      {
        "Näringsvärde": "Varav sockerarter",
        "100 Gram": "26 g"
      },
      {
        "Näringsvärde": "Protein",
        "100 Gram": "11 g"
      },
      {
        "Näringsvärde": "Salt",
        "100 Gram": "3.6 g"
      }
    ],
    "nutritionUnitText": "Näringsvärde per 100 gram",
    "categories": {
      "mainCategory": "Fisk & Skaldjur",
      "subCategories": [
        {
          "name": "Sill & Ansjovis",
          "subSubCategories": [
            "Inläggningssill"
          ]
        }
      ]
    }
  },
  {
    "name": "Rökta musslor 105g Abba",
    "weightText": "0.09 kg",
    "caPart": "",
    "weightValue": 0.09,
    "weightUnit": "kg",
    "comparePrice": "416,67 kr/kg u. spad",
    "currentPrice": 37.5,
    "attributes": [
      "Nyckelhålet"
    ],
    "imgUrl": "https://handlaprivatkund.ica.se/images-v3/bf7a00ca-390e-4769-865f-dc369586872e/fb3bded3-a6fb-4072-8f6f-ffc9079e3752/500x500.jpg",
    "productInformation": "",
    "countryText": "",
    "companyText": "Abba",
    "ingrediensText": "Rökta BLÅMUSSLOR utan skal, solrosolja.",
    "storage": "Helkonserv Lägsta förvaringstemperatur 5°C Högsta förvaringstemperatur 25°C",
    "allergens": "",
    "usage": "",
    "nutrition": [
      {
        "Näringsvärde": "Energi (kcal)",
        "100 Gram": "166 kcal"
      },
      {
        "Näringsvärde": "Energi (kJ)",
        "100 Gram": "700 kJ"
      },
      {
        "Näringsvärde": "Fett",
        "100 Gram": "4.3 g"
      },
      {
        "Näringsvärde": "Varav mättat fett",
        "100 Gram": "0.3 g"
      },
      {
        "Näringsvärde": "Kolhydrat",
        "100 Gram": "8.2 g"
      },
      {
        "Näringsvärde": "Varav sockerarter",
        "100 Gram": "0.5 g"
      },
      {
        "Näringsvärde": "Protein",
        "100 Gram": "24 g"
      },
      {
        "Näringsvärde": "Salt",
        "100 Gram": "1.2 g"
      }
    ],
    "nutritionUnitText": "",
    "categories": {
      "mainCategory": "Fisk & Skaldjur",
      "subCategories": [
        {
          "name": "Skaldjur",
          "subSubCategories": [
            "Musslor",
            "Färska musslor"
          ]
        }
      ]
    }
  },
  {
    "name": "5-minuterssill i bitar 430g Abba",
    "weightText": "0.215 kg",
    "caPart": "",
    "weightValue": 0.215,
    "weightUnit": "kg",
    "comparePrice": "213,72 kr/kg u. spad",
    "currentPrice": 45.95,
    "attributes": [],
    "imgUrl": "https://handlaprivatkund.ica.se/images-v3/bf7a00ca-390e-4769-865f-dc369586872e/e80ce211-f35b-464b-969d-c4eddd2d9322/500x500.jpg",
    "productInformation": "Abba 5-minuterssill i bitar är en färdig inläggningssill som är klar att smaksätta direkt! Den här produkten är knepet för en skapa en god och lyckad inlagd sill på nolltid. Vår 5-minsill (Clupea harengus) är av högsta kvalitet och fiskas i Nordostatlanten och kommer enbart från livskraftiga bestånd. Sillen lagras i vårt bergrum i Kungshamn på bohuslänska västkusten innan den hamnar i förpackningen. Den här sillen är märkt med symbolen lågt klimatavtryck, vill du veta mer? Läs mer på abba.se. Vill du briljera med goda och enkla sillinläggningar till nästa julfirande, påsk eller midsommar? Då är detta produkten för dig!",
    "countryText": "",
    "companyText": "Abba",
    "ingrediensText": "SILL i bitar, socker, salt, ättika, naturlig arom (innehåller kanel), syra (ättiksyra), konserveringsmedel (natriumbensoat).",
    "storage": "I kylskåp max 8 °C",
    "allergens": "",
    "usage": "",
    "nutrition": [
      {
        "Näringsvärde": "Energi (kcal)",
        "100 Gram": "268 kcal"
      },
      {
        "Näringsvärde": "Energi (kJ)",
        "100 Gram": "1124 kJ"
      },
      {
        "Näringsvärde": "Fett",
        "100 Gram": "13 g"
      },
      {
        "Näringsvärde": "Varav mättat fett",
        "100 Gram": "3.4 g"
      },
      {
        "Näringsvärde": "Kolhydrat",
        "100 Gram": "27 g"
      },
      {
        "Näringsvärde": "Varav sockerarter",
        "100 Gram": "26 g"
      },
      {
        "Näringsvärde": "Protein",
        "100 Gram": "11 g"
      },
      {
        "Näringsvärde": "Salt",
        "100 Gram": "3.6 g"
      }
    ],
    "nutritionUnitText": "Näringsvärde per 100 gram",
    "categories": {
      "mainCategory": "Fisk & Skaldjur",
      "subCategories": [
        {
          "name": "Sill & Ansjovis",
          "subSubCategories": [
            "Inläggningssill"
          ]
        }
      ]
    }
  },
  {
    "name": "Blåmusslor i lake Miljömärkt 170g ICA",
    "weightText": "0.17 kg",
    "caPart": "",
    "weightValue": 0.17,
    "weightUnit": "kg",
    "comparePrice": "176,18 kr/kg u. spad",
    "currentPrice": 29.95,
    "attributes": [],
    "imgUrl": "https://handlaprivatkund.ica.se/images-v3/bf7a00ca-390e-4769-865f-dc369586872e/ac08ce27-8f01-414f-9167-7a8569520a51/500x500.jpg",
    "productInformation": "",
    "countryText": "",
    "companyText": "ICA",
    "ingrediensText": "Chilensk BLÅMUSSLA (Mytilus chilensis), vatten, salt, socker, konserveringsmedel (E211, E202), surhetsreglerande medel (E330). Blåmusslor odlade i Chile.",
    "storage": "",
    "allergens": "Innehåller Blötdjur",
    "usage": "Öppnad förpackning konsumeras inom 3 dagar.",
    "nutrition": [
      {
        "Näringsvärde": "Energi (kcal)",
        "100 Gram": "110 kcal"
      },
      {
        "Näringsvärde": "Energi (kJ)",
        "100 Gram": "450 kJ"
      },
      {
        "Näringsvärde": "Fett",
        "100 Gram": "3.3 g"
      },
      {
        "Näringsvärde": "Varav mättat fett",
        "100 Gram": "0.5 g"
      },
      {
        "Näringsvärde": "Kolhydrat",
        "100 Gram": "2.3 g"
      },
      {
        "Näringsvärde": "Varav sockerarter",
        "100 Gram": "0.5 g"
      },
      {
        "Näringsvärde": "Protein",
        "100 Gram": "19 g"
      },
      {
        "Näringsvärde": "Salt",
        "100 Gram": "0.7 g"
      }
    ],
    "nutritionUnitText": "Näringsvärde per 100 gram",
    "categories": {
      "mainCategory": "Fisk & Skaldjur",
      "subCategories": [
        {
          "name": "Skaldjur",
          "subSubCategories": [
            "Musslor",
            "Musslor i lake"
          ]
        }
      ]
    }
  },
  {
    "name": "Makrillfilé Färsk Svartpeppar ca 250g Korshags",
    "weightText": "Ca 0.25 kg",
    "caPart": "Ca",
    "weightValue": 0.25,
    "weightUnit": "kg",
    "comparePrice": "232,00 kr/kg",
    "currentPrice": 58,
    "attributes": [
      "Nyckelhålet"
    ],
    "imgUrl": "https://handlaprivatkund.ica.se/images-v3/bf7a00ca-390e-4769-865f-dc369586872e/77151a11-10ba-40ce-8edd-ccb9721ccb00/500x500.jpg",
    "productInformation": "",
    "countryText": "",
    "companyText": "Korshags",
    "ingrediensText": "Ingredienser: MAKRILLFILÈ, salt, svartpeppar",
    "storage": "",
    "allergens": "",
    "usage": "",
    "nutrition": [
      {
        "Näringsvärde": "Energi (kcal)",
        "100 Gram": "240 kcal"
      },
      {
        "Näringsvärde": "Energi (kJ)",
        "100 Gram": "1000 kJ"
      },
      {
        "Näringsvärde": "Fett",
        "100 Gram": "17.8 g"
      },
      {
        "Näringsvärde": "Varav fleromättat fett",
        "100 Gram": "5.3 g"
      },
      {
        "Näringsvärde": "Varav mättat fett",
        "100 Gram": "5.1 g"
      },
      {
        "Näringsvärde": "Varav enkelomättat fett",
        "100 Gram": "5.8 g"
      },
      {
        "Näringsvärde": "Kolhydrat",
        "100 Gram": "0.5 g"
      },
      {
        "Näringsvärde": "Varav sockerarter",
        "100 Gram": "0.1 g"
      },
      {
        "Näringsvärde": "Protein",
        "100 Gram": "20.9 g"
      },
      {
        "Näringsvärde": "Salt",
        "100 Gram": "1.2 g"
      }
    ],
    "nutritionUnitText": "Näringsvärde per 100 gram",
    "categories": {
      "mainCategory": "Fisk & Skaldjur",
      "subCategories": [
        {
          "name": "Fisk",
          "subSubCategories": [
            "Övrig fisk",
            "Övrig färsk fisk"
          ]
        }
      ]
    }
  },
  {
    "name": "Caviar ishavsrom av lodda 75g ICA",
    "weightText": "0.075 kg",
    "caPart": "",
    "weightValue": 0.075,
    "weightUnit": "kg",
    "comparePrice": "393,33 kr/kg",
    "currentPrice": 29.5,
    "attributes": [
      "MSC-märkt"
    ],
    "imgUrl": "https://handlaprivatkund.ica.se/images-v3/bf7a00ca-390e-4769-865f-dc369586872e/e5e054b5-e2a8-42b3-87b4-2a755c26d565/500x500.jpg",
    "productInformation": "Äggvitefärgad och finkornig rom av lodda som fiskats i Nordostatlanten.",
    "countryText": "",
    "companyText": "ICA",
    "ingrediensText": "Saltad ROM av lodda* (Mallotus villosus) 85%, vatten, rapsolja, stabiliseringsmedel (E415), konserveringsmedel (E211, E202) och surhetsreglerande medel (E330). *Fångad i Nordostatlanten, fångstzon 27",
    "storage": "",
    "allergens": "",
    "usage": "",
    "nutrition": [
      {
        "Näringsvärde": "Energi (kcal)",
        "100 Gram": "70 kcal"
      },
      {
        "Näringsvärde": "Energi (kJ)",
        "100 Gram": "280 kJ"
      },
      {
        "Näringsvärde": "Fett",
        "100 Gram": "4.5 g"
      },
      {
        "Näringsvärde": "Varav mättat fett",
        "100 Gram": "0.8 g"
      },
      {
        "Näringsvärde": "Kolhydrat",
        "100 Gram": "1 g"
      },
      {
        "Näringsvärde": "Varav sockerarter",
        "100 Gram": "0 g"
      },
      {
        "Näringsvärde": "Protein",
        "100 Gram": "6.5 g"
      },
      {
        "Näringsvärde": "Salt",
        "100 Gram": "5 g"
      }
    ],
    "nutritionUnitText": "Näringsvärde per 100 gram",
    "categories": {
      "mainCategory": "Fisk & Skaldjur",
      "subCategories": [
        {
          "name": "Kaviar & Rom",
          "subSubCategories": [
            "Färsk rom"
          ]
        }
      ]
    }
  },
  {
    "name": "Ansjoviskryddad sillfilé 575g Klädesholmen",
    "weightText": "0.325 kg",
    "caPart": "",
    "weightValue": 0.325,
    "weightUnit": "kg",
    "comparePrice": "107,54 kr/kg u. spad",
    "currentPrice": 34.95,
    "attributes": [],
    "imgUrl": "https://handlaprivatkund.ica.se/images-v3/bf7a00ca-390e-4769-865f-dc369586872e/c5f8a78b-4ea9-4851-886c-490682465ae5/500x500.jpg",
    "productInformation": "Klädesholmen Ansjoviskryddad Sillfilé 550g Glas.Kryddsillsfiléer med lök, dill och kryddpeppar i ensås på traditionellt vis.",
    "countryText": "",
    "companyText": "Klädesholmen",
    "ingrediensText": "INGREDIENSER: Kryddad SILL (Clupea harengus), i filé (SILL, salt, socker, kryddor), vatten, socker, salt, röd vinättika (rödvinsvinäger, ättika, vatten), konserveringsmedel (E211), kryddor, kryddextrakt, arom.",
    "storage": "Förvaras kylt.",
    "allergens": "",
    "usage": "",
    "nutrition": [
      {
        "Näringsvärde": "Energi (kcal)",
        "100 Gram": "200 kcal"
      },
      {
        "Näringsvärde": "Energi (kJ)",
        "100 Gram": "840 kJ"
      },
      {
        "Näringsvärde": "Fett",
        "100 Gram": "10 g"
      },
      {
        "Näringsvärde": "Varav fleromättat fett",
        "100 Gram": "2.3 g"
      },
      {
        "Näringsvärde": "Varav mättat fett",
        "100 Gram": "3.4 g"
      },
      {
        "Näringsvärde": "Varav enkelomättat fett",
        "100 Gram": "4.2 g"
      },
      {
        "Näringsvärde": "Kolhydrat",
        "100 Gram": "15 g"
      },
      {
        "Näringsvärde": "Varav sockerarter",
        "100 Gram": "15 g"
      },
      {
        "Näringsvärde": "Protein",
        "100 Gram": "15 g"
      },
      {
        "Näringsvärde": "Salt",
        "100 Gram": "6.7 g"
      }
    ],
    "nutritionUnitText": "Näringsvärde per 100 gram",
    "categories": {
      "mainCategory": "Fisk & Skaldjur",
      "subCategories": [
        {
          "name": "Sill & Ansjovis",
          "subSubCategories": [
            "Inlagd sill"
          ]
        }
      ]
    }
  },
  {
    "name": "Havskräftor Små Färska 500g ICA",
    "weightText": "0.5 kg",
    "caPart": "",
    "weightValue": 0.5,
    "weightUnit": "kg",
    "comparePrice": "195,90 kr/kg",
    "currentPrice": 97.95,
    "attributes": [
      "MSC-märkt"
    ],
    "imgUrl": "https://handlaprivatkund.ica.se/images-v3/bf7a00ca-390e-4769-865f-dc369586872e/9078d317-99b7-4c71-b0da-7fdd733e9b11/500x500.jpg",
    "productInformation": "Svenskmärkta havskräftor, en mindre storlek men med mycket smak!",
    "countryText": "",
    "companyText": "ICA",
    "ingrediensText": "Ingredienser: HAVSKRÄFTOR* (Nephrops norvegicus), vatten, salt, dillarom, surhetsreglerande medel (E330), konserveringsmedel (E211, E202). *Fångade med trål i Nordostatlanten, fångstzon 27. llla Skagerrak Kattegatt.",
    "storage": "",
    "allergens": "",
    "usage": "",
    "nutrition": [
      {
        "Näringsvärde": "Energi (kcal)",
        "100 Gram": "80 kcal"
      },
      {
        "Näringsvärde": "Energi (kJ)",
        "100 Gram": "320 kJ"
      },
      {
        "Näringsvärde": "Fett",
        "100 Gram": "0.8 g"
      },
      {
        "Näringsvärde": "Varav mättat fett",
        "100 Gram": "0.5 g"
      },
      {
        "Näringsvärde": "Kolhydrat",
        "100 Gram": "0.5 g"
      },
      {
        "Näringsvärde": "Varav sockerarter",
        "100 Gram": "0.5 g"
      },
      {
        "Näringsvärde": "Protein",
        "100 Gram": "17 g"
      },
      {
        "Näringsvärde": "Salt",
        "100 Gram": "2.8 g"
      }
    ],
    "nutritionUnitText": "Näringsvärde per 100 gram",
    "categories": {
      "mainCategory": "Fisk & Skaldjur",
      "subCategories": [
        {
          "name": "Skaldjur",
          "subSubCategories": [
            "Kräftor",
            "Färska kräftor"
          ]
        }
      ]
    }
  },
  {
    "name": "Räkor kokta färska 400g ICA",
    "weightText": "0.4 kg",
    "caPart": "",
    "weightValue": 0.4,
    "weightUnit": "kg",
    "comparePrice": "199,88 kr/kg",
    "currentPrice": 79.95,
    "attributes": [
      "MSC-märkt"
    ],
    "imgUrl": "https://handlaprivatkund.ica.se/images-v3/bf7a00ca-390e-4769-865f-dc369586872e/b2c3ed22-9785-4878-bbf2-ecf31ffd661e/500x500.jpg",
    "productInformation": "Kokta räkor från ett MSC-certifierat fiske. Färdiga att servera. Passar utmärkt tillsammans med aioli och ett gott bröd.",
    "countryText": "",
    "companyText": "ICA",
    "ingrediensText": "Ingredienser: RÄKOR (Pandalus borealis), salt",
    "storage": "",
    "allergens": "",
    "usage": "",
    "nutrition": [
      {
        "Näringsvärde": "Energi (kcal)",
        "100 Gram": "100 kcal"
      },
      {
        "Näringsvärde": "Energi (kJ)",
        "100 Gram": "430 kJ"
      },
      {
        "Näringsvärde": "Fett",
        "100 Gram": "1.5 g"
      },
      {
        "Näringsvärde": "Varav mättat fett",
        "100 Gram": "0.5 g"
      },
      {
        "Näringsvärde": "Kolhydrat",
        "100 Gram": "0 g"
      },
      {
        "Näringsvärde": "Varav sockerarter",
        "100 Gram": "0 g"
      },
      {
        "Näringsvärde": "Protein",
        "100 Gram": "22 g"
      },
      {
        "Näringsvärde": "Salt",
        "100 Gram": "2.4 g"
      }
    ],
    "nutritionUnitText": "Näringsvärde per 100 gram",
    "categories": {
      "mainCategory": "Fisk & Skaldjur",
      "subCategories": [
        {
          "name": "Skaldjur",
          "subSubCategories": [
            "Räkor",
            "Färska räkor"
          ]
        }
      ]
    }
  },
  {
    "name": "Torskfilé sprödbakad 350g Norway Seafoods",
    "weightText": "0.35 kg",
    "caPart": "",
    "weightValue": 0.35,
    "weightUnit": "kg",
    "comparePrice": "254,14 kr/kg",
    "currentPrice": 88.95,
    "attributes": [
      "Glutenfritt",
      "Nyckelhålet",
      "MSC-märkt"
    ],
    "imgUrl": "https://handlaprivatkund.ica.se/images-v3/bf7a00ca-390e-4769-865f-dc369586872e/5e99eec2-9af6-404b-a4ad-e0c473965b11/500x500.jpg",
    "productInformation": "",
    "countryText": "",
    "companyText": "Norway Seafoods",
    "ingrediensText": "70% TORSK* (Gadus morhua) og 30% glutenfri panering (rismjöl, vatten, kikärtmjöl, rapsolja, majsstärkelse, salt, dextros (glutenfritt VETE), maismjöl, potatisstärkelse, jäsmedel E450 och E500 och förtjockningsmedel E415). Även om vi har gjort vårt yttersta för att göra en produkt utan ben, kan det i vissa fall förekomma små ben. *Fångat i nordöstra Atlanten (Barents och Norska havet).",
    "storage": "Lägsta förvaringstemperatur -25°C Högsta förvaringstemperatur -18°C",
    "allergens": "Innehåller Fisk",
    "usage": "",
    "nutrition": [
      {
        "Näringsvärde": "Energi (kcal)",
        "100 Gram": "185 kcal"
      },
      {
        "Näringsvärde": "Energi (kJ)",
        "100 Gram": "775 kJ"
      },
      {
        "Näringsvärde": "Fett",
        "100 Gram": "9.7 g"
      },
      {
        "Näringsvärde": "Varav mättat fett",
        "100 Gram": "0.8 g"
      },
      {
        "Näringsvärde": "Kolhydrat",
        "100 Gram": "11.6 g"
      },
      {
        "Näringsvärde": "Varav sockerarter",
        "100 Gram": "0.07 g"
      },
      {
        "Näringsvärde": "Protein",
        "100 Gram": "12.9 g"
      },
      {
        "Näringsvärde": "Salt",
        "100 Gram": "0.55 g"
      }
    ],
    "nutritionUnitText": "Näringsvärde per 100 gram",
    "categories": {
      "mainCategory": "Fisk & Skaldjur",
      "subCategories": [
        {
          "name": "Fisk",
          "subSubCategories": [
            "Torsk & Vitfisk",
            "Fryst Torsk & Vitfisk"
          ]
        }
      ]
    }
  },
  {
    "name": "Löksill 575g Klädesholmen",
    "weightText": "0.275 kg",
    "caPart": "",
    "weightValue": 0.275,
    "weightUnit": "kg",
    "comparePrice": "127,09 kr/kg u. spad",
    "currentPrice": 34.95,
    "attributes": [],
    "imgUrl": "https://handlaprivatkund.ica.se/images-v3/bf7a00ca-390e-4769-865f-dc369586872e/788e814e-c9cb-4483-9bf4-71173b36e433/500x500.jpg",
    "productInformation": "Klädesholmen Löksill 575g Glas.Ättiksmarinerad sill med lök och kryddpeppar i enklar lag.",
    "countryText": "",
    "companyText": "Klädesholmen",
    "ingrediensText": "INGREDIENSER: Marinerad SILL (Clupea harengus) i bitar (SILL, ättika, salt), vatten, socker, lök 2,3%, kryddpeppar, ättika, konserveringsmedel (E211).",
    "storage": "Förvaras kylt.",
    "allergens": "",
    "usage": "",
    "nutrition": [
      {
        "Näringsvärde": "Energi (kcal)",
        "100 Gram": "250 kcal"
      },
      {
        "Näringsvärde": "Energi (kJ)",
        "100 Gram": "1050 kJ"
      },
      {
        "Näringsvärde": "Fett",
        "100 Gram": "14 g"
      },
      {
        "Näringsvärde": "Varav fleromättat fett",
        "100 Gram": "3.4 g"
      },
      {
        "Näringsvärde": "Varav mättat fett",
        "100 Gram": "3.3 g"
      },
      {
        "Näringsvärde": "Varav enkelomättat fett",
        "100 Gram": "5.6 g"
      },
      {
        "Näringsvärde": "Kolhydrat",
        "100 Gram": "19 g"
      },
      {
        "Näringsvärde": "Varav sockerarter",
        "100 Gram": "16 g"
      },
      {
        "Näringsvärde": "Protein",
        "100 Gram": "10 g"
      },
      {
        "Näringsvärde": "Salt",
        "100 Gram": "3 g"
      }
    ],
    "nutritionUnitText": "Näringsvärde per 100 gram",
    "categories": {
      "mainCategory": "Fisk & Skaldjur",
      "subCategories": [
        {
          "name": "Sill & Ansjovis",
          "subSubCategories": [
            "Inlagd sill"
          ]
        }
      ]
    }
  },
  {
    "name": "Torskrygg Msc Fryst 600g Feldt's",
    "weightText": "0.6 kg",
    "caPart": "",
    "weightValue": 0.6,
    "weightUnit": "kg",
    "comparePrice": "298,33 kr/kg",
    "currentPrice": 179,
    "attributes": [
      "Nyckelhålet",
      "MSC-märkt"
    ],
    "imgUrl": "https://handlaprivatkund.ica.se/images-v3/bf7a00ca-390e-4769-865f-dc369586872e/a6af8608-9e8a-49ce-9406-ecd90249a528/500x500.jpg",
    "productInformation": "Benfria ryggfiléer av MSC-certifierad torsk (Gadus morhua)",
    "countryText": "",
    "companyText": "FELDTS",
    "ingrediensText": "TORSKRYGG (Gadus morhua) benfri, styckfryst. Fiskad i Nordostatlanten med trål. Ursprung: Nordostatlanten. Havsfiske. Trålar",
    "storage": "Lägsta förvaringstemperatur -25°C Högsta förvaringstemperatur -18°C",
    "allergens": "",
    "usage": "",
    "nutrition": [
      {
        "Näringsvärde": "Energi (kcal)",
        "Gram": "78",
        "% av DRI(*)": "4"
      },
      {
        "Näringsvärde": "Energi (kJ)",
        "Gram": "328",
        "% av DRI(*)": "4"
      },
      {
        "Näringsvärde": "Fett",
        "Gram": "0.5",
        "% av DRI(*)": "1"
      },
      {
        "Näringsvärde": "Varav mättat fett",
        "Gram": "0.1",
        "% av DRI(*)": "1"
      },
      {
        "Näringsvärde": "Kolhydrat",
        "Gram": "0",
        "% av DRI(*)": "0"
      },
      {
        "Näringsvärde": "Varav sockerarter",
        "Gram": "0",
        "% av DRI(*)": "0"
      },
      {
        "Näringsvärde": "Protein",
        "Gram": "18.2",
        "% av DRI(*)": "36"
      },
      {
        "Näringsvärde": "Salt",
        "Gram": "0.2",
        "% av DRI(*)": "3"
      }
    ],
    "nutritionUnitText": "",
    "categories": {
      "mainCategory": "Fryst",
      "subCategories": [
        {
          "name": "Fryst fisk & Skaldjur",
          "subSubCategories": [
            "Fryst torsk & vitfisk"
          ]
        }
      ]
    }
  },
  {
    "name": "Äpple & currysill 250g Fiskexporten",
    "weightText": "0.25 kg",
    "caPart": "",
    "weightValue": 0.25,
    "weightUnit": "kg",
    "comparePrice": "126,00 kr/kg",
    "currentPrice": 31.5,
    "attributes": [],
    "imgUrl": "https://handlaprivatkund.ica.se/images-v3/bf7a00ca-390e-4769-865f-dc369586872e/c46f5afa-7603-4601-9b2c-125331faf140/500x500.jpg",
    "productInformation": "Salt sill som urvattnas och läggs som löksill. Därefter läggs sillen i en krämig sås bestående av äpple och curry. Detta resulterar i en krämig sill med modern smak. Syrliga äpplen och curry ger en spännande balanserad smak, vilket gör denna sill till ett måste på festbordet!",
    "countryText": "",
    "companyText": "Fiskexporten",
    "ingrediensText": "Ingredienser: SILL (Clupea harengus, fiskad i Nordostatlanten FAO27, med not och trål), rapsolja, äpplejuicekoncentrat, gul lök, vatten, ÄGGULA, socker, purjolök, curry, SENAPSFRÖ, ättika, salt, kryddor, citronkoncentrat, konserveringsmedel (kaliumsorbat, natriumbensoat), förtjockningsmedel (guarkärnmjöl, xantangummi), surhetsreglerande medel (mjölksyra, citronsyra).",
    "storage": "",
    "allergens": "",
    "usage": "",
    "nutrition": [
      {
        "Näringsvärde": "Energi (kcal)",
        "100 Gram": "317 kcal"
      },
      {
        "Näringsvärde": "Energi (kJ)",
        "100 Gram": "1328 kJ"
      },
      {
        "Näringsvärde": "Fett",
        "100 Gram": "22 g"
      },
      {
        "Näringsvärde": "Varav mättat fett",
        "100 Gram": "2.7 g"
      },
      {
        "Näringsvärde": "Kolhydrat",
        "100 Gram": "21 g"
      },
      {
        "Näringsvärde": "Varav sockerarter",
        "100 Gram": "19 g"
      },
      {
        "Näringsvärde": "Protein",
        "100 Gram": "8.7 g"
      },
      {
        "Näringsvärde": "Salt",
        "100 Gram": "2.2 g"
      }
    ],
    "nutritionUnitText": "Näringsvärde per 100 gram",
    "categories": {
      "mainCategory": "Fisk & Skaldjur",
      "subCategories": [
        {
          "name": "Sill & Ansjovis",
          "subSubCategories": [
            "Inlagd sill"
          ]
        }
      ]
    }
  },
  {
    "name": "Laxfilé Färsk Kallrökt 100g Miljömärkt Korshags",
    "weightText": "0.1 kg",
    "caPart": "",
    "weightValue": 0.1,
    "weightUnit": "kg",
    "comparePrice": "539,50 kr/kg",
    "currentPrice": 53.95,
    "attributes": [
      "Nyckelhålet"
    ],
    "imgUrl": "https://handlaprivatkund.ica.se/images-v3/bf7a00ca-390e-4769-865f-dc369586872e/af0f3882-7491-42d0-b2dc-37bda39d613b/500x500.jpg",
    "productInformation": "Kallrökt lax av högsta kvalité i fina skivor. Färskrökt för hand i Falkenberg med enbär, färskflisad alved från Halland och helt utan tillsatser. De naturliga aromerna från veden ger en välbalanserad röksmak och fin karaktär. Färdig att ätas i pasta eller som topping på pizzan. Hållbart odlad (ASC) och nyckelhålsmärkt. Korshags började 1937 med en liten fiskbutik i Falkenberg och rymmer idag tre generationer av kunskap, hantverk och nyfikenhet. Och det är vår genuina kärlek till råvarorna, maten och havet som genomsyrar allt vi gör.",
    "countryText": "",
    "companyText": "Korshags",
    "ingrediensText": "LAX, salt",
    "storage": "",
    "allergens": "",
    "usage": "",
    "nutrition": [
      {
        "Näringsvärde": "Energi (kcal)",
        "100 Gram": "180 kcal"
      },
      {
        "Näringsvärde": "Energi (kJ)",
        "100 Gram": "740 kJ"
      },
      {
        "Näringsvärde": "Fett",
        "100 Gram": "11 g"
      },
      {
        "Näringsvärde": "Varav fleromättat fett",
        "100 Gram": "3.5 g"
      },
      {
        "Näringsvärde": "Varav mättat fett",
        "100 Gram": "1.8 g"
      },
      {
        "Näringsvärde": "Varav enkelomättat fett",
        "100 Gram": "5.7 g"
      },
      {
        "Näringsvärde": "Kolhydrat",
        "100 Gram": "0.5 g"
      },
      {
        "Näringsvärde": "Varav sockerarter",
        "100 Gram": "0.1 g"
      },
      {
        "Näringsvärde": "Protein",
        "100 Gram": "19 g"
      },
      {
        "Näringsvärde": "Salt",
        "100 Gram": "3 g"
      }
    ],
    "nutritionUnitText": "Näringsvärde per 100 gram",
    "categories": {
      "mainCategory": "Jul",
      "subCategories": [
        {
          "name": "Julmat",
          "subSubCategories": [
            "Lax & Gravlaxsås"
          ]
        }
      ]
    }
  },
  {
    "name": "Surimi i lake 170g ICA",
    "weightText": "0.17 kg",
    "caPart": "",
    "weightValue": 0.17,
    "weightUnit": "kg",
    "comparePrice": "197,06 kr/kg u. spad",
    "currentPrice": 33.5,
    "attributes": [
      "MSC-märkt"
    ],
    "imgUrl": "https://handlaprivatkund.ica.se/images-v3/bf7a00ca-390e-4769-865f-dc369586872e/b222fe95-6567-4964-8abb-f0627c0b274b/500x500.jpg",
    "productInformation": "",
    "countryText": "",
    "companyText": "ICA",
    "ingrediensText": "INGREDIENSER: Lake (vatten, socker, salt, surhetsreglerande medel (E330), konserveringsmedel (E211, E202)), surimi 38.5% (fiskfärs (FISK 91%, socker, ÄGGVITA), vatten, potatisstärkelse, rapsolja, ÄGGVITA, salt, socker, färgämne (E160d), KRABBAROM). Kan innehålla spår av gluten.",
    "storage": "",
    "allergens": "",
    "usage": "Öppnad förpackning konsumeras inom 3 dagar.",
    "nutrition": [
      {
        "Näringsvärde": "Energi (kcal)",
        "100 Gram": "120 kcal"
      },
      {
        "Näringsvärde": "Energi (kJ)",
        "100 Gram": "500 kJ"
      },
      {
        "Näringsvärde": "Fett",
        "100 Gram": "2.4 g"
      },
      {
        "Näringsvärde": "Varav mättat fett",
        "100 Gram": "0.5 g"
      },
      {
        "Näringsvärde": "Kolhydrat",
        "100 Gram": "19 g"
      },
      {
        "Näringsvärde": "Varav sockerarter",
        "100 Gram": "4.8 g"
      },
      {
        "Näringsvärde": "Protein",
        "100 Gram": "6.1 g"
      },
      {
        "Näringsvärde": "Salt",
        "100 Gram": "0.5 g"
      }
    ],
    "nutritionUnitText": "Näringsvärde per 100 gram",
    "categories": {
      "mainCategory": "Fisk & Skaldjur",
      "subCategories": [
        {
          "name": "Skaldjur",
          "subSubCategories": [
            "Övriga skaldjur",
            "Övriga färska skaldjur"
          ]
        }
      ]
    }
  },
  {
    "name": "Regnbågslaxrom 80g Fiskeriet",
    "weightText": "0.08 kg",
    "caPart": "",
    "weightValue": 0.08,
    "weightUnit": "kg",
    "comparePrice": "986,88 kr/kg",
    "currentPrice": 78.95,
    "attributes": [],
    "imgUrl": "https://handlaprivatkund.ica.se/images-v3/bf7a00ca-390e-4769-865f-dc369586872e/0b1b68ab-76b3-4f86-a210-b90cd4ab1d54/500x500.jpg",
    "productInformation": "Fiskeriets Regnbågslaxrom är storkornig med en vacker orangeröd färg. Regnbågslaxrom passar utmärkt i kalla såser och röror, till sushi, blinier och som dekoration.Fiskeriets tips! Servera som förrätt tillsammans med Fiskeriets Blinier, finhackad rödlök och en klick smetana.",
    "countryText": "",
    "companyText": "Fiskeriet",
    "ingrediensText": "INGREDIENSER: Rom beredd av odlad REGNBÅGSLAX* (Oncorhynchus mykiss) (97%), salt.* Odlad i Bottenviken i Finland.",
    "storage": "Lägsta förvaringstemperatur -24°C Högsta förvaringstemperatur -18°C",
    "allergens": "Innehåller Fisk",
    "usage": "",
    "nutrition": [
      {
        "Näringsvärde": "Energi (kcal)",
        "100 Gram": "155 kcal"
      },
      {
        "Näringsvärde": "Energi (kJ)",
        "100 Gram": "647 kJ"
      },
      {
        "Näringsvärde": "Fett",
        "100 Gram": "7.9 g"
      },
      {
        "Näringsvärde": "Varav mättat fett",
        "100 Gram": "1.1 g"
      },
      {
        "Näringsvärde": "Kolhydrat",
        "100 Gram": "0 g"
      },
      {
        "Näringsvärde": "Varav sockerarter",
        "100 Gram": "0 g"
      },
      {
        "Näringsvärde": "Protein",
        "100 Gram": "21 g"
      },
      {
        "Näringsvärde": "Salt",
        "100 Gram": "3 g"
      }
    ],
    "nutritionUnitText": "Näringsvärde per 100 gram",
    "categories": {
      "mainCategory": "Fisk & Skaldjur",
      "subCategories": [
        {
          "name": "Kaviar & Rom",
          "subSubCategories": [
            "Färsk rom"
          ]
        }
      ]
    }
  },
  {
    "name": "Fransk löksill 550g Klädesholmen",
    "weightText": "0.3 kg",
    "caPart": "",
    "weightValue": 0.3,
    "weightUnit": "kg",
    "comparePrice": "116,50 kr/kg u. spad",
    "currentPrice": 34.95,
    "attributes": [],
    "imgUrl": "https://handlaprivatkund.ica.se/images-v3/bf7a00ca-390e-4769-865f-dc369586872e/1ff8f36a-89c5-4492-95cd-97250541c089/500x500.jpg",
    "productInformation": "Klädesholmen Fransk Löksill 550g Glas.Kryddsill i bitar med lök, dill och kryddpeppar i ensås på traditionellt vis.",
    "countryText": "",
    "companyText": "Klädesholmen",
    "ingrediensText": "INGREDIENSER: Kryddad SILL (Clupea harengus) i bitar (SILL, salt, socker, kryddor), vatten, socker, lök 9%, ättika, kryddpeppar, dill, salt, kryddor, vitlök, kryddextrakt, konserveringsmedel (E211), arom.",
    "storage": "Förvaras kylt.",
    "allergens": "",
    "usage": "",
    "nutrition": [
      {
        "Näringsvärde": "Energi (kcal)",
        "100 Gram": "210 kcal"
      },
      {
        "Näringsvärde": "Energi (kJ)",
        "100 Gram": "880 kJ"
      },
      {
        "Näringsvärde": "Fett",
        "100 Gram": "11 g"
      },
      {
        "Näringsvärde": "Varav fleromättat fett",
        "100 Gram": "3 g"
      },
      {
        "Näringsvärde": "Varav mättat fett",
        "100 Gram": "2.4 g"
      },
      {
        "Näringsvärde": "Varav enkelomättat fett",
        "100 Gram": "5.3 g"
      },
      {
        "Näringsvärde": "Kolhydrat",
        "100 Gram": "21 g"
      },
      {
        "Näringsvärde": "Varav sockerarter",
        "100 Gram": "20 g"
      },
      {
        "Näringsvärde": "Protein",
        "100 Gram": "7 g"
      },
      {
        "Näringsvärde": "Salt",
        "100 Gram": "4 g"
      }
    ],
    "nutritionUnitText": "Näringsvärde per 100 gram",
    "categories": {
      "mainCategory": "Fisk & Skaldjur",
      "subCategories": [
        {
          "name": "Sill & Ansjovis",
          "subSubCategories": [
            "Inlagd sill"
          ]
        }
      ]
    }
  },
  {
    "name": "Laxfilé Färsk Kallrökt 150g Miljömärkt Korshags",
    "weightText": "0.15 kg",
    "caPart": "",
    "weightValue": 0.15,
    "weightUnit": "kg",
    "comparePrice": "473,00 kr/kg",
    "currentPrice": 70.95,
    "attributes": [
      "Nyckelhålet"
    ],
    "imgUrl": "https://handlaprivatkund.ica.se/images-v3/bf7a00ca-390e-4769-865f-dc369586872e/e7a28890-625e-442e-821a-3b94821e2b09/500x500.jpg",
    "productInformation": "Kallrökt lax av högsta kvalité i fina skivor. Färskrökt för hand i Falkenberg med enbär, färskflisad alved från Halland och helt utan tillsatser. De naturliga aromerna från veden ger en välbalanserad röksmak och fin karaktär. Färdig att ätas i pasta eller som topping på pizzan. Hållbart odlad (ASC) och nyckelhålsmärkt. Korshags började 1937 med en liten fiskbutik i Falkenberg och rymmer idag tre generationer av kunskap, hantverk och nyfikenhet. Och det är vår genuina kärlek till råvarorna, maten och havet som genomsyrar allt vi gör.",
    "countryText": "",
    "companyText": "Korshags",
    "ingrediensText": "LAX, salt",
    "storage": "",
    "allergens": "",
    "usage": "",
    "nutrition": [
      {
        "Näringsvärde": "Energi (kcal)",
        "100 Gram": "180 kcal"
      },
      {
        "Näringsvärde": "Energi (kJ)",
        "100 Gram": "740 kJ"
      },
      {
        "Näringsvärde": "Fett",
        "100 Gram": "11 g"
      },
      {
        "Näringsvärde": "Varav fleromättat fett",
        "100 Gram": "3.5 g"
      },
      {
        "Näringsvärde": "Varav mättat fett",
        "100 Gram": "1.8 g"
      },
      {
        "Näringsvärde": "Varav enkelomättat fett",
        "100 Gram": "5.7 g"
      },
      {
        "Näringsvärde": "Kolhydrat",
        "100 Gram": "0.5 g"
      },
      {
        "Näringsvärde": "Varav sockerarter",
        "100 Gram": "0.1 g"
      },
      {
        "Näringsvärde": "Protein",
        "100 Gram": "19 g"
      },
      {
        "Näringsvärde": "Salt",
        "100 Gram": "3 g"
      }
    ],
    "nutritionUnitText": "Näringsvärde per 100 gram",
    "categories": {
      "mainCategory": "Jul",
      "subCategories": [
        {
          "name": "Julmat",
          "subSubCategories": [
            "Lax & Gravlaxsås"
          ]
        }
      ]
    }
  },
  {
    "name": "Kräftmarinerad sill 420g Klädesholmen",
    "weightText": "0.2 kg",
    "caPart": "",
    "weightValue": 0.2,
    "weightUnit": "kg",
    "comparePrice": "204,75 kr/kg u. spad",
    "currentPrice": 40.95,
    "attributes": [],
    "imgUrl": "https://handlaprivatkund.ica.se/images-v3/bf7a00ca-390e-4769-865f-dc369586872e/8dd8790b-e39a-4b52-ad78-e7f39dafa9f4/500x500.jpg",
    "productInformation": "Premium Kräftmarinerad Sill 420g Glas.Utvalda bitar marinerad sill som förbehandlas i en lagför en mildare ton. Kryddad med chilisås, purjolök och dill.",
    "countryText": "",
    "companyText": "Klädesholmen",
    "ingrediensText": "INGREDIENSER: Marinerad SILL (Clupea harengus) i bitar (SILL, ättika, salt, socker), rapsolja, vatten, socker, chilisås (tomatpuré, socker, salt, chili, kryddor), lök, ättika, ÄGGPULVER, purjolök, dill, surhetsreglerande medel (E330), förtjockningsmedel (E415), konserveringsmedel (E211, E202), aromer (innehåller bl a SKALDJUR).",
    "storage": "Förvaras i kylskåp efter öppning.Öppnad förpackning hållbar ca 14 dagar.",
    "allergens": "",
    "usage": "",
    "nutrition": [
      {
        "Näringsvärde": "Energi (kcal)",
        "100 Gram": "280 kcal"
      },
      {
        "Näringsvärde": "Energi (kJ)",
        "100 Gram": "1170 kJ"
      },
      {
        "Näringsvärde": "Fett",
        "100 Gram": "20 g"
      },
      {
        "Näringsvärde": "Varav fleromättat fett",
        "100 Gram": "5.6 g"
      },
      {
        "Näringsvärde": "Varav mättat fett",
        "100 Gram": "2.5 g"
      },
      {
        "Näringsvärde": "Varav enkelomättat fett",
        "100 Gram": "12 g"
      },
      {
        "Näringsvärde": "Kolhydrat",
        "100 Gram": "18 g"
      },
      {
        "Näringsvärde": "Varav sockerarter",
        "100 Gram": "17 g"
      },
      {
        "Näringsvärde": "Protein",
        "100 Gram": "7 g"
      },
      {
        "Näringsvärde": "Salt",
        "100 Gram": "2 g"
      }
    ],
    "nutritionUnitText": "Näringsvärde per 100 gram",
    "categories": {
      "mainCategory": "Fisk & Skaldjur",
      "subCategories": [
        {
          "name": "Sill & Ansjovis",
          "subSubCategories": [
            "Inlagd sill"
          ]
        }
      ]
    }
  },
  {
    "name": "Laxfilé Färsk Varmrökt Dubbel i bit 600g Miljömärkt Korshags",
    "weightText": "Ca 0.6 kg",
    "caPart": "Ca",
    "weightValue": 0.6,
    "weightUnit": "kg",
    "comparePrice": "402,00 kr/kg",
    "currentPrice": 241.2,
    "attributes": [
      "Nyckelhålet"
    ],
    "imgUrl": "https://handlaprivatkund.ica.se/images-v3/bf7a00ca-390e-4769-865f-dc369586872e/1c871686-5ed3-4367-8c4c-f515d7fc28c5/500x500.jpg",
    "productInformation": "Varmrökt lax av högsta kvalité i saftig dubbelfilé. Färskrökt för hand i Falkenberg med enbär, färskflisad alved från Halland och helt utan tillsatser. De naturliga aromerna från veden ger en välbalanserad röksmak och fin karaktär. Färdig att ätas i allt från pasta till en härlig sallad. Hållbart odlad (ASC) och nyckelhålsmärkt. Korshags började 1937 med en liten fiskbutik i Falkenberg och rymmer idag tre generationer av kunskap, hantverk och nyfikenhet. Och det är vår genuina kärlek till råvarorna, maten och havet som genomsyrar allt vi gör.",
    "countryText": "",
    "companyText": "Korshags",
    "ingrediensText": "LAX, salt",
    "storage": "Skinnpack",
    "allergens": "",
    "usage": "",
    "nutrition": [
      {
        "Näringsvärde": "Energi (kcal)",
        "100 Gram": "240 kcal"
      },
      {
        "Näringsvärde": "Energi (kJ)",
        "100 Gram": "1000 kJ"
      },
      {
        "Näringsvärde": "Fett",
        "100 Gram": "17 g"
      },
      {
        "Näringsvärde": "Varav fleromättat fett",
        "100 Gram": "4.6 g"
      },
      {
        "Näringsvärde": "Varav mättat fett",
        "100 Gram": "2.4 g"
      },
      {
        "Näringsvärde": "Varav enkelomättat fett",
        "100 Gram": "8.5 g"
      },
      {
        "Näringsvärde": "Kolhydrat",
        "100 Gram": "0.5 g"
      },
      {
        "Näringsvärde": "Varav sockerarter",
        "100 Gram": "0.1 g"
      },
      {
        "Näringsvärde": "Protein",
        "100 Gram": "23.2 g"
      },
      {
        "Näringsvärde": "Salt",
        "100 Gram": "1.8 g"
      }
    ],
    "nutritionUnitText": "Näringsvärde per 100 gram",
    "categories": {
      "mainCategory": "Jul",
      "subCategories": [
        {
          "name": "Julmat",
          "subSubCategories": [
            "Lax & Gravlaxsås"
          ]
        }
      ]
    }
  },
  {
    "name": "Räkor med skal Fryst 1kg MSC Ullmo",
    "weightText": "1 kg",
    "caPart": "",
    "weightValue": 1,
    "weightUnit": "kg",
    "comparePrice": "149,00 kr/kg",
    "currentPrice": 149,
    "attributes": [
      "Nyckelhålet",
      "MSC-märkt"
    ],
    "imgUrl": "https://handlaprivatkund.ica.se/images-v3/bf7a00ca-390e-4769-865f-dc369586872e/e25e5abb-de86-4d9a-ac73-a2dfe00018ef/500x500.jpg",
    "productInformation": "",
    "countryText": "",
    "companyText": "Ullmo",
    "ingrediensText": "Djupfrysta vildfångade NORDHAVSRÄKOR[Pandalus borealis] Ingredienser: Räkor, vatten, salt. Räkorna är kokade i lättsaltat vatten.Vid infrysningen glaseras de med en tunnishinna för att skydda räkorna mot uttorkning,samt för att bevara räkornas fina smak.",
    "storage": "",
    "allergens": "Innehåller: Kräftdjur",
    "usage": "",
    "nutrition": [
      {
        "Näringsvärde": "Energi (kcal)",
        "100 Gram": "107 kcal"
      },
      {
        "Näringsvärde": "Energi (kJ)",
        "100 Gram": "449 kJ"
      },
      {
        "Näringsvärde": "Fett",
        "100 Gram": "1.1 g"
      },
      {
        "Näringsvärde": "Varav mättat fett",
        "100 Gram": "0.2 g"
      },
      {
        "Näringsvärde": "Kolhydrat",
        "100 Gram": "0 g"
      },
      {
        "Näringsvärde": "Varav sockerarter",
        "100 Gram": "0 g"
      },
      {
        "Näringsvärde": "Protein",
        "100 Gram": "24 g"
      },
      {
        "Näringsvärde": "Salt",
        "100 Gram": "2.5 g"
      }
    ],
    "nutritionUnitText": "Näringsvärde per 100 gram",
    "categories": {
      "mainCategory": "Fisk & Skaldjur",
      "subCategories": [
        {
          "name": "Skaldjur",
          "subSubCategories": [
            "Räkor",
            "Frysta räkor"
          ]
        }
      ]
    }
  },
  {
    "name": "Årets sill Kalles kaviar 230g Abba",
    "weightText": "0.23 kg",
    "caPart": "",
    "weightValue": 0.23,
    "weightUnit": "kg",
    "comparePrice": "110,87 kr/kg u. spad",
    "currentPrice": 25.5,
    "attributes": [],
    "imgUrl": "https://handlaprivatkund.ica.se/images-v3/bf7a00ca-390e-4769-865f-dc369586872e/e97d8355-801a-4176-8466-ce88c336eb47/500x500.jpg",
    "productInformation": "Abba Årets smak, Kalles sill - En krämig sill smaksatt med Kalles kaviar, en läcker och originell rätt som passar perfekt till frukost eller fest. Den har en mild rökighet och en lagom sälta som balanseras av den krämiga såsen och de små romkornen. Enkel att tycka om på ägg, macka eller på den stundande sillbuffén. En unik sill i begränsad upplaga.",
    "countryText": "",
    "companyText": "Abba",
    "ingrediensText": "SILL i bitar, SKUMMJÖLK, rapsolja, socker, KAVIAR 6% (varav 63% sockersaltad TORSKrom, rapsolja, socker, tomatpuré, potatisflingor, konserveringsmedel (kaliumsorbat, natriumbensoat)), salt, ÄGGula, syra (ättiksyra, mjölksyra), ättika, kryddor, modifierad majsstärkelse, förtjockningsmedel (xantangummi), aromer (innehåller kanel), svart morotskoncentrat, paprikaoleoresin, konserveringsmedel (natriumbensoat, kaliumsorbat).",
    "storage": "Lägsta förvaringstemperatur 2°C Högsta förvaringstemperatur 8°C",
    "allergens": "",
    "usage": "",
    "nutrition": [
      {
        "Näringsvärde": "Energi (kcal)",
        "100 Gram": "255 kcal"
      },
      {
        "Näringsvärde": "Energi (kJ)",
        "100 Gram": "1061 kJ"
      },
      {
        "Näringsvärde": "Fett",
        "100 Gram": "18 g"
      },
      {
        "Näringsvärde": "Varav mättat fett",
        "100 Gram": "3.2 g"
      },
      {
        "Näringsvärde": "Kolhydrat",
        "100 Gram": "15 g"
      },
      {
        "Näringsvärde": "Varav sockerarter",
        "100 Gram": "14 g"
      },
      {
        "Näringsvärde": "Protein",
        "100 Gram": "8.8 g"
      },
      {
        "Näringsvärde": "Salt",
        "100 Gram": "4.2 g"
      }
    ],
    "nutritionUnitText": "Näringsvärde per 100 gram",
    "categories": {
      "mainCategory": "Fisk & Skaldjur",
      "subCategories": [
        {
          "name": "Sill & Ansjovis",
          "subSubCategories": [
            "Inlagd sill"
          ]
        }
      ]
    }
  },
  {
    "name": "Brantevikssill 250g Fiskexporten",
    "weightText": "0.17 kg",
    "caPart": "",
    "weightValue": 0.17,
    "weightUnit": "kg",
    "comparePrice": "185,29 kr/kg u. spad",
    "currentPrice": 31.5,
    "attributes": [],
    "imgUrl": "https://handlaprivatkund.ica.se/images-v3/bf7a00ca-390e-4769-865f-dc369586872e/f3d7b194-aec1-4470-9364-b9322aee6d5c/500x500.jpg",
    "productInformation": "Färsk sill som läggs i ättikslag där den mognar i cirka en månad. Därefter vattnas sillbitarna ur och läggs in tillsammans med lök och sockerlag. Detta resulterar i en klar sill med karaktär, där salt och sött balanserar med markerad pepparsmak. Den färska löken höjer i sin tur smaken ytterligare vilket gör detta till en fantastisk sill som man inte kan låta bli att bjuda sina bästa vänner på.",
    "countryText": "",
    "companyText": "Fiskexporten",
    "ingrediensText": "Ingredienser:SILL (Clupea Harengus, fiskad i nordostatlanten FAO 27 med not och trål), vatten, socker, röd & gul lök, ättika, dill,salt, kryddor,citronextrakt, potatisstärkelse, lagerblad, surhetsreglerande medel(citronsyra) konserveringsmedel (kaliumsorbat, natriumbensoat).",
    "storage": "",
    "allergens": "",
    "usage": "",
    "nutrition": [
      {
        "Näringsvärde": "Energi (kcal)",
        "100 Gram": "178 kcal"
      },
      {
        "Näringsvärde": "Energi (kJ)",
        "100 Gram": "744 kJ"
      },
      {
        "Näringsvärde": "Fett",
        "100 Gram": "6.2 g"
      },
      {
        "Näringsvärde": "Varav mättat fett",
        "100 Gram": "1.4 g"
      },
      {
        "Näringsvärde": "Kolhydrat",
        "100 Gram": "23 g"
      },
      {
        "Näringsvärde": "Varav sockerarter",
        "100 Gram": "21 g"
      },
      {
        "Näringsvärde": "Protein",
        "100 Gram": "6.9 g"
      },
      {
        "Näringsvärde": "Salt",
        "100 Gram": "2.2 g"
      }
    ],
    "nutritionUnitText": "Näringsvärde per 100 gram",
    "categories": {
      "mainCategory": "Fisk & Skaldjur",
      "subCategories": [
        {
          "name": "Sill & Ansjovis",
          "subSubCategories": [
            "Inlagd sill"
          ]
        }
      ]
    }
  },
  {
    "name": "Stenbitsrom Röd 75g Royal Greenland",
    "weightText": "0.075 kg",
    "caPart": "",
    "weightValue": 0.075,
    "weightUnit": "kg",
    "comparePrice": "412,67 kr/kg",
    "currentPrice": 30.95,
    "attributes": [
      "Nyckelhålet",
      "MSC-märkt"
    ],
    "imgUrl": "https://handlaprivatkund.ica.se/images-v3/bf7a00ca-390e-4769-865f-dc369586872e/c85fe9b9-13f6-49bc-969f-f214aa851bab/500x500.jpg",
    "productInformation": "",
    "countryText": "",
    "companyText": "Royal Greenland",
    "ingrediensText": "Ingredienser: Stenbitsrom (FISK) (Cyclopterus lumpus) 88%, vatten, salt, koncentrat av rödbeta, koncentrat av safflor, konserveringsmedel: E211, surhetsreglerande medel: E330, stabiliseringsmedel: E415",
    "storage": "",
    "allergens": "",
    "usage": "",
    "nutrition": [
      {
        "Näringsvärde": "Energi (kcal)",
        "100 Gram": "81 kcal"
      },
      {
        "Näringsvärde": "Energi (kJ)",
        "100 Gram": "340 kJ"
      },
      {
        "Näringsvärde": "Fett",
        "100 Gram": "3.2 g"
      },
      {
        "Näringsvärde": "Varav mättat fett",
        "100 Gram": "0.8 g"
      },
      {
        "Näringsvärde": "Kolhydrat",
        "100 Gram": "2.3 g"
      },
      {
        "Näringsvärde": "Varav sockerarter",
        "100 Gram": "0.5 g"
      },
      {
        "Näringsvärde": "Protein",
        "100 Gram": "11 g"
      },
      {
        "Näringsvärde": "Salt",
        "100 Gram": "2.6 g"
      }
    ],
    "nutritionUnitText": "Näringsvärde per 100 gram",
    "categories": {
      "mainCategory": "Jul",
      "subCategories": [
        {
          "name": "Julmat",
          "subSubCategories": [
            "Lutfisk, Caviar & Röror"
          ]
        }
      ]
    }
  },
  {
    "name": "Matjessill hela filéer 215g Abba",
    "weightText": "0.125 kg",
    "caPart": "",
    "weightValue": 0.125,
    "weightUnit": "kg",
    "comparePrice": "268,00 kr/kg",
    "currentPrice": 33.5,
    "attributes": [],
    "imgUrl": "https://handlaprivatkund.ica.se/images-v3/bf7a00ca-390e-4769-865f-dc369586872e/a4057d97-8d55-42d8-9d6c-b898af53f7db/500x500.jpg",
    "productInformation": "Abba Matjes i hela filéer har en traditionellt rund kryddig smak och är extra omtyckt att använda när man vill göra fina uppläggningar. Varför inte en matjeskrans? Eller lerpottasill? Vår matjes innehåller sill (Clupea harengus) av högsta kvalitet som fiskas i Nordostatlanten och som enbart kommer från livskraftiga bestånd. Sillen får mogna i tunnor med en kryddlag i vårt bergrum i Kungshamn på bohuslänska västkusten tills att den smakar som allra bäst och är redo att njutas av! Matjessill har en given plats vid midsommarfirandet eller äts som den är tillsammans med färsk potatis, gräddfil, gräslök och lite brynt smör. Läs mer på abba.se",
    "countryText": "",
    "companyText": "Abba",
    "ingrediensText": "SILLfiléer, socker, salt, ättika, kryddor (bl.a. kanel, muskotblomma, padoukträ, paprika), lök, dill, naturlig arom, rött padoukextrakt, konserveringsmedel (natriumbensoat, kaliumsorbat).",
    "storage": "I kylskåp 2-8 °C",
    "allergens": "",
    "usage": "",
    "nutrition": [
      {
        "Näringsvärde": "Energi (kcal)",
        "100 Gram": "229 kcal"
      },
      {
        "Näringsvärde": "Energi (kJ)",
        "100 Gram": "958 kJ"
      },
      {
        "Näringsvärde": "Fett",
        "100 Gram": "13 g"
      },
      {
        "Näringsvärde": "Varav mättat fett",
        "100 Gram": "3.3 g"
      },
      {
        "Näringsvärde": "Kolhydrat",
        "100 Gram": "18 g"
      },
      {
        "Näringsvärde": "Varav sockerarter",
        "100 Gram": "17 g"
      },
      {
        "Näringsvärde": "Protein",
        "100 Gram": "11 g"
      },
      {
        "Näringsvärde": "Salt",
        "100 Gram": "6.7 g"
      }
    ],
    "nutritionUnitText": "Näringsvärde per 100 gram",
    "categories": {
      "mainCategory": "Fisk & Skaldjur",
      "subCategories": [
        {
          "name": "Sill & Ansjovis",
          "subSubCategories": [
            "Inlagd sill"
          ]
        }
      ]
    }
  },
  {
    "name": "Torskfilé 300g ICA Gott Liv",
    "weightText": "0.3 kg",
    "caPart": "",
    "weightValue": 0.3,
    "weightUnit": "kg",
    "comparePrice": "340,00 kr/kg",
    "currentPrice": 102,
    "attributes": [
      "Nyckelhålet",
      "MSC-märkt"
    ],
    "imgUrl": "https://handlaprivatkund.ica.se/images-v3/bf7a00ca-390e-4769-865f-dc369586872e/8ae849f6-8424-469a-9f33-a68779743534/500x500.jpg",
    "productInformation": "Torskfilé i två fina bitar om 150g var. Torskfiléer kan du både koka, steka eller använda i soppa, gryta och gratäng. Vår torsk är givetvis MSC-märkt, vilket betyder att den har fiskats hållbart. Infrysning/upptining: Fisk som upplevs som färsk året runt! Direkt efter fångst fryses fisken snabbt ner för att bevara färskhet och kvalité. Fisken tinas sedan varsamt, för att vara så färsk som möjligt när den når dig som kund.",
    "countryText": "",
    "companyText": "ICA Gott Liv",
    "ingrediensText": "TORSKFILÉ* (Gadus morhua) utan skinn. Enstaka ben kan förekomma.*För fångstområde och fiskeredskap se tryck på etikett.",
    "storage": "",
    "allergens": "",
    "usage": "",
    "nutrition": [
      {
        "Näringsvärde": "Energi (kcal)",
        "100 Gram": "78 kcal"
      },
      {
        "Näringsvärde": "Energi (kJ)",
        "100 Gram": "328 kJ"
      },
      {
        "Näringsvärde": "Fett",
        "100 Gram": "0.5 g"
      },
      {
        "Näringsvärde": "Varav mättat fett",
        "100 Gram": "0.5 g"
      },
      {
        "Näringsvärde": "Kolhydrat",
        "100 Gram": "0 g"
      },
      {
        "Näringsvärde": "Varav sockerarter",
        "100 Gram": "0 g"
      },
      {
        "Näringsvärde": "Protein",
        "100 Gram": "18 g"
      },
      {
        "Näringsvärde": "Salt",
        "100 Gram": "0.2 g"
      },
      {
        "Näringsvärde": "Vitamin D",
        "100 Gram": "1.84 µg",
        "% av DRI(*)": "36"
      }
    ],
    "nutritionUnitText": "Näringsvärde per 100 gram",
    "categories": {
      "mainCategory": "Fisk & Skaldjur",
      "subCategories": [
        {
          "name": "Fisk",
          "subSubCategories": [
            "Torsk & Vitfisk",
            "Färsk Torsk & Vitfisk"
          ]
        }
      ]
    }
  },
  {
    "name": "Bläckfiskringar 300g ICA",
    "weightText": "0.3 kg",
    "caPart": "",
    "weightValue": 0.3,
    "weightUnit": "kg",
    "comparePrice": "216,50 kr/kg",
    "currentPrice": 64.95,
    "attributes": [
      "MSC-märkt"
    ],
    "imgUrl": "https://handlaprivatkund.ica.se/images-v3/bf7a00ca-390e-4769-865f-dc369586872e/5f43e674-8ae6-43fc-84c0-2e47ed6d7c16/500x500.jpg",
    "productInformation": "ICAs Bläckfiskringar är en riktig medelhavsklassiker. Enkel att tillaga och god att bjuda på.",
    "countryText": "",
    "companyText": "ICA",
    "ingrediensText": "75 % BLÄCKFISK, vatten, fuktighetsbevarande medel (E330, E331, E451, E452), salt. Fiskad me Trålar i Nordvästatlanten, fångstzon 21.",
    "storage": "Lägsta förvaringstemperatur -20°C Högsta förvaringstemperatur -18°C",
    "allergens": "Undeclared Lupin Undeclared Selleri Undeclared Senap Undeclared Svaveldioxid eller sulfit Undeclared Kräftdjur Undeclared Sojabönor Undeclared Sesamfrön Undeclared Ägg Undeclared Mjölk Undeclared Nötter (eng: tree nuts) Undeclared Jordnötter Undeclared Fisk Innehåller Blötdjur Undeclared Spannmål som innehåller gluten",
    "usage": "",
    "nutrition": [
      {
        "Näringsvärde": "Energi (kcal)",
        "100 Gram": "50 kcal"
      },
      {
        "Näringsvärde": "Energi (kJ)",
        "100 Gram": "230 kJ"
      },
      {
        "Näringsvärde": "Fett",
        "100 Gram": "0.6 g"
      },
      {
        "Näringsvärde": "Varav mättat fett",
        "100 Gram": "0.3 g"
      },
      {
        "Näringsvärde": "Protein",
        "100 Gram": "12 g"
      },
      {
        "Näringsvärde": "Salt",
        "100 Gram": "1.2 g"
      },
      {
        "Näringsvärde": "Natrium",
        "100 Gram": "0.48 g"
      }
    ],
    "nutritionUnitText": "Näringsvärde per 100 gram",
    "categories": {
      "mainCategory": "Fryst",
      "subCategories": [
        {
          "name": "Fryst fisk & Skaldjur",
          "subSubCategories": [
            "Frysta skaldjursdelikatesser"
          ]
        }
      ]
    }
  },
  {
    "name": "Kräftgravad sill 250g Fiskexporten",
    "weightText": "0.25 kg",
    "caPart": "",
    "weightValue": 0.25,
    "weightUnit": "kg",
    "comparePrice": "126,00 kr/kg",
    "currentPrice": 31.5,
    "attributes": [],
    "imgUrl": "https://handlaprivatkund.ica.se/images-v3/bf7a00ca-390e-4769-865f-dc369586872e/72ce43fe-6b5f-4628-b0c4-19eceed0a397/500x500.jpg",
    "productInformation": "Färsk sill som läggs direkt i en söt ättikslag där den får mogna. Därefter läggs den i vår krämiga kräftsås, vilket resulterar i en mjuk men fyllig sill där kräftsmaken och krondillen är tongivande. Med andra ord, en god sillklassiker!",
    "countryText": "",
    "companyText": "Fiskexporten",
    "ingrediensText": "Ingredienser: SILL (Clupea harengus, fiskad i Nordostatlanten FAO27, med not och trål), rapsolja, vatten, socker, röd lök, tomat, ÄGGULA, SENAPSFRÖ, ättika, salt, dill, kryddor, arom (bl a SELLERI), citronkoncentrat, konserveringsmedel (kaliumsorbat, natriumbensoat), förtjockningsmedel (guarkärnmjöl, xantangummi), surhetsreglerande medel (mjölksyra, citronsyra), färgämne (riboflavin, betakaroten), sandel.",
    "storage": "",
    "allergens": "",
    "usage": "",
    "nutrition": [
      {
        "Näringsvärde": "Energi (kcal)",
        "100 Gram": "276 kcal"
      },
      {
        "Näringsvärde": "Energi (kJ)",
        "100 Gram": "1156 kJ"
      },
      {
        "Näringsvärde": "Fett",
        "100 Gram": "22 g"
      },
      {
        "Näringsvärde": "Varav mättat fett",
        "100 Gram": "2.7 g"
      },
      {
        "Näringsvärde": "Kolhydrat",
        "100 Gram": "12 g"
      },
      {
        "Näringsvärde": "Varav sockerarter",
        "100 Gram": "11 g"
      },
      {
        "Näringsvärde": "Protein",
        "100 Gram": "8.7 g"
      },
      {
        "Näringsvärde": "Salt",
        "100 Gram": "3.8 g"
      }
    ],
    "nutritionUnitText": "Näringsvärde per 100 gram",
    "categories": {
      "mainCategory": "Fisk & Skaldjur",
      "subCategories": [
        {
          "name": "Sill & Ansjovis",
          "subSubCategories": [
            "Inlagd sill"
          ]
        }
      ]
    }
  },
  {
    "name": "Löjrom kyld 50g Ullmo",
    "weightText": "0.05 kg",
    "caPart": "",
    "weightValue": 0.05,
    "weightUnit": "kg",
    "comparePrice": "2 300,00 kr/kg",
    "currentPrice": 115,
    "attributes": [],
    "imgUrl": "https://handlaprivatkund.ica.se/images-v3/bf7a00ca-390e-4769-865f-dc369586872e/b4f8eee1-14c3-4bb5-9269-80a7163eef6a/500x500.jpg",
    "productInformation": "",
    "countryText": "",
    "companyText": "Ullmo",
    "ingrediensText": "Nordamerikansk LÖJROM* från Amerikansk siklöja (Coregonus artedi), salt 3,5%. Nettovikt: 50g. Pastöriserad utan konserveringsmedel. *Fiskad med garn i Lake Superior, USA.",
    "storage": "",
    "allergens": "",
    "usage": "",
    "nutrition": [
      {
        "Näringsvärde": "Energi (kcal)",
        "100 Gram": "126 kcal"
      },
      {
        "Näringsvärde": "Energi (kJ)",
        "100 Gram": "527 kJ"
      },
      {
        "Näringsvärde": "Fett",
        "100 Gram": "2.3 g"
      },
      {
        "Näringsvärde": "Varav mättat fett",
        "100 Gram": "0.4 g"
      },
      {
        "Näringsvärde": "Kolhydrat",
        "100 Gram": "1.5 g"
      },
      {
        "Näringsvärde": "Varav sockerarter",
        "100 Gram": "0 g"
      },
      {
        "Näringsvärde": "Protein",
        "100 Gram": "24.5 g"
      },
      {
        "Näringsvärde": "Salt",
        "100 Gram": "3.5 g"
      }
    ],
    "nutritionUnitText": "Näringsvärde per 100 gram",
    "categories": {
      "mainCategory": "Fisk & Skaldjur",
      "subCategories": [
        {
          "name": "Kaviar & Rom",
          "subSubCategories": [
            "Färsk rom"
          ]
        }
      ]
    }
  },
  {
    "name": "Laxfilé Färsk Gravad 100g Miljömärkt Korshags",
    "weightText": "0.1 kg",
    "caPart": "",
    "weightValue": 0.1,
    "weightUnit": "kg",
    "comparePrice": "539,50 kr/kg",
    "currentPrice": 53.95,
    "attributes": [
      "Nyckelhålet"
    ],
    "imgUrl": "https://handlaprivatkund.ica.se/images-v3/bf7a00ca-390e-4769-865f-dc369586872e/3cb3fe5f-5765-4310-8ff4-ea1b5611da0a/500x500.jpg",
    "productInformation": "Gravad lax av högsta kvalité i fina skivor. Handgravad i Falkenberg enligt vårt origanlrecept med salt, socker, dill och vitpeppar och helt utan tillsatser. Färdig att ätas till risotton eller rårakan. Hållbart odlad (ASC) och nyckelhålsmärkt. Korshags började 1937 med en liten fiskbutik i Falkenberg och rymmer idag tre generationer av kunskap, hantverk och nyfikenhet. Och det är vår genuina kärlek till råvarorna, maten och havet som genomsyrar allt vi gör.",
    "countryText": "",
    "companyText": "Korshags",
    "ingrediensText": "LAX, salt, socker, dill, vitpeppar",
    "storage": "",
    "allergens": "",
    "usage": "",
    "nutrition": [
      {
        "Näringsvärde": "Energi (kcal)",
        "100 Gram": "190 kcal"
      },
      {
        "Näringsvärde": "Energi (kJ)",
        "100 Gram": "800 kJ"
      },
      {
        "Näringsvärde": "Fett",
        "100 Gram": "12 g"
      },
      {
        "Näringsvärde": "Varav fleromättat fett",
        "100 Gram": "3.6 g"
      },
      {
        "Näringsvärde": "Varav mättat fett",
        "100 Gram": "1.8 g"
      },
      {
        "Näringsvärde": "Varav enkelomättat fett",
        "100 Gram": "6.5 g"
      },
      {
        "Näringsvärde": "Kolhydrat",
        "100 Gram": "2.7 g"
      },
      {
        "Näringsvärde": "Varav sockerarter",
        "100 Gram": "1.7 g"
      },
      {
        "Näringsvärde": "Protein",
        "100 Gram": "18.5 g"
      },
      {
        "Näringsvärde": "Salt",
        "100 Gram": "3 g"
      }
    ],
    "nutritionUnitText": "Näringsvärde per 100 gram",
    "categories": {
      "mainCategory": "Jul",
      "subCategories": [
        {
          "name": "Julmat",
          "subSubCategories": [
            "Lax & Gravlaxsås"
          ]
        }
      ]
    }
  },
  {
    "name": "Sill Asian Fusion Chili Ingefära Salladslök 240g Abba",
    "weightText": "0.12 kg",
    "caPart": "",
    "weightValue": 0.12,
    "weightUnit": "kg",
    "comparePrice": "212,50 kr/kg",
    "currentPrice": 25.5,
    "attributes": [],
    "imgUrl": "https://handlaprivatkund.ica.se/images-v3/bf7a00ca-390e-4769-865f-dc369586872e/1928264d-07f1-4e06-9f5c-18e6d6700e6f/500x500.jpg",
    "productInformation": "Abba Årets smak, Asian Fusion ? Chili, Ingefära, Salladslök. En härlig ny smak där det traditionella svenska sillhantverket möter spännande asiatiska smaker. Hettan från chili, syrlig lime, sötma från salladslök och rivet från ingefära i kombination med den salta sillen, skapas en harmoni av smaker i munnen där mixen av Asien och Sverige gifter sig perfekt. Perfekt för dig som vill testa något nytt och spännande på sillbordet!",
    "countryText": "",
    "companyText": "Abba",
    "ingrediensText": "SILL i bitar, socker, limejuice från koncentrat, salt, ingefära, salladslök 2%, ättika, chiliflakes, svartpeppar, limeolja, naturlig arom (innehåller kanel), syra (ättiksyra), konserveringsmedel (natriumbensoat, kaliumsorbat)",
    "storage": "Öppnad produkt smakar bäst inom 14 dagar. I kylskåp 2-8 °C",
    "allergens": "",
    "usage": "",
    "nutrition": [
      {
        "Näringsvärde": "Energi (kcal)",
        "100 Gram": "247 kcal"
      },
      {
        "Näringsvärde": "Energi (kJ)",
        "100 Gram": "1035 kJ"
      },
      {
        "Näringsvärde": "Fett",
        "100 Gram": "13 g"
      },
      {
        "Näringsvärde": "Varav mättat fett",
        "100 Gram": "3.4 g"
      },
      {
        "Näringsvärde": "Kolhydrat",
        "100 Gram": "22 g"
      },
      {
        "Näringsvärde": "Varav sockerarter",
        "100 Gram": "21 g"
      },
      {
        "Näringsvärde": "Protein",
        "100 Gram": "11 g"
      },
      {
        "Näringsvärde": "Salt",
        "100 Gram": "3.1 g"
      }
    ],
    "nutritionUnitText": "Näringsvärde per 100 gram",
    "categories": {
      "mainCategory": "Fisk & Skaldjur",
      "subCategories": [
        {
          "name": "Sill & Ansjovis",
          "subSubCategories": [
            "Inlagd sill"
          ]
        }
      ]
    }
  },
  {
    "name": "Rom svart finkornig 78g Abba",
    "weightText": "0.078 kg",
    "caPart": "",
    "weightValue": 0.078,
    "weightUnit": "kg",
    "comparePrice": "409,62 kr/kg",
    "currentPrice": 31.95,
    "attributes": [
      "MSC-märkt"
    ],
    "imgUrl": "https://handlaprivatkund.ica.se/images-v3/bf7a00ca-390e-4769-865f-dc369586872e/a2c26e5e-854d-4950-b07a-221c64cbd7d0/500x500.jpg",
    "productInformation": "Abba Finkornig rom är en svart caviar med små fina romkorn som är ett prisvärt alternativ till löjrom och stenbitsrom och passar perfekt som lyxigt tillbehör till förrätten, såsen eller varför inte chipsen? Finkornig rom består av rom från sill (Clupea harengus) av högsta kvalitet som fiskas i Nordostatlanten och som enbart kommer från livskraftiga bestånd. Romen lagras sedan i vårt bergrum i Kungshamn på bohuslänska västkusten innan den hamnar i förpackningen. Vad ska du laga för mat idag? Varför inte göra en smörstekt toast med caviar, finhackad rödlök, lite smetana och dill?",
    "countryText": "",
    "companyText": "Abba",
    "ingrediensText": "Saltad SILLrom (88%), vatten, svart morotsjuicekoncentrat, färgämne (E153, E120, E133, E150d (Innehåller SVAVELdioxid)), förtjockningsmedel (E415), konserveringsmedel (E202, E211), socker, syra (E330), naturlig lökarom.",
    "storage": "I kylskåp max 8 °C. Öppnad förpackning konsumeras inom 14 dagar Lägsta förvaringstemperatur 2°C Högsta förvaringstemperatur 8°C",
    "allergens": "",
    "usage": "",
    "nutrition": [
      {
        "Näringsvärde": "Energi (kcal)",
        "100 Gram": "70 kcal"
      },
      {
        "Näringsvärde": "Energi (kJ)",
        "100 Gram": "295 kJ"
      },
      {
        "Näringsvärde": "Fett",
        "100 Gram": "1.3 g"
      },
      {
        "Näringsvärde": "Varav mättat fett",
        "100 Gram": "0 g"
      },
      {
        "Näringsvärde": "Kolhydrat",
        "100 Gram": "3.5 g"
      },
      {
        "Näringsvärde": "Varav sockerarter",
        "100 Gram": "0.8 g"
      },
      {
        "Näringsvärde": "Protein",
        "100 Gram": "11 g"
      },
      {
        "Näringsvärde": "Salt",
        "100 Gram": "5.3 g"
      }
    ],
    "nutritionUnitText": "Näringsvärde per 100 gram",
    "categories": {
      "mainCategory": "Jul",
      "subCategories": [
        {
          "name": "Julmat",
          "subSubCategories": [
            "Lutfisk, Caviar & Röror"
          ]
        }
      ]
    }
  },
  {
    "name": "Regnbågslax Färsk Varmrökt ca 800g Korshags",
    "weightText": "Ca 0.8 kg",
    "caPart": "Ca",
    "weightValue": 0.8,
    "weightUnit": "kg",
    "comparePrice": "199,00 kr/kg",
    "currentPrice": 159.2,
    "attributes": [
      "Nyckelhålet"
    ],
    "imgUrl": "https://handlaprivatkund.ica.se/images-v3/bf7a00ca-390e-4769-865f-dc369586872e/d2d0da28-d1dc-4e5e-a3e4-5216c1975d43/500x500.jpg",
    "productInformation": "Varmrökt regnbågslax av högsta kvalité. Färskrökt för hand i Falkenberg med enbär, färskflisad alved från Halland och helt utan tillsatser. De naturliga aromerna från veden ger en välbalanserad röksmak och fin karaktär. Hållbart odlad (ASC) och nyckelhålsmärkt. Korshags började 1937 med en liten fiskbutik i Falkenberg och rymmer idag tre generationer av kunskap, hantverk och nyfikenhet. Och det är vår genuina kärlek till råvarorna, maten och havet som genomsyrar allt vi gör.",
    "countryText": "",
    "companyText": "Korshags",
    "ingrediensText": "Ingredienser: REGNBÅGSLAX, salt",
    "storage": "",
    "allergens": "",
    "usage": "",
    "nutrition": [
      {
        "Näringsvärde": "Energi (kcal)",
        "100 Gram": "160 kcal"
      },
      {
        "Näringsvärde": "Energi (kJ)",
        "100 Gram": "670 kJ"
      },
      {
        "Näringsvärde": "Fett",
        "100 Gram": "7.7 g"
      },
      {
        "Näringsvärde": "Varav fleromättat fett",
        "100 Gram": "2.1 g"
      },
      {
        "Näringsvärde": "Varav mättat fett",
        "100 Gram": "1.2 g"
      },
      {
        "Näringsvärde": "Varav enkelomättat fett",
        "100 Gram": "3.6 g"
      },
      {
        "Näringsvärde": "Kolhydrat",
        "100 Gram": "0.5 g"
      },
      {
        "Näringsvärde": "Varav sockerarter",
        "100 Gram": "0.5 g"
      },
      {
        "Näringsvärde": "Protein",
        "100 Gram": "22.3 g"
      },
      {
        "Näringsvärde": "Salt",
        "100 Gram": "1.9 g"
      }
    ],
    "nutritionUnitText": "Näringsvärde per 100 gram",
    "categories": {
      "mainCategory": "Fisk & Skaldjur",
      "subCategories": [
        {
          "name": "Fisk",
          "subSubCategories": [
            "Lax",
            "Rökt lax"
          ]
        }
      ]
    }
  },
  {
    "name": "Surströmming filé 10-12st 300g Oskars",
    "weightText": "0.3 kg",
    "caPart": "",
    "weightValue": 0.3,
    "weightUnit": "kg",
    "comparePrice": "333,17 kr/kg u. spad",
    "currentPrice": 99.95,
    "attributes": [],
    "imgUrl": "https://handlaprivatkund.ica.se/images-v3/bf7a00ca-390e-4769-865f-dc369586872e/721ae95a-f74a-435d-9471-3ba3e57b022c/500x500.jpg",
    "productInformation": "Kylkonserv. Förvaras kallt (+4°C till +6°C",
    "countryText": "",
    "companyText": "Oskars",
    "ingrediensText": "",
    "storage": "",
    "allergens": "",
    "usage": "",
    "nutrition": [],
    "nutritionUnitText": "",
    "categories": {
      "mainCategory": "Fisk & Skaldjur",
      "subCategories": [
        {
          "name": "Sill & Ansjovis",
          "subSubCategories": [
            "Surströmming"
          ]
        }
      ]
    }
  },
  {
    "name": "Matjessill 300g Mor Brittas",
    "weightText": "0.3 kg",
    "caPart": "",
    "weightValue": 0.3,
    "weightUnit": "kg",
    "comparePrice": "133,17 kr/kg",
    "currentPrice": 39.95,
    "attributes": [],
    "imgUrl": "https://handlaprivatkund.ica.se/images-v3/bf7a00ca-390e-4769-865f-dc369586872e/8e4e91ca-410c-43a3-bba0-5d2c4fc8cc6b/500x500.jpg",
    "productInformation": "Kylvara. Förvaras vid högst +8°C",
    "countryText": "",
    "companyText": "Kosterfiskarn",
    "ingrediensText": "",
    "storage": "",
    "allergens": "",
    "usage": "",
    "nutrition": [],
    "nutritionUnitText": "",
    "categories": {
      "mainCategory": "Fisk & Skaldjur",
      "subCategories": [
        {
          "name": "Sill & Ansjovis",
          "subSubCategories": [
            "Inlagd sill"
          ]
        }
      ]
    }
  },
  {
    "name": "Surströmmingsfiléer 300g Röda Ulven",
    "weightText": "0.3 kg",
    "caPart": "",
    "weightValue": 0.3,
    "weightUnit": "kg",
    "comparePrice": "350,00 kr/kg u. spad",
    "currentPrice": 105,
    "attributes": [],
    "imgUrl": "https://handlaprivatkund.ica.se/images-v3/bf7a00ca-390e-4769-865f-dc369586872e/24583c11-c604-4640-804d-42d7c46def8e/500x500.jpg",
    "productInformation": "",
    "countryText": "",
    "companyText": "Röda Ulven",
    "ingrediensText": "Strömmingsfilé, vatten och salt",
    "storage": "",
    "allergens": "",
    "usage": "",
    "nutrition": [
      {
        "Näringsvärde": "Energi (kcal)",
        "100 Gram": "61 kcal"
      },
      {
        "Näringsvärde": "Energi (kJ)",
        "100 Gram": "255 kJ"
      },
      {
        "Näringsvärde": "Fett",
        "100 Gram": "2.2 g"
      },
      {
        "Näringsvärde": "Varav mättat fett",
        "100 Gram": "0.5 g"
      },
      {
        "Näringsvärde": "Kolhydrat",
        "100 Gram": "0.59 g"
      },
      {
        "Näringsvärde": "Varav sockerarter",
        "100 Gram": "0.59 g"
      },
      {
        "Näringsvärde": "Protein",
        "100 Gram": "9.7 g"
      },
      {
        "Näringsvärde": "Salt",
        "100 Gram": "7.5 g"
      }
    ],
    "nutritionUnitText": "Näringsvärde per 100 gram",
    "categories": {
      "mainCategory": "Fisk & Skaldjur",
      "subCategories": [
        {
          "name": "Sill & Ansjovis",
          "subSubCategories": [
            "Surströmming"
          ]
        }
      ]
    }
  },
  {
    "name": "Surströmmingsfilé 300g Kallax",
    "weightText": "0.3 kg",
    "caPart": "",
    "weightValue": 0.3,
    "weightUnit": "kg",
    "comparePrice": "296,50 kr/kg u. spad",
    "currentPrice": 88.95,
    "attributes": [],
    "imgUrl": "https://handlaprivatkund.ica.se/images-v3/bf7a00ca-390e-4769-865f-dc369586872e/732010fd-7334-45b0-93f0-5cd8c1bd9402/500x500.jpg",
    "productInformation": "",
    "countryText": "",
    "companyText": "Kallax",
    "ingrediensText": "STRÖMMING (clupea harengus), Vatten, Salt",
    "storage": "",
    "allergens": "",
    "usage": "",
    "nutrition": [],
    "nutritionUnitText": "",
    "categories": {
      "mainCategory": "Fisk & Skaldjur",
      "subCategories": [
        {
          "name": "Sill & Ansjovis",
          "subSubCategories": [
            "Surströmming"
          ]
        }
      ]
    }
  },
  {
    "name": "Laxfilé Färsk Varmrökt Chili & Sesam 125g Korshags",
    "weightText": "0.125 kg",
    "caPart": "",
    "weightValue": 0.125,
    "weightUnit": "kg",
    "comparePrice": "559,60 kr/kg",
    "currentPrice": 69.95,
    "attributes": [
      "Nyckelhålet"
    ],
    "imgUrl": "https://handlaprivatkund.ica.se/images-v3/bf7a00ca-390e-4769-865f-dc369586872e/42142e9a-ebda-46de-b550-140b5c80c3fb/500x500.jpg",
    "productInformation": "Varmrökt lax av högsta kvalité med en kryddig glaze av chili, vitlök och toppad med vita sesamfrön. Färskrökt för hand i Falkenberg med enbär, färskflisad alved från Halland och helt utan tillsatser. Klar att ätas, inspirerad av det koreanska köket men lika självklar i andra asiatiska recept. Hållbart odlad (ASC) och nyckelhålsmärkt. Korshags började 1937 med en liten fiskbutik i Falkenberg och rymmer idag tre generationer av kunskap, hantverk och nyfikenhet. Och det är vår genuina kärlek till råvarorna, maten och havet som genomsyrar allt vi gör.",
    "countryText": "",
    "companyText": "Korshags",
    "ingrediensText": "Ingredienser: LAX, salt, SESAMFRÖ, vitlök, druvsocker, chiliflakes, kryddor, vitvinsvinägerpulver.",
    "storage": "",
    "allergens": "",
    "usage": "",
    "nutrition": [
      {
        "Näringsvärde": "Energi (kcal)",
        "100 Gram": "279 kcal"
      },
      {
        "Näringsvärde": "Energi (kJ)",
        "100 Gram": "1161 kJ"
      },
      {
        "Näringsvärde": "Fett",
        "100 Gram": "19.3 g"
      },
      {
        "Näringsvärde": "Varav fleromättat fett",
        "100 Gram": "6.3 g"
      },
      {
        "Näringsvärde": "Varav mättat fett",
        "100 Gram": "2.5 g"
      },
      {
        "Näringsvärde": "Varav enkelomättat fett",
        "100 Gram": "8.8 g"
      },
      {
        "Näringsvärde": "Kolhydrat",
        "100 Gram": "0.6 g"
      },
      {
        "Näringsvärde": "Varav sockerarter",
        "100 Gram": "0.5 g"
      },
      {
        "Näringsvärde": "Protein",
        "100 Gram": "25.7 g"
      },
      {
        "Näringsvärde": "Salt",
        "100 Gram": "1.1 g"
      }
    ],
    "nutritionUnitText": "Näringsvärde per 100 gram",
    "categories": {
      "mainCategory": "Fisk & Skaldjur",
      "subCategories": [
        {
          "name": "Fisk",
          "subSubCategories": [
            "Lax",
            "Rökt lax"
          ]
        }
      ]
    }
  },
  {
    "name": "Senapssill 250g Fiskexporten",
    "weightText": "0.25 kg",
    "caPart": "",
    "weightValue": 0.25,
    "weightUnit": "kg",
    "comparePrice": "126,00 kr/kg",
    "currentPrice": 31.5,
    "attributes": [],
    "imgUrl": "https://handlaprivatkund.ica.se/images-v3/bf7a00ca-390e-4769-865f-dc369586872e/e419b713-ef88-4100-8649-5c7bf64aeafc/500x500.jpg",
    "productInformation": "En klassiker på festbordet. Gjord på skånsk grovkornig senap. Salt sill som vattnas ur och läggs i en sockerlag och därefter i en krämig senapsås.",
    "countryText": "",
    "companyText": "Fiskexporten",
    "ingrediensText": "Ingredienser: SILL (Clupea harengus, fiskad i Nordostatlanten FAO27, med not och trål), rapsolja, vatten, socker, SENAPSFRÖ, ättika, ÄGGULA, dill, salt, kryddor, modifierad majsstärkelse, citronkoncentrat, konserveringsmedel (kaliumsorbat, natriumbensoat), förtjockningsmedel (guarkärnmjöl, xantangummi), surhetsreglerande medel (mjölksyra, citronsyra), färgämne (riboflavin, betakaroten).",
    "storage": "",
    "allergens": "",
    "usage": "",
    "nutrition": [
      {
        "Näringsvärde": "Energi (kcal)",
        "100 Gram": "262 kcal"
      },
      {
        "Näringsvärde": "Energi (kJ)",
        "100 Gram": "1096 kJ"
      },
      {
        "Näringsvärde": "Fett",
        "100 Gram": "14 g"
      },
      {
        "Näringsvärde": "Varav mättat fett",
        "100 Gram": "1.7 g"
      },
      {
        "Näringsvärde": "Kolhydrat",
        "100 Gram": "23 g"
      },
      {
        "Näringsvärde": "Varav sockerarter",
        "100 Gram": "21 g"
      },
      {
        "Näringsvärde": "Protein",
        "100 Gram": "10 g"
      },
      {
        "Näringsvärde": "Salt",
        "100 Gram": "2 g"
      }
    ],
    "nutritionUnitText": "Näringsvärde per 100 gram",
    "categories": {
      "mainCategory": "Fisk & Skaldjur",
      "subCategories": [
        {
          "name": "Sill & Ansjovis",
          "subSubCategories": [
            "Inlagd sill"
          ]
        }
      ]
    }
  },
  {
    "name": "Grönmusslor Fryst 500g ICA",
    "weightText": "0.5 kg",
    "caPart": "",
    "weightValue": 0.5,
    "weightUnit": "kg",
    "comparePrice": "185,90 kr/kg",
    "currentPrice": 92.95,
    "attributes": [
      "Nyckelhålet"
    ],
    "imgUrl": "https://handlaprivatkund.ica.se/images-v3/bf7a00ca-390e-4769-865f-dc369586872e/863a9f5c-8c65-4af7-ac49-492ccdd02d55/500x500.jpg",
    "productInformation": "ICAs Grönmusslor är färdiga att grantinera, se tips på recept på baksidan av förpackningen.",
    "countryText": "",
    "companyText": "ICA",
    "ingrediensText": "Grönmusslor/grønnskjell* med skal. (Perna canaliculus) *Odlade i Nya Zeeland.",
    "storage": "Lägsta förvaringstemperatur -24°C Högsta förvaringstemperatur -18°C",
    "allergens": "Innehåller Blötdjur",
    "usage": "",
    "nutrition": [],
    "nutritionUnitText": "Näringsvärde per styck",
    "categories": {
      "mainCategory": "Fryst",
      "subCategories": [
        {
          "name": "Fryst fisk & Skaldjur",
          "subSubCategories": [
            "Frysta skaldjursdelikatesser"
          ]
        }
      ]
    }
  },
  {
    "name": "Kräftmarinerad Sill 250g Klädesholmen",
    "weightText": "0.125 kg",
    "caPart": "",
    "weightValue": 0.125,
    "weightUnit": "kg",
    "comparePrice": "196,00 kr/kg u. spad",
    "currentPrice": 24.5,
    "attributes": [],
    "imgUrl": "https://handlaprivatkund.ica.se/images-v3/bf7a00ca-390e-4769-865f-dc369586872e/441b2d0b-fe4b-4d8a-8305-0e95f8c2b004/500x500.jpg",
    "productInformation": "",
    "countryText": "",
    "companyText": "Klädesholmen",
    "ingrediensText": "Ingredienser: Marinerad SILL (Clupea harengus)* i bitar (SILL, salt, ättika, socker), rapsolja, vatten, socker, chilisås (tomatpuré, socker, salt, chili, kryddor), lök, röd SUMPKRÄFTA (Procambarus clarkii) 2,0%, ättika, ÄGGPULVER, purjolök, dill, surhetsreglerande medel (citronsyra), förtjockningsmedel (E415), konserveringsmedel (E211, E202), aromer (bl.a. SKALDJUR).",
    "storage": "Förvaras kylt. Lägsta förvaringstemperatur 2°C Högsta förvaringstemperatur 8°C",
    "allergens": "",
    "usage": "",
    "nutrition": [
      {
        "Näringsvärde": "Energi (kcal)",
        "100 Gram": "230 kcal"
      },
      {
        "Näringsvärde": "Energi (kJ)",
        "100 Gram": "1100 kJ"
      },
      {
        "Näringsvärde": "Fett",
        "100 Gram": "18 g"
      },
      {
        "Näringsvärde": "Varav mättat fett",
        "100 Gram": "2.4 g"
      },
      {
        "Näringsvärde": "Kolhydrat",
        "100 Gram": "18 g"
      },
      {
        "Näringsvärde": "Varav sockerarter",
        "100 Gram": "17 g"
      },
      {
        "Näringsvärde": "Protein",
        "100 Gram": "7.1 g"
      },
      {
        "Näringsvärde": "Salt",
        "100 Gram": "2.5 g"
      }
    ],
    "nutritionUnitText": "Näringsvärde per 100 gram",
    "categories": {
      "mainCategory": "Fisk & Skaldjur",
      "subCategories": [
        {
          "name": "Sill & Ansjovis",
          "subSubCategories": [
            "Inlagd sill"
          ]
        }
      ]
    }
  },
  {
    "name": "Laxfilé Färsk Varmrökt Smokey Taco 125g Korshags",
    "weightText": "0.125 kg",
    "caPart": "",
    "weightValue": 0.125,
    "weightUnit": "kg",
    "comparePrice": "559,60 kr/kg",
    "currentPrice": 69.95,
    "attributes": [
      "Nyckelhålet"
    ],
    "imgUrl": "https://handlaprivatkund.ica.se/images-v3/bf7a00ca-390e-4769-865f-dc369586872e/b4b9c93e-6af8-4f26-95d7-c94fe14fffcf/500x500.jpg",
    "productInformation": "Varmrökt lax av högsta kvalité med en mild och frisk tacokryddning av vitlök, paprika, koriander, ingefära, mango och lime. Färskrökt för hand i Falkenberg med enbär, färskflisad alved från Halland och helt utan tillsatser. Färdig att ätas, dela i mindre bitar till tacos med dina favorittillbehör. Hållbart odlad (ASC) och nyckelhålsmärkt. Korshags började 1937 med en liten fiskbutik i Falkenberg och rymmer idag tre generationer av kunskap, hantverk och nyfikenhet. Och det är vår genuina kärlek till råvarorna, maten och havet som genomsyrar allt vi gör.",
    "countryText": "",
    "companyText": "Korshags",
    "ingrediensText": "Ingredienser: LAX, salt, kryddor, druvsocker, tomat, lök, vitlök, koriander, citronjuicepulver, paprika, limejuicepulver, mangojuicepulver, kryddextrakt",
    "storage": "",
    "allergens": "",
    "usage": "",
    "nutrition": [
      {
        "Näringsvärde": "Energi (kcal)",
        "100 Gram": "210 kcal"
      },
      {
        "Näringsvärde": "Energi (kJ)",
        "100 Gram": "880 kJ"
      },
      {
        "Näringsvärde": "Fett",
        "100 Gram": "11.4 g"
      },
      {
        "Näringsvärde": "Varav fleromättat fett",
        "100 Gram": "3.8 g"
      },
      {
        "Näringsvärde": "Varav mättat fett",
        "100 Gram": "1.5 g"
      },
      {
        "Näringsvärde": "Varav enkelomättat fett",
        "100 Gram": "5 g"
      },
      {
        "Näringsvärde": "Kolhydrat",
        "100 Gram": "1 g"
      },
      {
        "Näringsvärde": "Varav sockerarter",
        "100 Gram": "0.3 g"
      },
      {
        "Näringsvärde": "Protein",
        "100 Gram": "25.9 g"
      },
      {
        "Näringsvärde": "Salt",
        "100 Gram": "2.1 g"
      }
    ],
    "nutritionUnitText": "Näringsvärde per 100 gram",
    "categories": {
      "mainCategory": "Fisk & Skaldjur",
      "subCategories": [
        {
          "name": "Fisk",
          "subSubCategories": [
            "Lax",
            "Rökt lax"
          ]
        }
      ]
    }
  },
  {
    "name": "Laxfilé Färsk Kokt 300g Miljömärkt Korshags",
    "weightText": "0.3 kg",
    "caPart": "",
    "weightValue": 0.3,
    "weightUnit": "kg",
    "comparePrice": "396,67 kr/kg",
    "currentPrice": 119,
    "attributes": [
      "Nyckelhålet"
    ],
    "imgUrl": "https://handlaprivatkund.ica.se/images-v3/bf7a00ca-390e-4769-865f-dc369586872e/b5df6808-d955-4c51-a14a-e09039422918/500x500.jpg",
    "productInformation": "Saftig delibit av kokt lax av högsta kvalité som vi koktat varsamt i Falkenberg. Smaksatt med dill och helt utan tillsatser. Passar hela familen och är färdig att ätas till salladen eller färskpotatisen. Hållbart odlad (ASC) och nyckelhålsmärkt. Korshags började 1937 med en liten fiskbutik i Falkenberg och rymmer idag tre generationer av kunskap, hantverk och nyfikenhet. Och det är vår genuina kärlek till råvarorna, maten och havet som genomsyrar allt vi gör.",
    "countryText": "",
    "companyText": "Korshags",
    "ingrediensText": "LAX, salt, dill",
    "storage": "skinnpack",
    "allergens": "",
    "usage": "",
    "nutrition": [
      {
        "Näringsvärde": "Energi (kcal)",
        "100 Gram": "150 kcal"
      },
      {
        "Näringsvärde": "Energi (kJ)",
        "100 Gram": "630 kJ"
      },
      {
        "Näringsvärde": "Fett",
        "100 Gram": "7.4 g"
      },
      {
        "Näringsvärde": "Varav fleromättat fett",
        "100 Gram": "2.1 g"
      },
      {
        "Näringsvärde": "Varav mättat fett",
        "100 Gram": "1 g"
      },
      {
        "Näringsvärde": "Varav enkelomättat fett",
        "100 Gram": "3.6 g"
      },
      {
        "Näringsvärde": "Kolhydrat",
        "100 Gram": "0.5 g"
      },
      {
        "Näringsvärde": "Varav sockerarter",
        "100 Gram": "0.1 g"
      },
      {
        "Näringsvärde": "Protein",
        "100 Gram": "20.6 g"
      },
      {
        "Näringsvärde": "Salt",
        "100 Gram": "1.1 g"
      }
    ],
    "nutritionUnitText": "Näringsvärde per 100 gram",
    "categories": {
      "mainCategory": "Fisk & Skaldjur",
      "subCategories": [
        {
          "name": "Fisk",
          "subSubCategories": [
            "Lax",
            "Färsk lax"
          ]
        }
      ]
    }
  },
  {
    "name": "Torskrygg Fryst 450g Feldt's",
    "weightText": "0.45 kg",
    "caPart": "",
    "weightValue": 0.45,
    "weightUnit": "kg",
    "comparePrice": "286,67 kr/kg",
    "currentPrice": 129,
    "attributes": [
      "MSC-märkt"
    ],
    "imgUrl": "https://handlaprivatkund.ica.se/images-v3/bf7a00ca-390e-4769-865f-dc369586872e/2e259f20-64c5-451b-a841-b46f4101a61c/500x500.jpg",
    "productInformation": "Benfria ryggbitar av MSC-certifierad torsk",
    "countryText": "",
    "companyText": "FELDTS",
    "ingrediensText": "Benfri ryggfilé av TORSK (Gadus Morhua), 100%. Ursprung: Barents Hav, Nordostatlanten. Havsfiske. Vad",
    "storage": "",
    "allergens": "",
    "usage": "",
    "nutrition": [
      {
        "Näringsvärde": "Energi (kcal)",
        "Gram": "78",
        "% av DRI(*)": "4"
      },
      {
        "Näringsvärde": "Energi (kJ)",
        "Gram": "328",
        "% av DRI(*)": "4"
      },
      {
        "Näringsvärde": "Fett",
        "Gram": "0.5",
        "% av DRI(*)": "1"
      },
      {
        "Näringsvärde": "Varav mättat fett",
        "Gram": "0.1",
        "% av DRI(*)": "1"
      },
      {
        "Näringsvärde": "Kolhydrat",
        "Gram": "0",
        "% av DRI(*)": "0"
      },
      {
        "Näringsvärde": "Varav sockerarter",
        "Gram": "0",
        "% av DRI(*)": "0"
      },
      {
        "Näringsvärde": "Protein",
        "Gram": "18.2",
        "% av DRI(*)": "36"
      },
      {
        "Näringsvärde": "Salt",
        "Gram": "0.2",
        "% av DRI(*)": "3"
      }
    ],
    "nutritionUnitText": "",
    "categories": {
      "mainCategory": "Fisk & Skaldjur",
      "subCategories": [
        {
          "name": "Fisk",
          "subSubCategories": [
            "Torsk & Vitfisk",
            "Fryst Torsk & Vitfisk"
          ]
        }
      ]
    }
  },
  {
    "name": "Sniglar i vitlöksmör Fryst 150g Billot",
    "weightText": "0.15 kg",
    "caPart": "",
    "weightValue": 0.15,
    "weightUnit": "kg",
    "comparePrice": "673,33 kr/kg",
    "currentPrice": 101,
    "attributes": [],
    "imgUrl": "https://handlaprivatkund.ica.se/images-v3/bf7a00ca-390e-4769-865f-dc369586872e/0a45cf7f-42db-438a-a549-245128102baa/500x500.jpg",
    "productInformation": "En fransk delikatess, fylld på klassiskt vis med välkryddat vitlökssmör. Värm i ugn och servera med gott bröd till förrätt.",
    "countryText": "",
    "companyText": "Billot",
    "ingrediensText": "Ingredienser: Snigelkött Helix Lucorum (50%) (salt, kryddor, aromatiska kryddor vara selleri). Fyllning: Smör 75%, vitlök, persilja, salt, kryddor",
    "storage": "Lägsta förvaringstemperatur -25°C Högsta förvaringstemperatur -18°C",
    "allergens": "Innehåller Selleri Innehåller Blötdjur Innehåller Mjölk",
    "usage": "",
    "nutrition": [
      {
        "Näringsvärde": "Energi (kJ)",
        "100 Gram": "87 kJ"
      },
      {
        "Näringsvärde": "Fett",
        "100 Gram": "1.4 g"
      },
      {
        "Näringsvärde": "Kolhydrat",
        "100 Gram": "2.2 g"
      },
      {
        "Näringsvärde": "Protein",
        "100 Gram": "16.1 g"
      }
    ],
    "nutritionUnitText": "Näringsvärde per 100 gram",
    "categories": {
      "mainCategory": "Fryst",
      "subCategories": [
        {
          "name": "Fryst fisk & Skaldjur",
          "subSubCategories": [
            "Frysta skaldjursdelikatesser"
          ]
        }
      ]
    }
  },
  {
    "name": "Fish & Crisp Fish 200g Findus",
    "weightText": "0.2 kg",
    "caPart": "",
    "weightValue": 0.2,
    "weightUnit": "kg",
    "comparePrice": "132,50 kr/kg",
    "currentPrice": 26.5,
    "attributes": [
      "MSC-märkt"
    ],
    "imgUrl": "https://handlaprivatkund.ica.se/images-v3/bf7a00ca-390e-4769-865f-dc369586872e/d53b53b3-57f9-480a-9dd0-f99639b6d591/500x500.jpg",
    "productInformation": "Information från leverantör \n Findus Fish & Crisp av 100% fiskfilé är gjorda på hållbart fiskad Alaska pollock. Väljer du Fish & Crisp till middag så har du gjort ett smart val – det är en bra proteinkälla som har låg andel mättat fett. Findus Fish & Crisp fiskfiléer har tagit inspiration från den brittiska klassikern fish'n chips. Rätten blev snabbt populär bland arbetarklassen i England under andra hälften av 1800-talet. Numera serveras den på många håll i världen och enligt gammal tradition i en strut av tidningspapper. Stänk lite vinäger och salt på för att få den rätta engelska känslan. Smaklig måltid!",
    "countryText": "",
    "companyText": "Findus",
    "ingrediensText": "Renskurna filéer av Alaska pollock* (FISK) 51 % (Theragra chalcogramma), berikat VETEMJÖL (VETEMJÖL, mineraler [kalcium, järn], vitaminer [niacin, tiamin]), vatten, rapsolja, VETESTÄRKELSE, bakpulver (E450, E500), salt, rismjöl, majsmjöl, SENAP, druvsocker, vitlökspulver, VETEGLUTEN, naturliga aromer (bl a karamelliserat socker, SENAP), paprika, kryddextrakt (bl a gurkmeja, peppar). Kan innehålla spår av MJÖLK. *Fiskad i nordöstra eller nordvästra Stilla havet.",
    "storage": "FÖRVARING OCH MINSTA HÅLLBARHET: I frysutrymme (-18ºC eller kallare), se datummärkning. Bör alltid förvaras fryst. Bör ej frysas efter upptining. Lägsta förvaringstemperatur -25°C Högsta förvaringstemperatur -18°C",
    "allergens": "Innehåller Spannmål som innehåller gluten Innehåller Senap Kan innehålla Mjölk Innehåller Fisk",
    "usage": "",
    "nutrition": [
      {
        "Näringsvärde": "Energi (kcal)",
        "100 Gram": "207 kcal"
      },
      {
        "Näringsvärde": "Energi (kJ)",
        "100 Gram": "866 kJ"
      },
      {
        "Näringsvärde": "Fett",
        "100 Gram": "9.5 g"
      },
      {
        "Näringsvärde": "Varav mättat fett",
        "100 Gram": "0.7 g"
      },
      {
        "Näringsvärde": "Kolhydrat",
        "100 Gram": "19 g"
      },
      {
        "Näringsvärde": "Varav sockerarter",
        "100 Gram": "0.5 g"
      },
      {
        "Näringsvärde": "Fiber",
        "100 Gram": "0.6 g"
      },
      {
        "Näringsvärde": "Protein",
        "100 Gram": "11 g"
      },
      {
        "Näringsvärde": "Salt",
        "100 Gram": "0.74 g"
      }
    ],
    "nutritionUnitText": "Näringsvärde per 100 gram",
    "categories": {
      "mainCategory": "Fisk & Skaldjur",
      "subCategories": [
        {
          "name": "Färdiga fiskrätter",
          "subSubCategories": [
            "Fiskpinnar & Panerad fisk",
            "Panerad fisk"
          ]
        }
      ]
    }
  },
  {
    "name": "Matjessill 900g Fiskexporten",
    "weightText": "0.38 kg",
    "caPart": "",
    "weightValue": 0.38,
    "weightUnit": "kg",
    "comparePrice": "170,92 kr/kg u. spad",
    "currentPrice": 64.95,
    "attributes": [],
    "imgUrl": "https://handlaprivatkund.ica.se/images-v3/bf7a00ca-390e-4769-865f-dc369586872e/5d9c73ba-fd5e-4f9e-a836-4e36aba34fc6/500x500.jpg",
    "productInformation": "Färsk sill som läggs i en kryddblandning, där filéerna mognar i cirka tre till sex månader. Kryddblandningen består av vatten, salt och en rad olika kryddor, bl.a. kanel, sandel, nejlika och peppar. Slutligen läggs sillen om i våra konsumenthinkar tillsammans med vår söta Ängholmens matjeslag. Denna sill är lite mildare med en rund balanserad smak som går långt tillbaka i tiden. Med åren har det blivit en riktig Matjesklassiker. Perfekt för finsmakaren att bjuda sina vänner på.",
    "countryText": "",
    "companyText": "Fiskexporten",
    "ingrediensText": "Ingredienser: SILL (Clupea harengus, fångad i Norska havet FAO 27.2 med not och trål), vatten, socker, ättika, salt, dill, sandel, dillarom, kryddor, konserveringsmedel (natriumbensoat, kaliumsorbat).",
    "storage": "",
    "allergens": "",
    "usage": "",
    "nutrition": [
      {
        "Näringsvärde": "Energi (kcal)",
        "100 Gram": "221 kcal"
      },
      {
        "Näringsvärde": "Energi (kJ)",
        "100 Gram": "920 kJ"
      },
      {
        "Näringsvärde": "Fett",
        "100 Gram": "12 g"
      },
      {
        "Näringsvärde": "Varav mättat fett",
        "100 Gram": "2.5 g"
      },
      {
        "Näringsvärde": "Kolhydrat",
        "100 Gram": "16 g"
      },
      {
        "Näringsvärde": "Varav sockerarter",
        "100 Gram": "14 g"
      },
      {
        "Näringsvärde": "Protein",
        "100 Gram": "12 g"
      },
      {
        "Näringsvärde": "Salt",
        "100 Gram": "4.5 g"
      }
    ],
    "nutritionUnitText": "Näringsvärde per 100 gram",
    "categories": {
      "mainCategory": "Fisk & Skaldjur",
      "subCategories": [
        {
          "name": "Sill & Ansjovis",
          "subSubCategories": [
            "Inlagd sill"
          ]
        }
      ]
    }
  },
  {
    "name": "Laxfilé Färsk Gravad 150g Miljömärkt Korshags",
    "weightText": "0.15 kg",
    "caPart": "",
    "weightValue": 0.15,
    "weightUnit": "kg",
    "comparePrice": "473,00 kr/kg",
    "currentPrice": 70.95,
    "attributes": [
      "Nyckelhålet"
    ],
    "imgUrl": "https://handlaprivatkund.ica.se/images-v3/bf7a00ca-390e-4769-865f-dc369586872e/93755ec6-675c-40b6-a34a-cb59d1394390/500x500.jpg",
    "productInformation": "Gravad lax av högsta kvalité i fina skivor. Handgravad i Falkenberg enligt vårt origanlrecept med salt, socker, dill och vitpeppar och helt utan tillsatser. Färdig att ätas till risotton eller rårakan. Hållbart odlad (ASC) och nyckelhålsmärkt. Korshags började 1937 med en liten fiskbutik i Falkenberg och rymmer idag tre generationer av kunskap, hantverk och nyfikenhet. Och det är vår genuina kärlek till råvarorna, maten och havet som genomsyrar allt vi gör.",
    "countryText": "",
    "companyText": "Korshags",
    "ingrediensText": "LAX, salt, socker, dill, vitpeppar",
    "storage": "",
    "allergens": "",
    "usage": "",
    "nutrition": [
      {
        "Näringsvärde": "Energi (kcal)",
        "100 Gram": "190 kcal"
      },
      {
        "Näringsvärde": "Energi (kJ)",
        "100 Gram": "800 kJ"
      },
      {
        "Näringsvärde": "Fett",
        "100 Gram": "12 g"
      },
      {
        "Näringsvärde": "Varav fleromättat fett",
        "100 Gram": "3.6 g"
      },
      {
        "Näringsvärde": "Varav mättat fett",
        "100 Gram": "1.8 g"
      },
      {
        "Näringsvärde": "Varav enkelomättat fett",
        "100 Gram": "6.5 g"
      },
      {
        "Näringsvärde": "Kolhydrat",
        "100 Gram": "2.7 g"
      },
      {
        "Näringsvärde": "Varav sockerarter",
        "100 Gram": "1.7 g"
      },
      {
        "Näringsvärde": "Protein",
        "100 Gram": "18.5 g"
      },
      {
        "Näringsvärde": "Salt",
        "100 Gram": "3 g"
      }
    ],
    "nutritionUnitText": "Näringsvärde per 100 gram",
    "categories": {
      "mainCategory": "Jul",
      "subCategories": [
        {
          "name": "Julmat",
          "subSubCategories": [
            "Lax & Gravlaxsås"
          ]
        }
      ]
    }
  },
  {
    "name": "Saltsillfiléer 900g Fiskexporten",
    "weightText": "0.4 kg",
    "caPart": "",
    "weightValue": 0.4,
    "weightUnit": "kg",
    "comparePrice": "162,38 kr/kg u. spad",
    "currentPrice": 64.95,
    "attributes": [],
    "imgUrl": "https://handlaprivatkund.ica.se/images-v3/bf7a00ca-390e-4769-865f-dc369586872e/ad0db3bb-13ff-4840-9f52-94cf29f58786/500x500.jpg",
    "productInformation": "",
    "countryText": "",
    "companyText": "Fiskexporten",
    "ingrediensText": "Ingredienser: SILL (clupea harengus) fiskad i Nordostatlanten FAO 27, vatten, salt.",
    "storage": "",
    "allergens": "",
    "usage": "",
    "nutrition": [
      {
        "Näringsvärde": "Energi (kcal)",
        "100 Gram": "173 kcal"
      },
      {
        "Näringsvärde": "Energi (kJ)",
        "100 Gram": "722 kJ"
      },
      {
        "Näringsvärde": "Fett",
        "100 Gram": "13 g"
      },
      {
        "Näringsvärde": "Varav mättat fett",
        "100 Gram": "2 g"
      },
      {
        "Näringsvärde": "Kolhydrat",
        "100 Gram": "0 g"
      },
      {
        "Näringsvärde": "Varav sockerarter",
        "100 Gram": "0 g"
      },
      {
        "Näringsvärde": "Protein",
        "100 Gram": "14.2 g"
      },
      {
        "Näringsvärde": "Salt",
        "100 Gram": "12 g"
      }
    ],
    "nutritionUnitText": "Näringsvärde per 100 gram",
    "categories": {
      "mainCategory": "Fisk & Skaldjur",
      "subCategories": [
        {
          "name": "Sill & Ansjovis",
          "subSubCategories": [
            "Inlagd sill"
          ]
        }
      ]
    }
  },
  {
    "name": "Fjällrödingfilé Utan Ben Med Skinn ca 400g Grimsis",
    "weightText": "Ca 0.4 kg",
    "caPart": "Ca",
    "weightValue": 0.4,
    "weightUnit": "kg",
    "comparePrice": "379,00 kr/kg",
    "currentPrice": 151.6,
    "attributes": [],
    "imgUrl": "https://handlaprivatkund.ica.se/images-v3/bf7a00ca-390e-4769-865f-dc369586872e/52f21b35-566a-431f-b1ee-9d38f74d2945/500x500.jpg",
    "productInformation": "Fjällrödingfilé med skinn, utan ben.",
    "countryText": "",
    "companyText": "Grimsis",
    "ingrediensText": "FJÄLLRÖDING (Salvelinus alpinus). Ursprung: Odlad, Island. Odling i vatten av exempelvis fisk, skaldjur, alger eller vattenväxter",
    "storage": "",
    "allergens": "",
    "usage": "Bör ej frysas efter upptining",
    "nutrition": [
      {
        "Näringsvärde": "Energi (kcal)",
        "Gram": "185",
        "% av DRI(*)": "9"
      },
      {
        "Näringsvärde": "Energi (kJ)",
        "Gram": "769",
        "% av DRI(*)": "9"
      },
      {
        "Näringsvärde": "Fett",
        "Gram": "12",
        "% av DRI(*)": "17"
      },
      {
        "Näringsvärde": "Varav mättat fett",
        "Gram": "2",
        "% av DRI(*)": "10"
      },
      {
        "Näringsvärde": "Kolhydrat",
        "Gram": "0",
        "% av DRI(*)": "0"
      },
      {
        "Näringsvärde": "Varav sockerarter",
        "Gram": "0",
        "% av DRI(*)": "0"
      },
      {
        "Näringsvärde": "Protein",
        "Gram": "18.9",
        "% av DRI(*)": "38"
      },
      {
        "Näringsvärde": "Salt",
        "Gram": "0.09",
        "% av DRI(*)": "2"
      }
    ],
    "nutritionUnitText": "Näringsvärde per styck",
    "categories": {
      "mainCategory": "Fryst",
      "subCategories": [
        {
          "name": "Fryst fisk & Skaldjur",
          "subSubCategories": [
            "Fryst övrig fisk"
          ]
        }
      ]
    }
  },
  {
    "name": "Torskrygg ca 600g Grimsis",
    "weightText": "Ca 0.6 kg",
    "caPart": "Ca",
    "weightValue": 0.6,
    "weightUnit": "kg",
    "comparePrice": "349,00 kr/kg",
    "currentPrice": 209.4,
    "attributes": [
      "MSC-märkt"
    ],
    "imgUrl": "https://handlaprivatkund.ica.se/images-v3/bf7a00ca-390e-4769-865f-dc369586872e/23a1131c-78d4-4cfa-adfc-a0981f08a5f3/500x500.jpg",
    "productInformation": "Torskrygg. Skinn- och benfri",
    "countryText": "",
    "companyText": "Grimsis",
    "ingrediensText": "TORSK (Gadus morhua). Ursprung: Vildfångad med Krok, Nordostatlanten på Islands sockeln. FAO 27. Islandssockeln (Sektion 27.5.a). Havsfiske. Krokar och revar",
    "storage": "",
    "allergens": "",
    "usage": "Bör ej frysas efter upptining",
    "nutrition": [
      {
        "Näringsvärde": "Energi (kcal)",
        "Gram": "76",
        "% av DRI(*)": "4"
      },
      {
        "Näringsvärde": "Energi (kJ)",
        "Gram": "323",
        "% av DRI(*)": "4"
      },
      {
        "Näringsvärde": "Fett",
        "Gram": "0.6",
        "% av DRI(*)": "1"
      },
      {
        "Näringsvärde": "Varav mättat fett",
        "Gram": "0.1",
        "% av DRI(*)": "1"
      },
      {
        "Näringsvärde": "Kolhydrat",
        "Gram": "0",
        "% av DRI(*)": "0"
      },
      {
        "Näringsvärde": "Varav sockerarter",
        "Gram": "0",
        "% av DRI(*)": "0"
      },
      {
        "Näringsvärde": "Protein",
        "Gram": "17.7",
        "% av DRI(*)": "35"
      },
      {
        "Näringsvärde": "Salt",
        "Gram": "0.2",
        "% av DRI(*)": "3"
      }
    ],
    "nutritionUnitText": "Näringsvärde per styck",
    "categories": {
      "mainCategory": "Fryst",
      "subCategories": [
        {
          "name": "Fryst fisk & Skaldjur",
          "subSubCategories": [
            "Fryst torsk & vitfisk"
          ]
        }
      ]
    }
  },
  {
    "name": "Lax Färsk Varmrökt Lime och Basilika 125g Miljömärkt Korshags",
    "weightText": "0.125 kg",
    "caPart": "",
    "weightValue": 0.125,
    "weightUnit": "kg",
    "comparePrice": "559,60 kr/kg",
    "currentPrice": 69.95,
    "attributes": [
      "Nyckelhålet"
    ],
    "imgUrl": "https://handlaprivatkund.ica.se/images-v3/bf7a00ca-390e-4769-865f-dc369586872e/d02bbcb4-47ac-4f2c-86f4-b6321da61c7f/500x500.jpg",
    "productInformation": "Varmrökt lax av högsta kvalité. Färskrökt för hand i Falkenberg med enbär och färskflisad alved från Halland och fräscht smaksatt med lime och basilika. De naturliga aromerna från veden ger en välbalanserad röksmak och fin karaktär. Klar att ätas i en sallad eller i pasta. Hållbart odlad (ASC) och nyckelhålsmärkt. Korshags började 1937 med en liten fiskbutik i Falkenberg och rymmer idag tre generationer av kunskap, hantverk och nyfikenhet. Och det är vår genuina kärlek till råvarorna, maten och havet som genomsyrar allt vi gör.",
    "countryText": "",
    "companyText": "Korshags",
    "ingrediensText": "Ingredienser: LAX, salt, basilika, limearom (citronsyra E330, etanol, isopropanol, alfa-tokoferol E307)",
    "storage": "",
    "allergens": "",
    "usage": "",
    "nutrition": [
      {
        "Näringsvärde": "Energi (kcal)",
        "100 Gram": "240 kcal"
      },
      {
        "Näringsvärde": "Energi (kJ)",
        "100 Gram": "1000 kJ"
      },
      {
        "Näringsvärde": "Fett",
        "100 Gram": "17 g"
      },
      {
        "Näringsvärde": "Varav fleromättat fett",
        "100 Gram": "4.6 g"
      },
      {
        "Näringsvärde": "Varav mättat fett",
        "100 Gram": "2.4 g"
      },
      {
        "Näringsvärde": "Varav enkelomättat fett",
        "100 Gram": "8.5 g"
      },
      {
        "Näringsvärde": "Kolhydrat",
        "100 Gram": "0.5 g"
      },
      {
        "Näringsvärde": "Varav sockerarter",
        "100 Gram": "0.1 g"
      },
      {
        "Näringsvärde": "Protein",
        "100 Gram": "23.2 g"
      },
      {
        "Näringsvärde": "Salt",
        "100 Gram": "1.8 g"
      }
    ],
    "nutritionUnitText": "Näringsvärde per 100 gram",
    "categories": {
      "mainCategory": "Fisk & Skaldjur",
      "subCategories": [
        {
          "name": "Fisk",
          "subSubCategories": [
            "Lax",
            "Rökt lax"
          ]
        }
      ]
    }
  },
  {
    "name": "Löksill 300g Mor Brittas",
    "weightText": "0.15 kg",
    "caPart": "",
    "weightValue": 0.15,
    "weightUnit": "kg",
    "comparePrice": "266,33 kr/kg u. spad",
    "currentPrice": 39.95,
    "attributes": [],
    "imgUrl": "https://handlaprivatkund.ica.se/images-v3/bf7a00ca-390e-4769-865f-dc369586872e/30c66d9f-050f-45dc-b467-9d29c5d39605/500x500.jpg",
    "productInformation": "Kylvara. Förvaras vid högst +8°C",
    "countryText": "",
    "companyText": "KosterFiskar",
    "ingrediensText": "",
    "storage": "",
    "allergens": "",
    "usage": "",
    "nutrition": [],
    "nutritionUnitText": "",
    "categories": {
      "mainCategory": "Fisk & Skaldjur",
      "subCategories": [
        {
          "name": "Sill & Ansjovis",
          "subSubCategories": [
            "Inlagd sill"
          ]
        }
      ]
    }
  },
  {
    "name": "Skarpsill i tomatsås 170g Evra Fish",
    "weightText": "0.17 kg",
    "caPart": "",
    "weightValue": 0.17,
    "weightUnit": "kg",
    "comparePrice": "146,76 kr/kg",
    "currentPrice": 24.95,
    "attributes": [],
    "imgUrl": "https://handlaprivatkund.ica.se/images-v3/bf7a00ca-390e-4769-865f-dc369586872e/bf650cee-8d12-4d7f-b680-b9a9f63125a3/500x500.jpg",
    "productInformation": "",
    "countryText": "",
    "companyText": "Evra Fish",
    "ingrediensText": "Ingredienser: 60% SKARP utan huvud, 40% tomatsås (vatten, 19% tomatkoncentrat, socker, rapsolja), salt, modifierad stärkelse, torkad lök, förtjockningsmedel: guargummi, xanthangummi; kryddextrakt (innehåller SELLERI), surhetsreglerande medel ättiksyra. Produkten kan innehålla spår av: GLUTEN, MJÖLK, SENAP, SOJA.",
    "storage": "",
    "allergens": "",
    "usage": "",
    "nutrition": [
      {
        "Näringsvärde": "Energi (kcal)",
        "100 Gram": "113 kcal"
      },
      {
        "Näringsvärde": "Energi (kJ)",
        "100 Gram": "471 kJ"
      },
      {
        "Näringsvärde": "Fett",
        "100 Gram": "6.1 g"
      },
      {
        "Näringsvärde": "Varav mättat fett",
        "100 Gram": "2.7 g"
      },
      {
        "Näringsvärde": "Kolhydrat",
        "100 Gram": "4.4 g"
      },
      {
        "Näringsvärde": "Varav sockerarter",
        "100 Gram": "4.4 g"
      },
      {
        "Näringsvärde": "Protein",
        "100 Gram": "10 g"
      },
      {
        "Näringsvärde": "Salt",
        "100 Gram": "1 g"
      }
    ],
    "nutritionUnitText": "Näringsvärde per 100 gram",
    "categories": {
      "mainCategory": "Skafferi",
      "subCategories": [
        {
          "name": "Smaker från världen",
          "subSubCategories": [
            "Polen",
            "Konserver från Polen"
          ]
        }
      ]
    }
  },
  {
    "name": "Laxfilé Utan Ben Med Skinn ca 600g Grimsis",
    "weightText": "Ca 0.6 kg",
    "caPart": "Ca",
    "weightValue": 0.6,
    "weightUnit": "kg",
    "comparePrice": "329,00 kr/kg",
    "currentPrice": 197.4,
    "attributes": [],
    "imgUrl": "https://handlaprivatkund.ica.se/images-v3/bf7a00ca-390e-4769-865f-dc369586872e/7926b685-b80c-4143-b2c1-86798b78671e/500x500.jpg",
    "productInformation": "Laxfilé i bitar, med skinn, utan ben",
    "countryText": "",
    "companyText": "Grimsis",
    "ingrediensText": "LAX (Salmo salar). Ursprung: Odlad på Island. Odling i vatten av exempelvis fisk, skaldjur, alger eller vattenväxter",
    "storage": "",
    "allergens": "",
    "usage": "",
    "nutrition": [
      {
        "Näringsvärde": "Energi (kcal)",
        "Gram": "187",
        "% av DRI(*)": "9"
      },
      {
        "Näringsvärde": "Energi (kJ)",
        "Gram": "779",
        "% av DRI(*)": "9"
      },
      {
        "Näringsvärde": "Fett",
        "Gram": "12",
        "% av DRI(*)": "17"
      },
      {
        "Näringsvärde": "Varav mättat fett",
        "Gram": "2.3",
        "% av DRI(*)": "12"
      },
      {
        "Näringsvärde": "Kolhydrat",
        "Gram": "0",
        "% av DRI(*)": "0"
      },
      {
        "Näringsvärde": "Varav sockerarter",
        "Gram": "0",
        "% av DRI(*)": "0"
      },
      {
        "Näringsvärde": "Protein",
        "Gram": "19.9",
        "% av DRI(*)": "40"
      },
      {
        "Näringsvärde": "Salt",
        "Gram": "0.1",
        "% av DRI(*)": "2"
      }
    ],
    "nutritionUnitText": "Näringsvärde per styck",
    "categories": {
      "mainCategory": "Fryst",
      "subCategories": [
        {
          "name": "Fryst fisk & Skaldjur",
          "subSubCategories": [
            "Fryst lax"
          ]
        }
      ]
    }
  },
  {
    "name": "Surströmming 475g Röda Ulven",
    "weightText": "0.475 kg",
    "caPart": "",
    "weightValue": 0.475,
    "weightUnit": "kg",
    "comparePrice": "199,89 kr/kg u. spad",
    "currentPrice": 94.95,
    "attributes": [],
    "imgUrl": "https://handlaprivatkund.ica.se/images-v3/bf7a00ca-390e-4769-865f-dc369586872e/c16d89da-dd72-4581-a779-82b434460b9b/500x500.jpg",
    "productInformation": "",
    "countryText": "",
    "companyText": "Röda Ulven",
    "ingrediensText": "Strömming, vatten och salt.",
    "storage": "",
    "allergens": "",
    "usage": "",
    "nutrition": [
      {
        "Näringsvärde": "Energi (kcal)",
        "100 Gram": "93 kcal"
      },
      {
        "Näringsvärde": "Energi (kJ)",
        "100 Gram": "389 kJ"
      },
      {
        "Näringsvärde": "Fett",
        "100 Gram": "4.5 g"
      },
      {
        "Näringsvärde": "Varav mättat fett",
        "100 Gram": "1.1 g"
      },
      {
        "Näringsvärde": "Kolhydrat",
        "100 Gram": "0.73 g"
      },
      {
        "Näringsvärde": "Varav sockerarter",
        "100 Gram": "0.73 g"
      },
      {
        "Näringsvärde": "Protein",
        "100 Gram": "12.6 g"
      },
      {
        "Näringsvärde": "Salt",
        "100 Gram": "7 g"
      }
    ],
    "nutritionUnitText": "Näringsvärde per 100 gram",
    "categories": {
      "mainCategory": "Fisk & Skaldjur",
      "subCategories": [
        {
          "name": "Sill & Ansjovis",
          "subSubCategories": [
            "Surströmming"
          ]
        }
      ]
    }
  },
  {
    "name": "Havskattfilé ca 440g Grimsis",
    "weightText": "Ca 0.44 kg",
    "caPart": "Ca",
    "weightValue": 0.44,
    "weightUnit": "kg",
    "comparePrice": "299,00 kr/kg",
    "currentPrice": 131.56,
    "attributes": [
      "MSC-märkt"
    ],
    "imgUrl": "https://handlaprivatkund.ica.se/images-v3/bf7a00ca-390e-4769-865f-dc369586872e/407dd74d-0035-4bca-92ee-16d440df7cf6/500x500.jpg",
    "productInformation": "Havskattfilé. Skinn- och benfri",
    "countryText": "",
    "companyText": "Grimsis",
    "ingrediensText": "HAVSKATT (Anarhichas lupus). Ursprung: Vildfångad med Snurrevad / Krok i Nordostatlanten på Islands sockeln. FAO 27. Nordostatlanten. Havsfiske. Snurrevad",
    "storage": "",
    "allergens": "",
    "usage": "",
    "nutrition": [
      {
        "Näringsvärde": "Energi (kcal)",
        "Gram": "73",
        "% av DRI(*)": "4"
      },
      {
        "Näringsvärde": "Energi (kJ)",
        "Gram": "305",
        "% av DRI(*)": "4"
      },
      {
        "Näringsvärde": "Fett",
        "Gram": "1.7",
        "% av DRI(*)": "2"
      },
      {
        "Näringsvärde": "Varav mättat fett",
        "Gram": "0.2",
        "% av DRI(*)": "1"
      },
      {
        "Näringsvärde": "Kolhydrat",
        "Gram": "0",
        "% av DRI(*)": "0"
      },
      {
        "Näringsvärde": "Varav sockerarter",
        "Gram": "0",
        "% av DRI(*)": "0"
      },
      {
        "Näringsvärde": "Protein",
        "Gram": "16.2",
        "% av DRI(*)": "32"
      },
      {
        "Näringsvärde": "Salt",
        "Gram": "0.2",
        "% av DRI(*)": "3"
      }
    ],
    "nutritionUnitText": "Näringsvärde per styck",
    "categories": {
      "mainCategory": "Fryst",
      "subCategories": [
        {
          "name": "Fryst fisk & Skaldjur",
          "subSubCategories": [
            "Fryst torsk & vitfisk"
          ]
        }
      ]
    }
  },
  {
    "name": "Sejfilé Ben- och Skinnfri ca 700g Grimsis",
    "weightText": "",
    "caPart": "",
    "weightValue": 0,
    "weightUnit": "",
    "comparePrice": "",
    "currentPrice": 169.95,
    "attributes": [
      "MSC-märkt"
    ],
    "imgUrl": "https://handlaprivatkund.ica.se/images-v3/bf7a00ca-390e-4769-865f-dc369586872e/bc99ca01-641c-4b46-8a4f-5ee34f1afd85/500x500.jpg",
    "productInformation": "Sejfilé. Skinn- och benfri",
    "countryText": "",
    "companyText": "Grimsis",
    "ingrediensText": "SEJ (Pollachius virens). Ursprung: Vildfångad med Trål i Nordostatlanten på Islands sockeln. FAO 27. Islandssockeln (Sektion 27.5.a). Havsfiske",
    "storage": "Djupfryst. Förvaras högst -18 C Lägsta förvaringstemperatur -30°C Högsta förvaringstemperatur -18°C",
    "allergens": "",
    "usage": "Bör ej frysas efter upptining \n \n Skinn- och benfri. Styckfryst",
    "nutrition": [
      {
        "Näringsvärde": "Energi (kcal)",
        "Gram": "80",
        "% av DRI(*)": "4"
      },
      {
        "Näringsvärde": "Energi (kJ)",
        "Gram": "339",
        "% av DRI(*)": "4"
      },
      {
        "Näringsvärde": "Fett",
        "Gram": "0.9",
        "% av DRI(*)": "1"
      },
      {
        "Näringsvärde": "Varav mättat fett",
        "Gram": "0.2",
        "% av DRI(*)": "1"
      },
      {
        "Näringsvärde": "Kolhydrat",
        "Gram": "0",
        "% av DRI(*)": "0"
      },
      {
        "Näringsvärde": "Varav sockerarter",
        "Gram": "0",
        "% av DRI(*)": "0"
      },
      {
        "Näringsvärde": "Protein",
        "Gram": "18.1",
        "% av DRI(*)": "36"
      },
      {
        "Näringsvärde": "Salt",
        "Gram": "0.3",
        "% av DRI(*)": "5"
      }
    ],
    "nutritionUnitText": "Näringsvärde per styck",
    "categories": {
      "mainCategory": "Fisk & Skaldjur",
      "subCategories": [
        {
          "name": "Fisk",
          "subSubCategories": [
            "Torsk & Vitfisk",
            "Fryst Torsk & Vitfisk"
          ]
        }
      ]
    }
  },
  {
    "name": "Laxfilé Färsk Kallrökt 300g Miljömärkt Korshags",
    "weightText": "0.3 kg",
    "caPart": "",
    "weightValue": 0.3,
    "weightUnit": "kg",
    "comparePrice": "460,00 kr/kg",
    "currentPrice": 138,
    "attributes": [
      "Nyckelhålet"
    ],
    "imgUrl": "https://handlaprivatkund.ica.se/images-v3/bf7a00ca-390e-4769-865f-dc369586872e/2a0a4b31-ef29-4bba-8177-29a1963d0dd1/500x500.jpg",
    "productInformation": "Kallrökt lax av högsta kvalité i fina skivor. Färskrökt för hand i Falkenberg med enbär, färskflisad alved från Halland och helt utan tillsatser. De naturliga aromerna från veden ger en välbalanserad röksmak och fin karaktär. Färdig att ätas i pasta eller som topping på pizzan. Hållbart odlad (ASC) och nyckelhålsmärkt. Korshags började 1937 med en liten fiskbutik i Falkenberg och rymmer idag tre generationer av kunskap, hantverk och nyfikenhet. Och det är vår genuina kärlek till råvarorna, maten och havet som genomsyrar allt vi gör.",
    "countryText": "",
    "companyText": "Korshags",
    "ingrediensText": "LAX, salt",
    "storage": "",
    "allergens": "",
    "usage": "",
    "nutrition": [
      {
        "Näringsvärde": "Energi (kcal)",
        "100 Gram": "180 kcal"
      },
      {
        "Näringsvärde": "Energi (kJ)",
        "100 Gram": "740 kJ"
      },
      {
        "Näringsvärde": "Fett",
        "100 Gram": "11 g"
      },
      {
        "Näringsvärde": "Varav fleromättat fett",
        "100 Gram": "3.5 g"
      },
      {
        "Näringsvärde": "Varav mättat fett",
        "100 Gram": "1.8 g"
      },
      {
        "Näringsvärde": "Varav enkelomättat fett",
        "100 Gram": "5.7 g"
      },
      {
        "Näringsvärde": "Kolhydrat",
        "100 Gram": "0.5 g"
      },
      {
        "Näringsvärde": "Varav sockerarter",
        "100 Gram": "0.1 g"
      },
      {
        "Näringsvärde": "Protein",
        "100 Gram": "19 g"
      },
      {
        "Näringsvärde": "Salt",
        "100 Gram": "3 g"
      }
    ],
    "nutritionUnitText": "Näringsvärde per 100 gram",
    "categories": {
      "mainCategory": "Fisk & Skaldjur",
      "subCategories": [
        {
          "name": "Fisk",
          "subSubCategories": [
            "Lax",
            "Rökt lax"
          ]
        }
      ]
    }
  },
  {
    "name": "Laxfilé Färsk Kallrökt bit 300g Miljömärkt Korshags",
    "weightText": "0.3 kg",
    "caPart": "",
    "weightValue": 0.3,
    "weightUnit": "kg",
    "comparePrice": "396,67 kr/kg",
    "currentPrice": 119,
    "attributes": [
      "Nyckelhålet"
    ],
    "imgUrl": "https://handlaprivatkund.ica.se/images-v3/bf7a00ca-390e-4769-865f-dc369586872e/a04ff208-95ed-48c0-b808-46b87a62d5d8/500x500.jpg",
    "productInformation": "Lyxig delibit av kallrökt lax av högsta kvalité. Färskrökt för hand i Falkenberg med enbär, färskflisad alved från Halland och helt utan tillsatser. De naturliga aromerna från veden ger en välbalanserad röksmak och fin karaktär. Skiva upp och servera på buffén eller i snittar. Hållbart odlad (ASC) och nyckelhålsmärkt. Korshags började 1937 med en liten fiskbutik i Falkenberg och rymmer idag tre generationer av kunskap, hantverk och nyfikenhet. Och det är vår genuina kärlek till råvarorna, maten och havet som genomsyrar allt vi gör.",
    "countryText": "",
    "companyText": "Korshags",
    "ingrediensText": "LAX, salt",
    "storage": "skinnpack",
    "allergens": "",
    "usage": "",
    "nutrition": [
      {
        "Näringsvärde": "Energi (kcal)",
        "100 Gram": "180 kcal"
      },
      {
        "Näringsvärde": "Energi (kJ)",
        "100 Gram": "740 kJ"
      },
      {
        "Näringsvärde": "Fett",
        "100 Gram": "11 g"
      },
      {
        "Näringsvärde": "Varav fleromättat fett",
        "100 Gram": "3.5 g"
      },
      {
        "Näringsvärde": "Varav mättat fett",
        "100 Gram": "1.8 g"
      },
      {
        "Näringsvärde": "Varav enkelomättat fett",
        "100 Gram": "5.7 g"
      },
      {
        "Näringsvärde": "Kolhydrat",
        "100 Gram": "0.5 g"
      },
      {
        "Näringsvärde": "Varav sockerarter",
        "100 Gram": "0.1 g"
      },
      {
        "Näringsvärde": "Protein",
        "100 Gram": "19 g"
      },
      {
        "Näringsvärde": "Salt",
        "100 Gram": "3 g"
      }
    ],
    "nutritionUnitText": "Näringsvärde per 100 gram",
    "categories": {
      "mainCategory": "Jul",
      "subCategories": [
        {
          "name": "Julmat",
          "subSubCategories": [
            "Lax & Gravlaxsås"
          ]
        }
      ]
    }
  },
  {
    "name": "Koljarygg ca 450g Grimsis",
    "weightText": "Ca 0.45 kg",
    "caPart": "Ca",
    "weightValue": 0.45,
    "weightUnit": "kg",
    "comparePrice": "329,00 kr/kg",
    "currentPrice": 148.05,
    "attributes": [
      "MSC-märkt"
    ],
    "imgUrl": "https://handlaprivatkund.ica.se/images-v3/bf7a00ca-390e-4769-865f-dc369586872e/5bf3c903-41cd-4e91-ab9a-76aab78a206a/500x500.jpg",
    "productInformation": "Skinn- och benfri Koljarygg.",
    "countryText": "",
    "companyText": "Grimsis",
    "ingrediensText": "KOLJA (Melanogrammus Aeglefinus). Ursprung: Island. Islandssockeln (Sektion 27.5.a). Havsfiske. Krokar och revar",
    "storage": "",
    "allergens": "",
    "usage": "",
    "nutrition": [
      {
        "Näringsvärde": "Energi (kcal)",
        "Gram": "76",
        "% av DRI(*)": "4"
      },
      {
        "Näringsvärde": "Energi (kJ)",
        "Gram": "323",
        "% av DRI(*)": "4"
      },
      {
        "Näringsvärde": "Fett",
        "Gram": "0.6",
        "% av DRI(*)": "1"
      },
      {
        "Näringsvärde": "Varav mättat fett",
        "Gram": "0.1",
        "% av DRI(*)": "1"
      },
      {
        "Näringsvärde": "Kolhydrat",
        "Gram": "0",
        "% av DRI(*)": "0"
      },
      {
        "Näringsvärde": "Varav sockerarter",
        "Gram": "0",
        "% av DRI(*)": "0"
      },
      {
        "Näringsvärde": "Protein",
        "Gram": "17.7",
        "% av DRI(*)": "35"
      },
      {
        "Näringsvärde": "Salt",
        "Gram": "0.2",
        "% av DRI(*)": "3"
      }
    ],
    "nutritionUnitText": "Näringsvärde per styck",
    "categories": {
      "mainCategory": "Fisk & Skaldjur",
      "subCategories": [
        {
          "name": "Fisk",
          "subSubCategories": [
            "Torsk & Vitfisk",
            "Fryst Torsk & Vitfisk"
          ]
        }
      ]
    }
  },
  {
    "name": "Laxfilé Gravad Skivad 150g Lillängshamnen",
    "weightText": "0.15 kg",
    "caPart": "",
    "weightValue": 0.15,
    "weightUnit": "kg",
    "comparePrice": "419,33 kr/kg",
    "currentPrice": 62.9,
    "attributes": [
      "Nyckelhålet"
    ],
    "imgUrl": "https://handlaprivatkund.ica.se/images-v3/bf7a00ca-390e-4769-865f-dc369586872e/b659b13f-e9b4-413e-b2ae-4af90d7e1db0/500x500.jpg",
    "productInformation": "Vi värnar om vårt arv och därför förädlar vi fortfarande fisken på samma sätt som farmor Doris gjorde när hon rökte fisken för 40 år sedan i Lillängshamnen, men nu gör vi det i en helt ny rökerianläggning. Till vår gravade lax används endast färsk superior d-trim lax som handsaltas av våra duktiga rökmästare för att sedan strö färsk dill och krossad vitpeppar tätt över hela fisken. Gravningen tar ca 72tim för att uppnå bästa resultat, precis som farmor Doris tidigare gjorde.",
    "countryText": "",
    "companyText": "Lillängshamnen",
    "ingrediensText": "Ingredienser: LAX (Salmo salar) odlad i Norge, salt, socker, dill samt vitpeppar.",
    "storage": "Obruten kylkedja",
    "allergens": "",
    "usage": "Färdig att ätas",
    "nutrition": [
      {
        "Näringsvärde": "Energi (kcal)",
        "100 Gram": "181 kcal"
      },
      {
        "Näringsvärde": "Energi (kJ)",
        "100 Gram": "759 kJ"
      },
      {
        "Näringsvärde": "Fett",
        "100 Gram": "11 g"
      },
      {
        "Näringsvärde": "Varav mättat fett",
        "100 Gram": "2 g"
      },
      {
        "Näringsvärde": "Kolhydrat",
        "100 Gram": "4 g"
      },
      {
        "Näringsvärde": "Varav sockerarter",
        "100 Gram": "3 g"
      },
      {
        "Näringsvärde": "Protein",
        "100 Gram": "20 g"
      },
      {
        "Näringsvärde": "Salt",
        "100 Gram": "3 g"
      }
    ],
    "nutritionUnitText": "Näringsvärde per 100 gram",
    "categories": {
      "mainCategory": "Fisk & Skaldjur",
      "subCategories": [
        {
          "name": "Fisk",
          "subSubCategories": [
            "Lax",
            "Gravad lax"
          ]
        }
      ]
    }
  },
  {
    "name": "Laxfilé Färsk Varmrökt Citronpeppar ca 500g Miljömärkt Korshags",
    "weightText": "Ca 0.5 kg",
    "caPart": "Ca",
    "weightValue": 0.5,
    "weightUnit": "kg",
    "comparePrice": "432,00 kr/kg",
    "currentPrice": 216,
    "attributes": [
      "Nyckelhålet"
    ],
    "imgUrl": "https://handlaprivatkund.ica.se/images-v3/bf7a00ca-390e-4769-865f-dc369586872e/dd7f5583-2c59-46bf-ae86-4c2cda8f3aab/500x500.jpg",
    "productInformation": "Varmrökt lax av högsta kvalité. Färskrökt för hand i Falkenberg med enbär, färskflisad alved från Halland och helt utan tillsatser. Klassiskt kryddad med citronpeppar. De naturliga aromerna från veden ger en välbalanserad röksmak och fin karaktär. Klar att ätas i en sallad eller brytas i en pasta. Hållbart odlad (ASC) och nyckelhålsmärkt. Korshags började 1937 med en liten fiskbutik i Falkenberg och rymmer idag tre generationer av kunskap, hantverk och nyfikenhet. Och det är vår genuina kärlek till råvarorna, maten och havet som genomsyrar allt vi gör.",
    "countryText": "",
    "companyText": "Korshags",
    "ingrediensText": "Ingredienser: LAX, salt, svartpeppar, citronjuicepulver, socker, citronskal, vitlök.",
    "storage": "",
    "allergens": "",
    "usage": "",
    "nutrition": [
      {
        "Näringsvärde": "Energi (kcal)",
        "100 Gram": "240 kcal"
      },
      {
        "Näringsvärde": "Energi (kJ)",
        "100 Gram": "1000 kJ"
      },
      {
        "Näringsvärde": "Fett",
        "100 Gram": "17 g"
      },
      {
        "Näringsvärde": "Varav fleromättat fett",
        "100 Gram": "4.6 g"
      },
      {
        "Näringsvärde": "Varav mättat fett",
        "100 Gram": "2.4 g"
      },
      {
        "Näringsvärde": "Varav enkelomättat fett",
        "100 Gram": "8.5 g"
      },
      {
        "Näringsvärde": "Kolhydrat",
        "100 Gram": "0.5 g"
      },
      {
        "Näringsvärde": "Varav sockerarter",
        "100 Gram": "0.14 g"
      },
      {
        "Näringsvärde": "Protein",
        "100 Gram": "23.2 g"
      },
      {
        "Näringsvärde": "Salt",
        "100 Gram": "1.8 g"
      }
    ],
    "nutritionUnitText": "Näringsvärde per 100 gram",
    "categories": {
      "mainCategory": "Fisk & Skaldjur",
      "subCategories": [
        {
          "name": "Fisk",
          "subSubCategories": [
            "Lax",
            "Rökt lax"
          ]
        }
      ]
    }
  },
  {
    "name": "Laxfilé varmrökt dubbel ca 2,6kg Miljömärkt Korshags",
    "weightText": "Ca 2.6 kg",
    "caPart": "Ca",
    "weightValue": 2.6,
    "weightUnit": "kg",
    "comparePrice": "284,56 kr/kg",
    "currentPrice": 739.86,
    "attributes": [
      "Nyckelhålet"
    ],
    "imgUrl": "https://handlaprivatkund.ica.se/images-v3/bf7a00ca-390e-4769-865f-dc369586872e/21ab27d8-6e4b-4c52-ad8f-32de86a7639d/500x500.jpg",
    "productInformation": "",
    "countryText": "",
    "companyText": "Korshags",
    "ingrediensText": "LAX, salt",
    "storage": "",
    "allergens": "",
    "usage": "",
    "nutrition": [
      {
        "Näringsvärde": "Energi (kcal)",
        "100 Gram": "240 kcal"
      },
      {
        "Näringsvärde": "Energi (kJ)",
        "100 Gram": "1000 kJ"
      },
      {
        "Näringsvärde": "Fett",
        "100 Gram": "17 g"
      },
      {
        "Näringsvärde": "Varav fleromättat fett",
        "100 Gram": "4.6 g"
      },
      {
        "Näringsvärde": "Varav mättat fett",
        "100 Gram": "2.4 g"
      },
      {
        "Näringsvärde": "Varav enkelomättat fett",
        "100 Gram": "8.5 g"
      },
      {
        "Näringsvärde": "Kolhydrat",
        "100 Gram": "0.5 g"
      },
      {
        "Näringsvärde": "Varav sockerarter",
        "100 Gram": "0.1 g"
      },
      {
        "Näringsvärde": "Protein",
        "100 Gram": "23.2 g"
      },
      {
        "Näringsvärde": "Salt",
        "100 Gram": "1.8 g"
      }
    ],
    "nutritionUnitText": "Näringsvärde per 100 gram",
    "categories": {
      "mainCategory": "Fisk & Skaldjur",
      "subCategories": [
        {
          "name": "Fisk",
          "subSubCategories": [
            "Lax",
            "Rökt lax"
          ]
        }
      ]
    }
  }
]