[
  {
    "name": "Knäckebröd 100 Frön & Havssalt 245g Wasa",
    "weightText": "0.245 kg",
    "caPart": "",
    "weightValue": 0.245,
    "weightUnit": "kg",
    "comparePrice": "97,76 kr/kg",
    "currentPrice": 23.95,
    "attributes": [
      "Nyckelhålet"
    ],
    "imgUrl": "https://handlaprivatkund.ica.se/images-v3/bf7a00ca-390e-4769-865f-dc369586872e/e9fc43a2-1694-4d7e-959e-a73e94de2d41/500x500.jpg",
    "productInformation": "Wasa 100 Frön & Havssalt är vårt ljuvliga jubileumsknäcke. Vi firar att Wasa har förgyllt våra måltider med gott knäcke i över 100 år. Det här är ett tunt knäckebröd som är bakat på 100% fullkornsråg, toppat med havssalt, linfrön och vallmofrön. Knäckebröd med havssalt ger en fulländad smakbrytning till de runda och nötiga tonerna från fröna. Servera detta knäckebröd med frön som kex till en ostbricka eller som knäckemacka med valfritt pålägg. Wasas hårda tunnbröd är 100% klimatkompenserat.",
    "countryText": "",
    "companyText": "Wasa",
    "ingrediensText": "FULLKORNSRÅGMJÖL (95 g*), linfrön (5,9 g*), vallmofrön (4,2 g*), jäst, havssalt (0,5 g*), salt. *i g för 100 g produkt.",
    "storage": "Förvaras torrt och mörkt.",
    "allergens": "Kan innehålla spår av Mjölk.",
    "usage": "",
    "nutrition": [
      {
        "Näringsvärde": "Energi (kcal)",
        "100 Gram": "348 kcal"
      },
      {
        "Näringsvärde": "Energi (kJ)",
        "100 Gram": "1461 kJ"
      },
      {
        "Näringsvärde": "Fett",
        "100 Gram": "5 g"
      },
      {
        "Näringsvärde": "Varav mättat fett",
        "100 Gram": "0.7 g"
      },
      {
        "Näringsvärde": "Kolhydrat",
        "100 Gram": "54 g"
      },
      {
        "Näringsvärde": "Varav sockerarter",
        "100 Gram": "1 g"
      },
      {
        "Näringsvärde": "Fiber",
        "100 Gram": "21 g"
      },
      {
        "Näringsvärde": "Protein",
        "100 Gram": "11 g"
      },
      {
        "Näringsvärde": "Salt",
        "100 Gram": "1.2 g"
      }
    ],
    "nutritionUnitText": "Näringsvärde per 100 gram",
    "categories": {
      "mainCategory": "Bröd & Kakor",
      "subCategories": [
        {
          "name": "Knäckebröd & Skorpor",
          "subSubCategories": [
            "Knäckebröd",
            "Mörkt knäckebröd"
          ]
        }
      ]
    }
  },
  {
    "name": "Wasa100 490g Wasa",
    "weightText": "0.49 kg",
    "caPart": "",
    "weightValue": 0.49,
    "weightUnit": "kg",
    "comparePrice": "83,57 kr/kg",
    "currentPrice": 40.95,
    "attributes": [
      "Nyckelhålet"
    ],
    "imgUrl": "https://handlaprivatkund.ica.se/images-v3/bf7a00ca-390e-4769-865f-dc369586872e/a69a90ea-d3f0-445e-a9c3-6e4257c4a1fc/500x500.jpg",
    "productInformation": "Wasa 100 Frön & Havssalt är vårt ljuvliga jubileumsknäcke. Vi firar att Wasa har förgyllt våra måltider med gott knäcke i över 100 år. Det här är ett tunt knäckebröd som är bakat på 100% fullkornsråg, toppat med havssalt, linfrön och vallmofrön. Knäckebröd med havssalt ger en fulländad smakbrytning till de runda och nötiga tonerna från fröna. Servera detta knäckebröd med frön som kex till en ostbricka eller som knäckemacka med valfritt pålägg. Wasas hårda tunnbröd är 100% klimatkompenserat.",
    "countryText": "",
    "companyText": "Wasa",
    "ingrediensText": "FULLKORNSRÅGMJÖL (95% g*), linfrön (5,9 g*), vallmofrön (4,2 g*), jäst, havssalt (0,5 g*), salt. *i g för 100 g produkt.",
    "storage": "",
    "allergens": "",
    "usage": "",
    "nutrition": [
      {
        "Näringsvärde": "Energi (kcal)",
        "100 Gram": "348 kcal"
      },
      {
        "Näringsvärde": "Energi (kJ)",
        "100 Gram": "1461 kJ"
      },
      {
        "Näringsvärde": "Fett",
        "100 Gram": "5 g"
      },
      {
        "Näringsvärde": "Varav mättat fett",
        "100 Gram": "0.7 g"
      },
      {
        "Näringsvärde": "Kolhydrat",
        "100 Gram": "54 g"
      },
      {
        "Näringsvärde": "Varav sockerarter",
        "100 Gram": "1 g"
      },
      {
        "Näringsvärde": "Fiber",
        "100 Gram": "21 g"
      },
      {
        "Näringsvärde": "Protein",
        "100 Gram": "11 g"
      },
      {
        "Näringsvärde": "Salt",
        "100 Gram": "1.2 g"
      }
    ],
    "nutritionUnitText": "Näringsvärde per 100 gram",
    "categories": {
      "mainCategory": "Bröd & Kakor",
      "subCategories": [
        {
          "name": "Knäckebröd & Skorpor",
          "subSubCategories": [
            "Knäckebröd",
            "Mörkt knäckebröd"
          ]
        }
      ]
    }
  },
  {
    "name": "Skärgårdskaka Hönö 750g Pågen",
    "weightText": "0.75 kg",
    "caPart": "",
    "weightValue": 0.75,
    "weightUnit": "kg",
    "comparePrice": "33,33 kr/kg",
    "currentPrice": 25,
    "attributes": [
      "Ursprungsland Sverige"
    ],
    "imgUrl": "https://handlaprivatkund.ica.se/images-v3/bf7a00ca-390e-4769-865f-dc369586872e/0edeccd5-ef0e-49ef-b782-edc76ed17c84/500x500.jpg",
    "productInformation": "Hönö Skärgårdskaka är en ljus, mjuk vetekaka. Ät till mellanmål eller ta med på utflykten. Prova med kokt ägg och toppa med kaviar eller makrill!",
    "countryText": "Sverige",
    "companyText": "Pågen",
    "ingrediensText": "VETEmjöl, vatten, socker, siktat RÅGmjöl, rapsolja, fullkornsRÅGmjöl, fullkornsVETEmjöl, skållat VETEmjöl, vegetabiliskt emulgeringsmedel mono- och diglycerider av fettsyror (solros, raps), bakpulver (hjorthornssalt), VETEgluten, malt av KORN, jäst, salt, mjölbehandlingsmedel (askorbinsyra). SVENSKT MJÖL Mer än 90% mjöl från svenskodlat spannmål malt i egen kvarn. (Swedish)",
    "storage": "",
    "allergens": "",
    "usage": "",
    "nutrition": [
      {
        "Näringsvärde": "Energi (kcal)",
        "100 Gram": "296 kcal"
      },
      {
        "Näringsvärde": "Energi (kJ)",
        "100 Gram": "1238 kJ"
      },
      {
        "Näringsvärde": "Fett",
        "100 Gram": "4.5 g"
      },
      {
        "Näringsvärde": "Varav mättat fett",
        "100 Gram": "0.5 g"
      },
      {
        "Näringsvärde": "Kolhydrat",
        "100 Gram": "52 g"
      },
      {
        "Näringsvärde": "Varav sockerarter",
        "100 Gram": "9.7 g"
      },
      {
        "Näringsvärde": "Fiber",
        "100 Gram": "3.3 g"
      },
      {
        "Näringsvärde": "Protein",
        "100 Gram": "9.1 g"
      },
      {
        "Näringsvärde": "Salt",
        "100 Gram": "0.75 g"
      }
    ],
    "nutritionUnitText": "Näringsvärde per 100 gram",
    "categories": {
      "mainCategory": "Bröd & Kakor",
      "subCategories": [
        {
          "name": "Matbröd",
          "subSubCategories": [
            "Mjukt tunnbröd & Vetekakor",
            "Vetekakor"
          ]
        }
      ]
    }
  },
  {
    "name": "Normalgräddat knäckebröd 200g Leksands Knäckebröd",
    "weightText": "0.2 kg",
    "caPart": "",
    "weightValue": 0.2,
    "weightUnit": "kg",
    "comparePrice": "62,50 kr/kg",
    "currentPrice": 12.5,
    "attributes": [
      "Från Sverige",
      "Nyckelhålet",
      "Ursprungsland Sverige"
    ],
    "imgUrl": "https://handlaprivatkund.ica.se/images-v3/bf7a00ca-390e-4769-865f-dc369586872e/edd5f086-50f0-4143-bb4b-62b8136522a7/500x500.jpg",
    "productInformation": "En riktig vardagsfavorit från LEKSANDS KNÄCKEBRÖD bakad på närodlad råg och vatten från egen källa.Trekantbrödet är ett rundknäcke skuret i portionsbitar, lagom för de flesta. Äkta njutning sedan 1817.",
    "countryText": "Sverige",
    "companyText": "Leksands Knäcke",
    "ingrediensText": "Ingredienser: FULLKORNSRÅGMJÖL/FULLKORNSRUGMEL/FULDKORNSRUGMEL**, vatten/vann/vand**, jäst/gjær/gær**, salt. **Från Sverige",
    "storage": "",
    "allergens": "Innehåller Spannmål som innehåller gluten",
    "usage": "Torrt och mörkt",
    "nutrition": [
      {
        "Näringsvärde": "Energi (kcal)",
        "100 Gram": "350 kcal"
      },
      {
        "Näringsvärde": "Energi (kJ)",
        "100 Gram": "1400 kJ"
      },
      {
        "Näringsvärde": "Fett",
        "100 Gram": "1.6 g"
      },
      {
        "Näringsvärde": "Varav mättat fett",
        "100 Gram": "0.3 g"
      },
      {
        "Näringsvärde": "Kolhydrat",
        "100 Gram": "60 g"
      },
      {
        "Näringsvärde": "Varav sockerarter",
        "100 Gram": "0.5 g"
      },
      {
        "Näringsvärde": "Fiber",
        "100 Gram": "20 g"
      },
      {
        "Näringsvärde": "Protein",
        "100 Gram": "8.9 g"
      },
      {
        "Näringsvärde": "Salt",
        "100 Gram": "1.2 g"
      }
    ],
    "nutritionUnitText": "Näringsvärde per 100 gram",
    "categories": {
      "mainCategory": "Bröd & Kakor",
      "subCategories": [
        {
          "name": "Knäckebröd & Skorpor",
          "subSubCategories": [
            "Knäckebröd",
            "Mörkt knäckebröd"
          ]
        }
      ]
    }
  },
  {
    "name": "Frysta Vitlöksbaguetter 2-p 350g ICA",
    "weightText": "0.35 kg",
    "caPart": "",
    "weightValue": 0.35,
    "weightUnit": "kg",
    "comparePrice": "70,00 kr/kg",
    "currentPrice": 24.5,
    "attributes": [],
    "imgUrl": "https://handlaprivatkund.ica.se/images-v3/bf7a00ca-390e-4769-865f-dc369586872e/6c291ca3-cabc-4acc-95db-15513b7b003b/500x500.jpg",
    "productInformation": "ICA Frysta Vitlöksbaguetter är precis det där tillbehöret som ibland kan göra hela middagen. När du serverar dem nygräddade till en soppa, till exempel. För att inte tala om hur de gör sig till räkmyset. Våra vitlöksbaguetter är fyllda med ett milt vitlökssmör som smälter i ugnen och gör dem perfekt smöriga inuti.",
    "countryText": "",
    "companyText": "ICA",
    "ingrediensText": "Baguette (VETEMJÖL*, vatten, joderat salt, jäst, RÅGMJÖL, mältat VETEMJÖL, salt, mjölförbättringsmedel (E 300)). Vitlökssmör 15% (SMÖR, lök, vitlök, persilja, stärkelse, surhetsreglerande medel (E330), vitlöksarom). Kan innehålla spår av soja, senap och sesam. *Ursprung EU.",
    "storage": "Lägsta förvaringstemperatur -18°C Högsta förvaringstemperatur -18°C",
    "allergens": "Innehåller Mjölk Kan innehålla Senap Kan innehålla Sojabönor Innehåller Spannmål som innehåller gluten Kan innehålla Sesamfrön",
    "usage": "",
    "nutrition": [
      {
        "Näringsvärde": "Energi (kcal)",
        "100 Gram": "296 kcal"
      },
      {
        "Näringsvärde": "Energi (kJ)",
        "100 Gram": "1245 kJ"
      },
      {
        "Näringsvärde": "Fett",
        "100 Gram": "10 g"
      },
      {
        "Näringsvärde": "Varav mättat fett",
        "100 Gram": "6 g"
      },
      {
        "Näringsvärde": "Kolhydrat",
        "100 Gram": "43 g"
      },
      {
        "Näringsvärde": "Varav sockerarter",
        "100 Gram": "2.5 g"
      },
      {
        "Näringsvärde": "Fiber",
        "100 Gram": "2.3 g"
      },
      {
        "Näringsvärde": "Protein",
        "100 Gram": "6.9 g"
      },
      {
        "Näringsvärde": "Salt",
        "100 Gram": "1.4 g"
      }
    ],
    "nutritionUnitText": "Näringsvärde per 100 gram",
    "categories": {
      "mainCategory": "Fryst",
      "subCategories": [
        {
          "name": "Fryst bröd & dessert",
          "subSubCategories": [
            "Fryst bröd"
          ]
        }
      ]
    }
  },
  {
    "name": "Brungräddat Knäckebröd Trekant 200g Leksands Knäckebröd",
    "weightText": "0.2 kg",
    "caPart": "",
    "weightValue": 0.2,
    "weightUnit": "kg",
    "comparePrice": "62,50 kr/kg",
    "currentPrice": 12.5,
    "attributes": [
      "Från Sverige",
      "Nyckelhålet",
      "Ursprungsland Sverige"
    ],
    "imgUrl": "https://handlaprivatkund.ica.se/images-v3/bf7a00ca-390e-4769-865f-dc369586872e/9b2b0641-704b-42ad-b434-3526d8d7e520/500x500.jpg",
    "productInformation": "En brungräddad vardagsfavorit från LEKSANDS KNÄCKEBRÖD bakad på närodlad råg och vatten från egen källa. Trekantbrödet är ett rundknäcke skuret i portionsbitar, lagom för de flesta. Äkta njutning sedan 1817.",
    "countryText": "Sverige",
    "companyText": "Leksands Knäcke",
    "ingrediensText": "Ingredienser: FULLKORNSRÅGMJÖL/FULDKORNSRUGMEL/FULDKORNSRUGMEL**, vatten/vann/vand**, jäst/gjær/gær**, salt.  **Från Sverige",
    "storage": "",
    "allergens": "Innehåller Spannmål som innehåller gluten",
    "usage": "",
    "nutrition": [
      {
        "Näringsvärde": "Energi (kcal)",
        "100 Gram": "350 kcal"
      },
      {
        "Näringsvärde": "Energi (kJ)",
        "100 Gram": "1400 kJ"
      },
      {
        "Näringsvärde": "Fett",
        "100 Gram": "1.6 g"
      },
      {
        "Näringsvärde": "Varav mättat fett",
        "100 Gram": "0.3 g"
      },
      {
        "Näringsvärde": "Kolhydrat",
        "100 Gram": "60 g"
      },
      {
        "Näringsvärde": "Varav sockerarter",
        "100 Gram": "0.5 g"
      },
      {
        "Näringsvärde": "Fiber",
        "100 Gram": "20 g"
      },
      {
        "Näringsvärde": "Protein",
        "100 Gram": "8.9 g"
      },
      {
        "Näringsvärde": "Salt",
        "100 Gram": "1.2 g"
      }
    ],
    "nutritionUnitText": "Näringsvärde per 100 gram",
    "categories": {
      "mainCategory": "Bröd & Kakor",
      "subCategories": [
        {
          "name": "Knäckebröd & Skorpor",
          "subSubCategories": [
            "Knäckebröd",
            "Mörkt knäckebröd"
          ]
        }
      ]
    }
  },
  {
    "name": "Lingongrova 500g Pågen",
    "weightText": "0.5 kg",
    "caPart": "",
    "weightValue": 0.5,
    "weightUnit": "kg",
    "comparePrice": "47,90 kr/kg",
    "currentPrice": 23.95,
    "attributes": [
      "Ursprungsland Sverige"
    ],
    "imgUrl": "https://handlaprivatkund.ica.se/images-v3/bf7a00ca-390e-4769-865f-dc369586872e/95f6847b-af0e-4f97-aee1-eff1876dd3d4/500x500.jpg",
    "productInformation": "LingonGrova innehåller bland annat fullkornsråg, surdeg och lingon. Ett mörkt bröd som passar med några skivor av din favoritost och en paprikaring.",
    "countryText": "Sverige",
    "companyText": "Pågen",
    "ingrediensText": "Vatten, VETEmjöl, siktat RÅGmjöl, fullkornsRÅGmjöl*, sirap, klippt fullkornsRÅG*, surdeg på fullkornsRÅG* och VETE, fullkornsVETEmjöl*, malt av KORN, lingon (1,5%), röda vinbär, rapsolja, skållat VETEmjöl, VETEkli, VETEgluten, socker, jäst, salt, mjölbehandlingsmedel (askorbinsyra). *Fullkornsingrediens. Fullkornshalten i brödet är 23% vilket motsvarar 33% av torrvikten. SVENSKT MJÖL Mer än 90% mjöl från svenskodlat spannmål malt i egen kvarn.",
    "storage": "",
    "allergens": "",
    "usage": "",
    "nutrition": [
      {
        "Näringsvärde": "Energi (kcal)",
        "100 Gram": "266 kcal"
      },
      {
        "Näringsvärde": "Energi (kJ)",
        "100 Gram": "1112 kJ"
      },
      {
        "Näringsvärde": "Fett",
        "100 Gram": "3 g"
      },
      {
        "Näringsvärde": "Varav mättat fett",
        "100 Gram": "0.3 g"
      },
      {
        "Näringsvärde": "Kolhydrat",
        "100 Gram": "47 g"
      },
      {
        "Näringsvärde": "Varav sockerarter",
        "100 Gram": "9 g"
      },
      {
        "Näringsvärde": "Fiber",
        "100 Gram": "6.1 g"
      },
      {
        "Näringsvärde": "Protein",
        "100 Gram": "8.8 g"
      },
      {
        "Näringsvärde": "Salt",
        "100 Gram": "0.77 g"
      }
    ],
    "nutritionUnitText": "Näringsvärde per 100 gram",
    "categories": {
      "mainCategory": "Bröd & Kakor",
      "subCategories": [
        {
          "name": "Matbröd",
          "subSubCategories": [
            "Mörkt & Grovt bröd",
            "Mörkt skivat bröd"
          ]
        }
      ]
    }
  },
  {
    "name": "Majskakor Popcorn 125g Friggs",
    "weightText": "0.125 kg",
    "caPart": "",
    "weightValue": 0.125,
    "weightUnit": "kg",
    "comparePrice": "151,60 kr/kg",
    "currentPrice": 18.95,
    "attributes": [
      "Glutenfritt"
    ],
    "imgUrl": "https://handlaprivatkund.ica.se/images-v3/bf7a00ca-390e-4769-865f-dc369586872e/92a7ded9-91b6-4f24-b1ca-9f33e6e2f557/500x500.jpg",
    "productInformation": "Friggs Majskakor Popcorn är naturligt glutenfria majskakor med god smak av smöriga popcorn. Perfekt för dig som älskar popcorn och vill kunna äta ett gott snacks vart man än är. Och det bästa är…. Du behöver ingen spis eller mikrovågsugn för att tillaga dem, det har vi redan tagit hand om.",
    "countryText": "",
    "companyText": "Friggs",
    "ingrediensText": "Ingredienser: Majs (78%), rapsolja, kryddblandning (maltodextrin, salt, socker, jästextrakt, kryddextrakt (paprika, gurkmeja), arom). Kan innehålla spår av soja, mjölk och sesamfrön.",
    "storage": "Torrt, ej över normal rumstemperatur.",
    "allergens": "Kan innehålla spår av Mjölk, Sesamfrön, Sojabönor.",
    "usage": "",
    "nutrition": [
      {
        "Näringsvärde": "Energi (kcal)",
        "100 Gram": "414 kcal"
      },
      {
        "Näringsvärde": "Energi (kJ)",
        "100 Gram": "1740 kJ"
      },
      {
        "Näringsvärde": "Fett",
        "100 Gram": "14.4 g"
      },
      {
        "Näringsvärde": "Varav mättat fett",
        "100 Gram": "1.5 g"
      },
      {
        "Näringsvärde": "Kolhydrat",
        "100 Gram": "65 g"
      },
      {
        "Näringsvärde": "Varav sockerarter",
        "100 Gram": "2.2 g"
      },
      {
        "Näringsvärde": "Fiber",
        "100 Gram": "0.7 g"
      },
      {
        "Näringsvärde": "Protein",
        "100 Gram": "5.7 g"
      },
      {
        "Näringsvärde": "Salt",
        "100 Gram": "1.8 g"
      }
    ],
    "nutritionUnitText": "Näringsvärde per 100 gram",
    "categories": {
      "mainCategory": "Bröd & Kakor",
      "subCategories": [
        {
          "name": "Knäckebröd & Skorpor",
          "subSubCategories": [
            "Riskakor"
          ]
        }
      ]
    }
  },
  {
    "name": "Pågenlimpan 900g Pågen",
    "weightText": "0.9 kg",
    "caPart": "",
    "weightValue": 0.9,
    "weightUnit": "kg",
    "comparePrice": "38,33 kr/kg",
    "currentPrice": 34.5,
    "attributes": [
      "Ursprungsland Sverige"
    ],
    "imgUrl": "https://handlaprivatkund.ica.se/images-v3/bf7a00ca-390e-4769-865f-dc369586872e/4b3043db-b36f-415d-b033-1a6037334ad1/500x500.jpg",
    "productInformation": "Älskade limpmacka! Nu Sverige mest sålda limpa. PågenLimpan var en av de första skivade limporna när den lanserades i början av 90-talet. Den klassiska svenska limpan är bakad på vete och siktat rågmjöl som tillsammans med surdeg och sirap ger en härlig mjuk och saftigt limpa. Njut av en Svensk klassiker!",
    "countryText": "Sverige",
    "companyText": "Pågen",
    "ingrediensText": "VETEmjöl, vatten, siktat och skållat RÅGmjöl, sirap, surdeg på fullkornsRÅG och VETE, VETEgluten, skållat VETEmjöl, rapsolja, malt av KORN, jäst, salt, mjölbehandlingsmedel (askorbinsyra). SVENSKT MJÖL Mer än 90% mjöl från svenskodlat spannmål malt i egen kvarn.",
    "storage": "",
    "allergens": "",
    "usage": "",
    "nutrition": [
      {
        "Näringsvärde": "Energi (kcal)",
        "100 Gram": "275 kcal"
      },
      {
        "Näringsvärde": "Energi (kJ)",
        "100 Gram": "1150 kJ"
      },
      {
        "Näringsvärde": "Fett",
        "100 Gram": "1.9 g"
      },
      {
        "Näringsvärde": "Varav mättat fett",
        "100 Gram": "0.7 g"
      },
      {
        "Näringsvärde": "Kolhydrat",
        "100 Gram": "52 g"
      },
      {
        "Näringsvärde": "Varav sockerarter",
        "100 Gram": "11 g"
      },
      {
        "Näringsvärde": "Fiber",
        "100 Gram": "3.8 g"
      },
      {
        "Näringsvärde": "Protein",
        "100 Gram": "9.6 g"
      },
      {
        "Näringsvärde": "Salt",
        "100 Gram": "0.9 g"
      }
    ],
    "nutritionUnitText": "Näringsvärde per 100 gram",
    "categories": {
      "mainCategory": "Bröd & Kakor",
      "subCategories": [
        {
          "name": "Matbröd",
          "subSubCategories": [
            "Ljust bröd",
            "Limpa"
          ]
        }
      ]
    }
  },
  {
    "name": "Korvbröd 16-p 432g Korvbrödsbagarn",
    "weightText": "0.432 kg",
    "caPart": "",
    "weightValue": 0.432,
    "weightUnit": "kg",
    "comparePrice": "48,50 kr/kg",
    "currentPrice": 20.95,
    "attributes": [
      "Från Sverige",
      "Ursprungsland Sverige"
    ],
    "imgUrl": "https://handlaprivatkund.ica.se/images-v3/bf7a00ca-390e-4769-865f-dc369586872e/da84c271-b3df-4804-b916-04273a87d5bc/500x500.jpg",
    "productInformation": "Ljust korvbröd – originalet sedan 1957. Fyll med korv och klassiska tillbehör för en enkel och god måltid runt grillen eller köksbordet.",
    "countryText": "Sverige",
    "companyText": "Korvbrödsbagarn",
    "ingrediensText": "Ingredienser: VETEMJÖL*, vatten*, invertsocker*, rapsolja*, jäst*, VETEGLUTEN, salt, fermenterat vetemjöl, maltmjöl av KORN, vegetabiliskt emulgeringsmedel (E471), mjölbehandlingsmedel (E300). Kan innehålla spår av sesamfrö. *Råvaran har svenskt ursprung.",
    "storage": "Förvara i sin förpackning i rumstemperatur. Lägsta förvaringstemperatur 8°C Högsta förvaringstemperatur 25°C",
    "allergens": "",
    "usage": "",
    "nutrition": [
      {
        "Näringsvärde": "Energi (kcal)",
        "100 Gram": "292 kcal"
      },
      {
        "Näringsvärde": "Energi (kJ)",
        "100 Gram": "1241 kJ"
      },
      {
        "Näringsvärde": "Fett",
        "100 Gram": "6.3 g"
      },
      {
        "Näringsvärde": "Varav mättat fett",
        "100 Gram": "0.8 g"
      },
      {
        "Näringsvärde": "Kolhydrat",
        "100 Gram": "48 g"
      },
      {
        "Näringsvärde": "Varav sockerarter",
        "100 Gram": "4.4 g"
      },
      {
        "Näringsvärde": "Fiber",
        "100 Gram": "3.6 g"
      },
      {
        "Näringsvärde": "Protein",
        "100 Gram": "9.3 g"
      },
      {
        "Näringsvärde": "Salt",
        "100 Gram": "0.45 g"
      }
    ],
    "nutritionUnitText": "Näringsvärde per 100 gram",
    "categories": {
      "mainCategory": "Bröd & Kakor",
      "subCategories": [
        {
          "name": "Korvbröd, Hamburgerbröd & Maträttsbröd",
          "subSubCategories": [
            "Korvbröd"
          ]
        }
      ]
    }
  },
  {
    "name": "Rosta Rostbröd 450g Pågen",
    "weightText": "0.45 kg",
    "caPart": "",
    "weightValue": 0.45,
    "weightUnit": "kg",
    "comparePrice": "44,33 kr/kg",
    "currentPrice": 19.95,
    "attributes": [
      "Ursprungsland Sverige"
    ],
    "imgUrl": "https://handlaprivatkund.ica.se/images-v3/bf7a00ca-390e-4769-865f-dc369586872e/a5ae4e56-89e8-4f8b-a311-c8156d48c812/500x500.jpg",
    "productInformation": "Brödet för dig som verkligen älskar att rosta. Frasigt och gott med solmoget vete! Lika gott till en lång härlig söndagsbrunch som när du vill ha en riktigt frasig start på dagen eller till kvällsfikat med smör och marmelad. En garanterat frasig stund när som du blir sugen!",
    "countryText": "Sverige",
    "companyText": "Pågen",
    "ingrediensText": "VETEmjöl, vatten, VETEgluten, skållat VETEmjöl, rapsolja (1%), sirap, malt av KORN, jäst, salt, mjölbehandlingsmedel (askorbinsyra). Brödet innehåller 72% vete. Kan innehålla spår av vallmofrö. SVENSKT MJÖL Mer än 90% mjöl från svenskodlat spannmål malt i egen kvarn.",
    "storage": "",
    "allergens": "",
    "usage": "",
    "nutrition": [
      {
        "Näringsvärde": "Energi (kcal)",
        "100 Gram": "256 kcal"
      },
      {
        "Näringsvärde": "Energi (kJ)",
        "100 Gram": "1071 kJ"
      },
      {
        "Näringsvärde": "Fett",
        "100 Gram": "2.2 g"
      },
      {
        "Näringsvärde": "Varav mättat fett",
        "100 Gram": "0.3 g"
      },
      {
        "Näringsvärde": "Kolhydrat",
        "100 Gram": "47 g"
      },
      {
        "Näringsvärde": "Varav sockerarter",
        "100 Gram": "3.3 g"
      },
      {
        "Näringsvärde": "Fiber",
        "100 Gram": "3.1 g"
      },
      {
        "Näringsvärde": "Protein",
        "100 Gram": "9.6 g"
      },
      {
        "Näringsvärde": "Salt",
        "100 Gram": "1 g"
      }
    ],
    "nutritionUnitText": "Näringsvärde per 100 gram",
    "categories": {
      "mainCategory": "Bröd & Kakor",
      "subCategories": [
        {
          "name": "Matbröd",
          "subSubCategories": [
            "Ljust bröd",
            "Rostbröd"
          ]
        }
      ]
    }
  },
  {
    "name": "Skogaholmslimpa skivad 775g Skogaholms",
    "weightText": "0.775 kg",
    "caPart": "",
    "weightValue": 0.775,
    "weightUnit": "kg",
    "comparePrice": "33,48 kr/kg",
    "currentPrice": 25.95,
    "attributes": [
      "Ursprungsland Sverige"
    ],
    "imgUrl": "https://handlaprivatkund.ica.se/images-v3/bf7a00ca-390e-4769-865f-dc369586872e/e9017145-066e-44d0-b9c3-8357c6332d44/500x500.jpg",
    "productInformation": "Skogaholmslimpa har funnits sedan 1926. Passar till frukosten och till mellanmålet med valfritt smörgåspålägg och ett glas mjölk.",
    "countryText": "Sverige",
    "companyText": "Skogaholms",
    "ingrediensText": "VETEmjöl, siktat RÅGmjöl 20 %, vatten, sirap, jäst, rapsolja, skållat fullkornsRÅGmjöl, surdegspulver av VETE, salt, VETEgluten, malt av KORN, mjölbehandlingsmedel (askorbinsyra). Brödet innehåller 38 % vete.",
    "storage": "Lägsta förvaringstemperatur 8°C Högsta förvaringstemperatur 25°C",
    "allergens": "",
    "usage": "",
    "nutrition": [
      {
        "Näringsvärde": "Energi (kcal)",
        "100 Gram": "280 kcal"
      },
      {
        "Näringsvärde": "Energi (kJ)",
        "100 Gram": "1150 kJ"
      },
      {
        "Näringsvärde": "Fett",
        "100 Gram": "3.8 g"
      },
      {
        "Näringsvärde": "Varav mättat fett",
        "100 Gram": "0.5 g"
      },
      {
        "Näringsvärde": "Kolhydrat",
        "100 Gram": "51 g"
      },
      {
        "Näringsvärde": "Varav sockerarter",
        "100 Gram": "9.8 g"
      },
      {
        "Näringsvärde": "Fiber",
        "100 Gram": "4.2 g"
      },
      {
        "Näringsvärde": "Protein",
        "100 Gram": "7.3 g"
      },
      {
        "Näringsvärde": "Salt",
        "100 Gram": "0.7 g"
      }
    ],
    "nutritionUnitText": "",
    "categories": {
      "mainCategory": "Bröd & Kakor",
      "subCategories": [
        {
          "name": "Matbröd",
          "subSubCategories": [
            "Ljust bröd",
            "Limpa"
          ]
        }
      ]
    }
  },
  {
    "name": "Hamburgerbröd Frisco 4-p 324g Korvbrödsbagarn",
    "weightText": "0.324 kg",
    "caPart": "",
    "weightValue": 0.324,
    "weightUnit": "kg",
    "comparePrice": "72,53 kr/kg",
    "currentPrice": 23.5,
    "attributes": [
      "Från Sverige",
      "Ursprungsland Sverige"
    ],
    "imgUrl": "https://handlaprivatkund.ica.se/images-v3/bf7a00ca-390e-4769-865f-dc369586872e/59763e46-0352-4ac8-9866-e69a4c64efee/500x500.jpg",
    "productInformation": "Frisco är ett lite lyxigare hamburgerbröd, det är ett ljust smakrikt bröd som toppas med mannagryn.",
    "countryText": "Sverige",
    "companyText": "Korvbrödsbagarn",
    "ingrediensText": "Ingredienser: VETEMJÖL*, vatten*, invertsocker*, VETEGLUTEN, rapsolja*, jäst*, mannagryn (VETE), potatisflingor, salt, VETESKÅLLNING*, potatisstärkelse*,  vegetabiliskt emulgeringsmedel (E471, E481), krydda, naturlig arom, maltmjöl av KORN, torkad surdeg (VETE), mjölbehandlingsmedel (E300), stabiliseringsmedel (E466). Kan innehålla spår av SESAMFRÖ. * råvaran har svenskt ursprung.",
    "storage": "Förvara i sin förpackning i rumstemperatur.",
    "allergens": "",
    "usage": "Rosta gärna innan servering.",
    "nutrition": [
      {
        "Näringsvärde": "Energi (kcal)",
        "100 Gram": "290 kcal"
      },
      {
        "Näringsvärde": "Energi (kJ)",
        "100 Gram": "1223 kJ"
      },
      {
        "Näringsvärde": "Fett",
        "100 Gram": "5 g"
      },
      {
        "Näringsvärde": "Varav mättat fett",
        "100 Gram": "0.9 g"
      },
      {
        "Näringsvärde": "Kolhydrat",
        "100 Gram": "49 g"
      },
      {
        "Näringsvärde": "Varav sockerarter",
        "100 Gram": "4.9 g"
      },
      {
        "Näringsvärde": "Fiber",
        "100 Gram": "2 g"
      },
      {
        "Näringsvärde": "Protein",
        "100 Gram": "11 g"
      },
      {
        "Näringsvärde": "Salt",
        "100 Gram": "1.53 g"
      }
    ],
    "nutritionUnitText": "Näringsvärde per 100 gram",
    "categories": {
      "mainCategory": "Bröd & Kakor",
      "subCategories": [
        {
          "name": "Korvbröd, Hamburgerbröd & Maträttsbröd",
          "subSubCategories": [
            "Hamburgerbröd"
          ]
        }
      ]
    }
  },
  {
    "name": "Levainbröd Surdeg Vete 650g Pågen",
    "weightText": "0.65 kg",
    "caPart": "",
    "weightValue": 0.65,
    "weightUnit": "kg",
    "comparePrice": "61,46 kr/kg",
    "currentPrice": 39.95,
    "attributes": [
      "Ursprungsland Sverige"
    ],
    "imgUrl": "https://handlaprivatkund.ica.se/images-v3/bf7a00ca-390e-4769-865f-dc369586872e/2169f45e-4c33-4c9e-a959-a1238c751b8f/500x500.jpg",
    "productInformation": "",
    "countryText": "Sverige",
    "companyText": "Pågen",
    "ingrediensText": "VETEmjöl, vatten, surdeg på RÅG och durumVETE (10%), fullkornsdurumVETEmjöl, VETEgluten, malt av KORN, jäst, salt, mjölbehandlingsmedel (askorbinsyra). SVENSKT MJÖL Mer än 90% mjöl från svenskodlat spannmål malt i egen kvarn.",
    "storage": "",
    "allergens": "",
    "usage": "",
    "nutrition": [
      {
        "Näringsvärde": "Energi (kcal)",
        "100 Gram": "235 kcal"
      },
      {
        "Näringsvärde": "Energi (kJ)",
        "100 Gram": "984 kJ"
      },
      {
        "Näringsvärde": "Fett",
        "100 Gram": "1.3 g"
      },
      {
        "Näringsvärde": "Varav mättat fett",
        "100 Gram": "0.3 g"
      },
      {
        "Näringsvärde": "Kolhydrat",
        "100 Gram": "44 g"
      },
      {
        "Näringsvärde": "Varav sockerarter",
        "100 Gram": "3.2 g"
      },
      {
        "Näringsvärde": "Fiber",
        "100 Gram": "3.4 g"
      },
      {
        "Näringsvärde": "Protein",
        "100 Gram": "9.9 g"
      },
      {
        "Näringsvärde": "Salt",
        "100 Gram": "1.3 g"
      }
    ],
    "nutritionUnitText": "Näringsvärde per 100 gram",
    "categories": {
      "mainCategory": "Bröd & Kakor",
      "subCategories": [
        {
          "name": "Matbröd",
          "subSubCategories": [
            "Surdegsbröd"
          ]
        }
      ]
    }
  },
  {
    "name": "Sandwich Tomato & Basil 40g Wasa",
    "weightText": "0.04 kg",
    "caPart": "",
    "weightValue": 0.04,
    "weightUnit": "kg",
    "comparePrice": "237,50 kr/kg",
    "currentPrice": 9.5,
    "attributes": [],
    "imgUrl": "https://handlaprivatkund.ica.se/images-v3/bf7a00ca-390e-4769-865f-dc369586872e/42f3d3f5-0067-4228-a940-4726152f1dc4/500x500.jpg",
    "productInformation": "Wasa Sandwich Tomato & Basil är ett veteknäcke i portionsförpackning. Vårt färdiga knäckebröd har en krämig fyllning med smak av ost, tomat och basilika, vilket ger en god knäckemacka med smaker som för tankarna till soliga Italien. Detta knäckebröd med fyllning är delat i två knäckehalvor så att du enkelt kan avnjuta det även på språng. Vårt spröda veteknäckebröd i kombination med den krämiga ostfyllningen blir ett välsmakande mellanmål eller frukost i farten. Wasa Sandwich Tomato & Basil är 100% klimatkompenserad.",
    "countryText": "",
    "companyText": "Wasa",
    "ingrediensText": "VETEknäckebröd (VETEmjöl 57%, jäst, solrosolja, socker, salt), fyllning 38% (rapsolja, ostpulver 9,3% (MJÖLK), sheasmör, KÄRNMJÖLKSpulver, maltodextrin, naturlig arom (MJÖLK), torkad tomat 0,7%, torkad basilika 0,02%). Kan innehålla spår av SESAMFRÖN, SOJA, LUPIN, SELLERI och SENAP.",
    "storage": "Förvaras torrt och mörkt.",
    "allergens": "Kan innehålla Sesamfrön Innehåller Spannmål som innehåller gluten Kan innehålla Sojabönor Innehåller Mjölk Kan innehålla Lupin",
    "usage": "",
    "nutrition": [
      {
        "Näringsvärde": "Energi (kcal)",
        "100 Gram": "479 kcal"
      },
      {
        "Näringsvärde": "Energi (kJ)",
        "100 Gram": "2005 kJ"
      },
      {
        "Näringsvärde": "Fett",
        "100 Gram": "23 g"
      },
      {
        "Näringsvärde": "Varav mättat fett",
        "100 Gram": "8 g"
      },
      {
        "Näringsvärde": "Kolhydrat",
        "100 Gram": "54 g"
      },
      {
        "Näringsvärde": "Varav sockerarter",
        "100 Gram": "5 g"
      },
      {
        "Näringsvärde": "Fiber",
        "100 Gram": "5 g"
      },
      {
        "Näringsvärde": "Protein",
        "100 Gram": "12 g"
      },
      {
        "Näringsvärde": "Salt",
        "100 Gram": "1.3 g"
      }
    ],
    "nutritionUnitText": "Näringsvärde per 100 gram",
    "categories": {
      "mainCategory": "Bröd & Kakor",
      "subCategories": [
        {
          "name": "Knäckebröd & Skorpor",
          "subSubCategories": [
            "Knäckebröd",
            "Knäcke med pålägg"
          ]
        }
      ]
    }
  },
  {
    "name": "Roast'n toast Rostbröd 800g Pågen",
    "weightText": "0.8 kg",
    "caPart": "",
    "weightValue": 0.8,
    "weightUnit": "kg",
    "comparePrice": "41,19 kr/kg",
    "currentPrice": 32.95,
    "attributes": [
      "Ursprungsland Sverige"
    ],
    "imgUrl": "https://handlaprivatkund.ica.se/images-v3/bf7a00ca-390e-4769-865f-dc369586872e/70e08362-9cc4-41b8-8dd8-3e9e529e8a6e/500x500.jpg",
    "productInformation": "Sveriges mest sålda rostbröd! Ett extra gott rostbröd som höjer smaken på dina tillbehör. Utsökt rostbröd för alla som älskar att rosta, passar lika bra till en skön långfrukost som till en lyxig förrätt. Mjuk och saftig med goda vallmofrön gör Roast'n Toast oemotståndligt gott!",
    "countryText": "Sverige",
    "companyText": "Pågen",
    "ingrediensText": "VETEmjöl, vatten, surdeg på VETE, rapsolja, vallmofrö (1%), VETEgluten, socker, malt av KORN, jäst, salt, mjölbehandlingsmedel (askorbinsyra). SVENSKT MJÖL Mer än 90% mjöl från svenskodlat spannmål malt i egen kvarn.",
    "storage": "",
    "allergens": "",
    "usage": "",
    "nutrition": [
      {
        "Näringsvärde": "Energi (kcal)",
        "100 Gram": "263 kcal"
      },
      {
        "Näringsvärde": "Energi (kJ)",
        "100 Gram": "1100 kJ"
      },
      {
        "Näringsvärde": "Fett",
        "100 Gram": "3.6 g"
      },
      {
        "Näringsvärde": "Varav mättat fett",
        "100 Gram": "0.4 g"
      },
      {
        "Näringsvärde": "Kolhydrat",
        "100 Gram": "46 g"
      },
      {
        "Näringsvärde": "Varav sockerarter",
        "100 Gram": "4.7 g"
      },
      {
        "Näringsvärde": "Fiber",
        "100 Gram": "3.6 g"
      },
      {
        "Näringsvärde": "Protein",
        "100 Gram": "8.9 g"
      },
      {
        "Näringsvärde": "Salt",
        "100 Gram": "1.3 g"
      }
    ],
    "nutritionUnitText": "Näringsvärde per 100 gram",
    "categories": {
      "mainCategory": "Bröd & Kakor",
      "subCategories": [
        {
          "name": "Matbröd",
          "subSubCategories": [
            "Ljust bröd",
            "Rostbröd"
          ]
        }
      ]
    }
  },
  {
    "name": "Knäckebröd Falu Råg-Rut 470g Wasa",
    "weightText": "0.47 kg",
    "caPart": "",
    "weightValue": 0.47,
    "weightUnit": "kg",
    "comparePrice": "40,32 kr/kg",
    "currentPrice": 18.95,
    "attributes": [
      "Nyckelhålet"
    ],
    "imgUrl": "https://handlaprivatkund.ica.se/images-v3/bf7a00ca-390e-4769-865f-dc369586872e/589d82be-7bf8-40b7-abaa-cf2b3c0eb7fd/500x500.jpg",
    "productInformation": "Wasa Knäckebröd Falu Råg-rut i storpack är en populär klassiker rik på kostfiber. Detta knäckebröd består av kuddar i perfekta rader. Det är ett krispigt och luftigt rågknäckebröd med 100% fullkorn. Om du bryter rågknäcket på mitten får du två knäckemackor, alternativt kan du bryta isär varje kudde i ditt fullkornsknäckebröd och strö dem över soppan eller ha som näringsrika frukostflingor. Wasa knäcke Falu Rågrut är bakat på fullkornsmjöl av råg och är 100% klimatkompenserat.",
    "countryText": "",
    "companyText": "Wasa",
    "ingrediensText": "Ingredienser: FullkornsRÅGmjöl 105 g*, jäst, salt, mältat KORN. *i g per 100 g produkt.",
    "storage": "",
    "allergens": "",
    "usage": "",
    "nutrition": [
      {
        "Näringsvärde": "Energi (kcal)",
        "100 Gram": "332 kcal"
      },
      {
        "Näringsvärde": "Energi (kJ)",
        "100 Gram": "1397 kJ"
      },
      {
        "Näringsvärde": "Fett",
        "100 Gram": "1.5 g"
      },
      {
        "Näringsvärde": "Varav mättat fett",
        "100 Gram": "0.3 g"
      },
      {
        "Näringsvärde": "Kolhydrat",
        "100 Gram": "60 g"
      },
      {
        "Näringsvärde": "Varav sockerarter",
        "100 Gram": "1 g"
      },
      {
        "Näringsvärde": "Fiber",
        "100 Gram": "20 g"
      },
      {
        "Näringsvärde": "Protein",
        "100 Gram": "9.5 g"
      },
      {
        "Näringsvärde": "Salt",
        "100 Gram": "1.2 g"
      }
    ],
    "nutritionUnitText": "Näringsvärde per 100 gram",
    "categories": {
      "mainCategory": "Bröd & Kakor",
      "subCategories": [
        {
          "name": "Knäckebröd & Skorpor",
          "subSubCategories": [
            "Knäckebröd",
            "Mörkt knäckebröd"
          ]
        }
      ]
    }
  },
  {
    "name": "Grötbröd 780g Pågen",
    "weightText": "0.78 kg",
    "caPart": "",
    "weightValue": 0.78,
    "weightUnit": "kg",
    "comparePrice": "40,38 kr/kg",
    "currentPrice": 31.5,
    "attributes": [
      "Nyckelhålet",
      "Ursprungsland Sverige"
    ],
    "imgUrl": "https://handlaprivatkund.ica.se/images-v3/bf7a00ca-390e-4769-865f-dc369586872e/748ccce6-93f7-43e2-a00b-ed7b82829c02/500x500.jpg",
    "productInformation": "Börja dagen med en rejäl frukost. Vår moderna tolkning av Grötbröd är bakat med grötskållning av havre som gör brödet extra saftigt och gott och får sädesslagens rena smaker att ta för sig. Ta en skiva till, det mättar gott!",
    "countryText": "Sverige",
    "companyText": "Pågen",
    "ingrediensText": "Vatten, VETEmjöl, HAVREgryn*, surdeg på VETE, sirap, VETEgluten, fullkornsVETEmjöl*, fullkornsRÅGmjöl*, solrosfrö (2%), skållat fullkornsHAVREmjöl*, VETEkli, rapsolja, malt av RÅG* och KORN, jäst, salt, mjölbehandlingsmedel (askorbinsyra). Havreinnehåll: 17%. * Fullkornsingrediens. Fullkornshalten i brödet är 24% vilket motsvarar 37% av torrvikten. SVENSKT MJÖL Mer än 90% mjöl från svenskodlat spannmål malt i egen kvarn.",
    "storage": "",
    "allergens": "",
    "usage": "",
    "nutrition": [
      {
        "Näringsvärde": "Energi (kcal)",
        "100 Gram": "266 kcal"
      },
      {
        "Näringsvärde": "Energi (kJ)",
        "100 Gram": "1114 kJ"
      },
      {
        "Näringsvärde": "Fett",
        "100 Gram": "4.7 g"
      },
      {
        "Näringsvärde": "Varav mättat fett",
        "100 Gram": "0.6 g"
      },
      {
        "Näringsvärde": "Kolhydrat",
        "100 Gram": "42 g"
      },
      {
        "Näringsvärde": "Varav sockerarter",
        "100 Gram": "4.9 g"
      },
      {
        "Näringsvärde": "Fiber",
        "100 Gram": "5 g"
      },
      {
        "Näringsvärde": "Protein",
        "100 Gram": "11 g"
      },
      {
        "Näringsvärde": "Salt",
        "100 Gram": "1 g"
      }
    ],
    "nutritionUnitText": "Näringsvärde per 100 gram",
    "categories": {
      "mainCategory": "Bröd & Kakor",
      "subCategories": [
        {
          "name": "Matbröd",
          "subSubCategories": [
            "Mörkt & Grovt bröd",
            "Mörkt skivat bröd"
          ]
        }
      ]
    }
  },
  {
    "name": "JätteFranska Rostbröd 1,1kg Pågen",
    "weightText": "1.1 kg",
    "caPart": "",
    "weightValue": 1.1,
    "weightUnit": "kg",
    "comparePrice": "26,82 kr/kg",
    "currentPrice": 29.5,
    "attributes": [
      "Ursprungsland Sverige"
    ],
    "imgUrl": "https://handlaprivatkund.ica.se/images-v3/bf7a00ca-390e-4769-865f-dc369586872e/d3df5680-9197-4f38-aaea-9cd6d797bf36/500x500.jpg",
    "productInformation": "Härligt rostbröd med tydlig och balanserad smak - Jättegott! Lanserades 1960 och är Sveriges första skivade formfranska. Idén kom från USA där just skivad formfranska var oerhört populärt. I Sverige tog vi snabbt till oss den amerikanska trenden med att rosta brödet och JätteFranska blev folkets favorit.",
    "countryText": "Sverige",
    "companyText": "Pågen",
    "ingrediensText": "VETEmjöl, vatten, sirap, rapsolja, surdeg på VETE, siktat RÅGmjöl, malt av KORN/BYGG, jäst/gær, salt, mjölbehandlingsmedel (askorbinsyra). SVENSKT MJÖL Mer än 90% mjöl från svenskodlat spannmål malt i egen kvarn.",
    "storage": "Lägsta förvaringstemperatur 10°C Högsta förvaringstemperatur 40°C",
    "allergens": "",
    "usage": "",
    "nutrition": [
      {
        "Näringsvärde": "Energi (kcal)",
        "100 Gram": "269 kcal"
      },
      {
        "Näringsvärde": "Energi (kJ)",
        "100 Gram": "1139 kJ"
      },
      {
        "Näringsvärde": "Fett",
        "100 Gram": "3.7 g"
      },
      {
        "Näringsvärde": "Varav mättat fett",
        "100 Gram": "0.4 g"
      },
      {
        "Näringsvärde": "Kolhydrat",
        "100 Gram": "50 g"
      },
      {
        "Näringsvärde": "Varav sockerarter",
        "100 Gram": "2.7 g"
      },
      {
        "Näringsvärde": "Fiber",
        "100 Gram": "2.5 g"
      },
      {
        "Näringsvärde": "Protein",
        "100 Gram": "7.8 g"
      },
      {
        "Näringsvärde": "Salt",
        "100 Gram": "1.4 g"
      }
    ],
    "nutritionUnitText": "Näringsvärde per 100 gram",
    "categories": {
      "mainCategory": "Bröd & Kakor",
      "subCategories": [
        {
          "name": "Matbröd",
          "subSubCategories": [
            "Ljust bröd",
            "Rostbröd"
          ]
        }
      ]
    }
  },
  {
    "name": "Vetekaka 24-p 900g Polarbröd",
    "weightText": "0.9 kg",
    "caPart": "",
    "weightValue": 0.9,
    "weightUnit": "kg",
    "comparePrice": "37,22 kr/kg",
    "currentPrice": 33.5,
    "attributes": [
      "Från Sverige",
      "Ursprungsland Sverige"
    ],
    "imgUrl": "https://handlaprivatkund.ica.se/images-v3/bf7a00ca-390e-4769-865f-dc369586872e/ad094187-fdba-470f-a920-e35843620b7a/500x500.jpg",
    "productInformation": "Naggande goda vetekakor från Polarbröd.",
    "countryText": "Sverige",
    "companyText": "Polarbröd",
    "ingrediensText": "Ingredienser: VETEmjöl1, vatten, socker1, rapsolja1, fermenterat VETEmjöl, jäst1, VETEGLUTEN, salt, HAVREfiber, vegetabiliskt emulgeringsmedel (mono- och diglycerider av fettsyror, mono- och diglyceriders mono- och diacetylvinsyraestrar), bakpulver (hjorthornssalt), maltmjöl (KORN). 1Ursprungsland: Sverige.",
    "storage": "Frys gärna in en del av bröden hemma och ta fram efter behov, så maxar du njutningen och minskar svinnet på en och samma gång. Lägsta förvaringstemperatur 15°C Högsta förvaringstemperatur 25°C",
    "allergens": "",
    "usage": "",
    "nutrition": [
      {
        "Näringsvärde": "Energi (kcal)",
        "100 Gram": "290 kcal"
      },
      {
        "Näringsvärde": "Energi (kJ)",
        "100 Gram": "1200 kJ"
      },
      {
        "Näringsvärde": "Fett",
        "100 Gram": "6.4 g"
      },
      {
        "Näringsvärde": "Varav mättat fett",
        "100 Gram": "0.8 g"
      },
      {
        "Näringsvärde": "Kolhydrat",
        "100 Gram": "48 g"
      },
      {
        "Näringsvärde": "Varav sockerarter",
        "100 Gram": "5.4 g"
      },
      {
        "Näringsvärde": "Fiber",
        "100 Gram": "3.1 g"
      },
      {
        "Näringsvärde": "Protein",
        "100 Gram": "8.3 g"
      },
      {
        "Näringsvärde": "Salt",
        "100 Gram": "0.63 g"
      }
    ],
    "nutritionUnitText": "Näringsvärde per 100 gram",
    "categories": {
      "mainCategory": "Bröd & Kakor",
      "subCategories": [
        {
          "name": "Matbröd",
          "subSubCategories": [
            "Mjukt tunnbröd & Vetekakor",
            "Vetekakor"
          ]
        }
      ]
    }
  },
  {
    "name": "Lingongrova Special 500g Pågen",
    "weightText": "0.5 kg",
    "caPart": "",
    "weightValue": 0.5,
    "weightUnit": "kg",
    "comparePrice": "55,90 kr/kg",
    "currentPrice": 27.95,
    "attributes": [
      "Nyckelhålet",
      "Ursprungsland Sverige"
    ],
    "imgUrl": "https://handlaprivatkund.ica.se/images-v3/bf7a00ca-390e-4769-865f-dc369586872e/3b591934-c722-4cb4-aacb-fb30247678f3/500x500.jpg",
    "productInformation": "LingonGrova Special med bland annat lingon, vetekärnor, klippt råg och solroskärnor. Passar med en härlig äggsallad och några matjesfiléer.",
    "countryText": "Sverige",
    "companyText": "Pågen",
    "ingrediensText": "Vatten, VETEmjöl, fullkornsRÅGmjöl*, siktat RÅGmjöl, surdeg på fullkornsRÅG* och VETE, klippt fullkornsRÅG*, VETEgluten, solrosfrö, skållat VETEmjöl, lingon (2%), röda vinbär, rapsolja, malt av KORN och RÅG*, HAVREfiber, VETEkli, socker, jäst, salt, mjölbehandlingsmedel (askorbinsyra). *Fullkornsingrediens. Fullkornshalten i brödet är 24% vilket motsvarar 35% av torrvikten. SVENSKT MJÖL Mer än 90% mjöl från svenskodlat spannmål malt i egen kvarn.",
    "storage": "",
    "allergens": "",
    "usage": "",
    "nutrition": [
      {
        "Näringsvärde": "Energi (kcal)",
        "100 Gram": "279 kcal"
      },
      {
        "Näringsvärde": "Energi (kJ)",
        "100 Gram": "1178 kJ"
      },
      {
        "Näringsvärde": "Fett",
        "100 Gram": "4.6 g"
      },
      {
        "Näringsvärde": "Varav mättat fett",
        "100 Gram": "0.6 g"
      },
      {
        "Näringsvärde": "Kolhydrat",
        "100 Gram": "46 g"
      },
      {
        "Näringsvärde": "Varav sockerarter",
        "100 Gram": "5 g"
      },
      {
        "Näringsvärde": "Fiber",
        "100 Gram": "6 g"
      },
      {
        "Näringsvärde": "Protein",
        "100 Gram": "11 g"
      },
      {
        "Näringsvärde": "Salt",
        "100 Gram": "1 g"
      }
    ],
    "nutritionUnitText": "Näringsvärde per 100 gram",
    "categories": {
      "mainCategory": "Bröd & Kakor",
      "subCategories": [
        {
          "name": "Matbröd",
          "subSubCategories": [
            "Mörkt & Grovt bröd",
            "Mörkt skivat bröd"
          ]
        }
      ]
    }
  },
  {
    "name": "Hönö Jollekaka 400g Pågen",
    "weightText": "0.4 kg",
    "caPart": "",
    "weightValue": 0.4,
    "weightUnit": "kg",
    "comparePrice": "62,38 kr/kg",
    "currentPrice": 24.95,
    "attributes": [
      "Ursprungsland Sverige"
    ],
    "imgUrl": "https://handlaprivatkund.ica.se/images-v3/bf7a00ca-390e-4769-865f-dc369586872e/d59cf287-6e7d-45b2-a236-085e8107c076/500x500.jpg",
    "productInformation": "Sätt guldkant på dagen med färsk Jollekaka, mjuka och goda brödkakor som gräddats härligt gyllene. Delade och färdiga att njutas med ditt favoritpålägg. Enkelt och gott till frukost och mellanmål.",
    "countryText": "Sverige",
    "companyText": "Pågen",
    "ingrediensText": "VETEmjöl, vatten, socker, siktat RÅGmjöl, rapsolja, RÅGskållning, malt av KORN, jäst, bakpulver (hjorthornssalt), salt, vegetabiliskt emulgeringsmedel mono- och diglycerider av fettsyror (solros, raps), VETEgluten, mjölbehandlingsmedel (askorbinsyra). SVENSKT MJÖL Mer än 90% mjöl från svenskodlat spannmål malt i egen kvarn.",
    "storage": "",
    "allergens": "",
    "usage": "",
    "nutrition": [
      {
        "Näringsvärde": "Energi (kcal)",
        "100 Gram": "296 kcal"
      },
      {
        "Näringsvärde": "Energi (kJ)",
        "100 Gram": "1238 kJ"
      },
      {
        "Näringsvärde": "Fett",
        "100 Gram": "4.5 g"
      },
      {
        "Näringsvärde": "Varav mättat fett",
        "100 Gram": "0.5 g"
      },
      {
        "Näringsvärde": "Kolhydrat",
        "100 Gram": "52 g"
      },
      {
        "Näringsvärde": "Varav sockerarter",
        "100 Gram": "9.7 g"
      },
      {
        "Näringsvärde": "Fiber",
        "100 Gram": "3.3 g"
      },
      {
        "Näringsvärde": "Protein",
        "100 Gram": "9.1 g"
      },
      {
        "Näringsvärde": "Salt",
        "100 Gram": "0.75 g"
      }
    ],
    "nutritionUnitText": "Näringsvärde per 100 gram",
    "categories": {
      "mainCategory": "Bröd & Kakor",
      "subCategories": [
        {
          "name": "Matbröd",
          "subSubCategories": [
            "Mjukt tunnbröd & Vetekakor",
            "Vetekakor"
          ]
        }
      ]
    }
  },
  {
    "name": "Majskakor Ost 125g Friggs",
    "weightText": "0.125 kg",
    "caPart": "",
    "weightValue": 0.125,
    "weightUnit": "kg",
    "comparePrice": "151,60 kr/kg",
    "currentPrice": 18.95,
    "attributes": [
      "Glutenfritt"
    ],
    "imgUrl": "https://handlaprivatkund.ica.se/images-v3/bf7a00ca-390e-4769-865f-dc369586872e/be983fdd-61da-46ad-a717-182e8ea55988/500x500.jpg",
    "productInformation": "",
    "countryText": "",
    "companyText": "Friggs",
    "ingrediensText": "Majs (78%), rapsolja, krydd- blandning (vasslepulver (från MJÖLK), OST- PULVER, salt, arom, surhetsreglerande medel (mjölksyra, kalciumlaktat), kryddextrakt, färgämne (paprikaoleoresin)). Kan innehålla spår av soja och sesamfrö.",
    "storage": "Torrt, ej över normal rumstemperatur.",
    "allergens": "Kan innehålla spår av Sesamfrön, Sojabönor.",
    "usage": "",
    "nutrition": [
      {
        "Näringsvärde": "Energi (kcal)",
        "100 Gram": "410 kcal"
      },
      {
        "Näringsvärde": "Energi (kJ)",
        "100 Gram": "1750 kJ"
      },
      {
        "Näringsvärde": "Fett",
        "100 Gram": "14 g"
      },
      {
        "Näringsvärde": "Varav mättat fett",
        "100 Gram": "2 g"
      },
      {
        "Näringsvärde": "Kolhydrat",
        "100 Gram": "63 g"
      },
      {
        "Näringsvärde": "Varav sockerarter",
        "100 Gram": "5.3 g"
      },
      {
        "Näringsvärde": "Fiber",
        "100 Gram": "0.9 g"
      },
      {
        "Näringsvärde": "Protein",
        "100 Gram": "7.3 g"
      },
      {
        "Näringsvärde": "Salt",
        "100 Gram": "1.6 g"
      }
    ],
    "nutritionUnitText": "Näringsvärde per 100 gram",
    "categories": {
      "mainCategory": "Bröd & Kakor",
      "subCategories": [
        {
          "name": "Knäckebröd & Skorpor",
          "subSubCategories": [
            "Riskakor"
          ]
        }
      ]
    }
  },
  {
    "name": "Digestive 400g ICA",
    "weightText": "0.4 kg",
    "caPart": "",
    "weightValue": 0.4,
    "weightUnit": "kg",
    "comparePrice": "36,25 kr/kg",
    "currentPrice": 14.5,
    "attributes": [],
    "imgUrl": "https://images.ctfassets.net/l3dfc9zfaimi/qZc37LgTPPuZhIUMEbPJx/d4918e773827f51582d837109cfcb604/jul-25-produktdetaljbanner-insamlingen-desktop.jpg",
    "productInformation": "ICA Digestivekex är toppen att ha hemma och kan användas till det mesta eftersom de bär upp både söta och salta smaker. De är ett perfekt sällskap till osten på ostbrickan och blir samtidigt en ljuvlig botten på en cheesecake. Dessutom blir de snabbt ett mellanmål med bara lite smör och ost på.",
    "countryText": "",
    "companyText": "ICA",
    "ingrediensText": "VETEMJÖL* 53%, solrosolja 20%, socker, FULLKORNSVETEMJÖL 15%, invertsockersirap, bakpulver (E500, E503, E330), salt. *Odlat i EU.",
    "storage": "Förvaras torrt och svalt, ej över normal rumstemperatur. Lägsta förvaringstemperatur 0°C Högsta förvaringstemperatur 30°C",
    "allergens": "Kan innehålla spår av Mjölk, Sesamfrön.",
    "usage": "",
    "nutrition": [
      {
        "Näringsvärde": "Energi (kcal)",
        "100 Gram": "479 kcal"
      },
      {
        "Näringsvärde": "Energi (kJ)",
        "100 Gram": "2008 kJ"
      },
      {
        "Näringsvärde": "Fett",
        "100 Gram": "20 g"
      },
      {
        "Näringsvärde": "Varav mättat fett",
        "100 Gram": "1.8 g"
      },
      {
        "Näringsvärde": "Kolhydrat",
        "100 Gram": "66 g"
      },
      {
        "Näringsvärde": "Varav sockerarter",
        "100 Gram": "19 g"
      },
      {
        "Näringsvärde": "Fiber",
        "100 Gram": "3 g"
      },
      {
        "Näringsvärde": "Protein",
        "100 Gram": "6.3 g"
      },
      {
        "Näringsvärde": "Salt",
        "100 Gram": "1.2 g"
      }
    ],
    "nutritionUnitText": "",
    "categories": {
      "mainCategory": "Jul",
      "subCategories": [
        {
          "name": "Julens godaste varor",
          "subSubCategories": []
        }
      ]
    }
  },
  {
    "name": "Gifflar Kanel 300g Pågen",
    "weightText": "0.3 kg",
    "caPart": "",
    "weightValue": 0.3,
    "weightUnit": "kg",
    "comparePrice": "83,17 kr/kg",
    "currentPrice": 24.95,
    "attributes": [],
    "imgUrl": "https://handlaprivatkund.ica.se/images-v3/bf7a00ca-390e-4769-865f-dc369586872e/8d860bdc-6f73-44f3-ac1a-f0efcb643e1f/500x500.jpg",
    "productInformation": "Vi vet, det är omöjligt att öppna en påse gifflar och bara äta en. Det är som att det är något magiskt i den här påsen som drar handen till sig, igen och igen. Det är faktiskt inte magi, det är bara oemotståndligt goda gifflar med härlig, virvlande fyllning. Så lagom små och goda att du bara vill ta en till. Gifflar Kanel är bakade i Sverige på svenskt mjöl från Pågens egna kvarn.",
    "countryText": "",
    "companyText": "Pågen",
    "ingrediensText": "VETEmjöl, vatten, socker, rapsolja, farinsocker, vegetabiliskt fullhärdat fett (raps), aprikoskärnor, MANDEL, skumMJÖLK, ÄGG, invertsocker, jäst, malt av KORN, salt, modifierad stärkelse, bakpulver (E450, E500), vegetabiliskt emulgeringsmedel (E471), konserveringsmedel (E200, E282), förtjockningsmedel (E440), surhetsreglerande medel (E330), kanel (0,7%).",
    "storage": ". Lägsta förvaringstemperatur 10°C Högsta förvaringstemperatur 40°C",
    "allergens": "Innehåller Spannmål som innehåller gluten Innehåller Mjölk Innehåller Ägg",
    "usage": "",
    "nutrition": [
      {
        "Näringsvärde": "Energi (kcal)",
        "100 Gram": "373 kcal"
      },
      {
        "Näringsvärde": "Energi (kJ)",
        "100 Gram": "1559 kJ"
      },
      {
        "Näringsvärde": "Fett",
        "100 Gram": "14 g"
      },
      {
        "Näringsvärde": "Varav mättat fett",
        "100 Gram": "2.5 g"
      },
      {
        "Näringsvärde": "Kolhydrat",
        "100 Gram": "52 g"
      },
      {
        "Näringsvärde": "Varav sockerarter",
        "100 Gram": "19 g"
      },
      {
        "Näringsvärde": "Protein",
        "100 Gram": "7.3 g"
      },
      {
        "Näringsvärde": "Salt",
        "100 Gram": "0.76 g"
      }
    ],
    "nutritionUnitText": "Näringsvärde per 100 gram",
    "categories": {
      "mainCategory": "Bröd & Kakor",
      "subCategories": [
        {
          "name": "Kaffebröd",
          "subSubCategories": [
            "Bullar & Vetelängder",
            "Bullar"
          ]
        }
      ]
    }
  },
  {
    "name": "Guldkorn 500g Pågen",
    "weightText": "0.5 kg",
    "caPart": "",
    "weightValue": 0.5,
    "weightUnit": "kg",
    "comparePrice": "47,00 kr/kg",
    "currentPrice": 23.5,
    "attributes": [
      "Ursprungsland Sverige"
    ],
    "imgUrl": "https://handlaprivatkund.ica.se/images-v3/bf7a00ca-390e-4769-865f-dc369586872e/8ca7b918-1b95-447b-852a-483a15efd946/500x500.jpg",
    "productInformation": "Guldkorn med bl.a. surdeg och våra fyra sädesslag - vete, havre, korn och råg. Passar både med ost och skinka som keso med böngroddar.",
    "countryText": "Sverige",
    "companyText": "Pågen",
    "ingrediensText": "VETEmjöl, vatten, siktat RÅGmjöl, sirap, fullkornsVETEmjöl*, klippt fullkornsRÅG*, surdeg på fullkornsRÅG* och VETE, VETEgluten, skållat VETEmjöl, rapsolja, VETEgroddar, malt av KORN, jäst, salt, mjölbehandlingsmedel (askorbinsyra). Innehåll av vete och råg: 68%. *Fullkornsingrediens. Fullkornshalten i brödet är 11% vilket motsvarar 16% av torrvikten. SVENSKT MJÖL Mer än 90% mjöl från svenskodlat spannmål malt i egen kvarn.",
    "storage": "",
    "allergens": "",
    "usage": "",
    "nutrition": [
      {
        "Näringsvärde": "Energi (kcal)",
        "100 Gram": "272 kcal"
      },
      {
        "Näringsvärde": "Energi (kJ)",
        "100 Gram": "1150 kJ"
      },
      {
        "Näringsvärde": "Fett",
        "100 Gram": "2.5 g"
      },
      {
        "Näringsvärde": "Varav mättat fett",
        "100 Gram": "0.3 g"
      },
      {
        "Näringsvärde": "Kolhydrat",
        "100 Gram": "51 g"
      },
      {
        "Näringsvärde": "Varav sockerarter",
        "100 Gram": "7.3 g"
      },
      {
        "Näringsvärde": "Fiber",
        "100 Gram": "4.8 g"
      },
      {
        "Näringsvärde": "Protein",
        "100 Gram": "9.3 g"
      },
      {
        "Näringsvärde": "Salt",
        "100 Gram": "1.1 g"
      }
    ],
    "nutritionUnitText": "Näringsvärde per 100 gram",
    "categories": {
      "mainCategory": "Bröd & Kakor",
      "subCategories": [
        {
          "name": "Matbröd",
          "subSubCategories": [
            "Mörkt & Grovt bröd",
            "Mörkt skivat bröd"
          ]
        }
      ]
    }
  },
  {
    "name": "Hamburgerbröd 8-p 448g Korvbrödsbagarn",
    "weightText": "0.448 kg",
    "caPart": "",
    "weightValue": 0.448,
    "weightUnit": "kg",
    "comparePrice": "65,85 kr/kg",
    "currentPrice": 29.5,
    "attributes": [
      "Från Sverige"
    ],
    "imgUrl": "https://handlaprivatkund.ica.se/images-v3/bf7a00ca-390e-4769-865f-dc369586872e/a2da07a3-3f7e-489f-9f4c-3de019c5689a/500x500.jpg",
    "productInformation": "Klassiskt ljust hamburgerbröd, mjukt, gott och toppat med sesamfrön.",
    "countryText": "",
    "companyText": "Korvbrödsbagarn",
    "ingrediensText": "Ingredienser: VETEMJÖL*, vatten*, invertsocker*, rapsolja*, SESAMFRÖ (1,5 %), jäst*, salt, vegetabiliskt emulgeringsmedel (E471), maltmjöl av VETE, mjölbehandlingsmedel (E300). * råvaran har svenskt ursprung.",
    "storage": "Förvara i sin förpackning i rumstemperatur.",
    "allergens": "",
    "usage": "Rosta gärna innan servering.",
    "nutrition": [
      {
        "Näringsvärde": "Energi (kcal)",
        "100 Gram": "283 kcal"
      },
      {
        "Näringsvärde": "Energi (kJ)",
        "100 Gram": "1192 kJ"
      },
      {
        "Näringsvärde": "Fett",
        "100 Gram": "5.8 g"
      },
      {
        "Näringsvärde": "Varav mättat fett",
        "100 Gram": "0.8 g"
      },
      {
        "Näringsvärde": "Kolhydrat",
        "100 Gram": "48 g"
      },
      {
        "Näringsvärde": "Varav sockerarter",
        "100 Gram": "5.1 g"
      },
      {
        "Näringsvärde": "Fiber",
        "100 Gram": "2.5 g"
      },
      {
        "Näringsvärde": "Protein",
        "100 Gram": "8.8 g"
      },
      {
        "Näringsvärde": "Salt",
        "100 Gram": "0.76 g"
      }
    ],
    "nutritionUnitText": "Näringsvärde per 100 gram",
    "categories": {
      "mainCategory": "Bröd & Kakor",
      "subCategories": [
        {
          "name": "Korvbröd, Hamburgerbröd & Maträttsbröd",
          "subSubCategories": [
            "Hamburgerbröd"
          ]
        }
      ]
    }
  },
  {
    "name": "LantGoda Surdegsbröd 650g Pågen",
    "weightText": "0.65 kg",
    "caPart": "",
    "weightValue": 0.65,
    "weightUnit": "kg",
    "comparePrice": "52,23 kr/kg",
    "currentPrice": 33.95,
    "attributes": [
      "Nyckelhålet",
      "Ursprungsland Sverige"
    ],
    "imgUrl": "https://handlaprivatkund.ica.se/images-v3/bf7a00ca-390e-4769-865f-dc369586872e/3f197319-cd09-4bb7-a363-036fe0f1fda4/500x500.jpg",
    "productInformation": "Härligt osötat surdegsbröd med en fyllig, rustik ton av fullkornsvete. Bakat med dinkel och havre som tillsammans med gula linfrön och vetegroddar ger brödet karaktär. Njut av den goda smaken som rundas av med extra fin kallpressad rapsolja från Österlen.",
    "countryText": "Sverige",
    "companyText": "Pågen",
    "ingrediensText": "Vatten, VETEmjöl, fullkornsVETEmjöl*, surdeg på VETE (10%), durumVETEmjöl, krossade fullkornskärnor av dinkelVETE* och VETE*, HAVREgryn*, skållat fullkornsHAVREmjöl*, VETEgluten, fullkornsRÅGmjöl*, fullkornsdurumVETEmjöl*, HAVREfiber, kallpressad rapsolja (1%), VETEgroddar, gula linfrö, socker (endast som jästnäring), dextros, jäst, malt av KORN och VETE, salt, mjölbehandlingsmedel (askorbinsyra). Brödet innehåller 5% durum. * Fullkornsingrediens. Fullkornshalten i brödet är 24% vilket motsvarar 37% av torrvikten. SVENSKT MJÖL Mer än 90% mjöl från svenskodlat spannmål malt i egen kvarn.",
    "storage": "",
    "allergens": "",
    "usage": "",
    "nutrition": [
      {
        "Näringsvärde": "Energi (kcal)",
        "100 Gram": "251 kcal"
      },
      {
        "Näringsvärde": "Energi (kJ)",
        "100 Gram": "1061 kJ"
      },
      {
        "Näringsvärde": "Fett",
        "100 Gram": "3.1 g"
      },
      {
        "Näringsvärde": "Varav mättat fett",
        "100 Gram": "0.5 g"
      },
      {
        "Näringsvärde": "Kolhydrat",
        "100 Gram": "43 g"
      },
      {
        "Näringsvärde": "Varav sockerarter",
        "100 Gram": "4.1 g"
      },
      {
        "Näringsvärde": "Fiber",
        "100 Gram": "5 g"
      },
      {
        "Näringsvärde": "Protein",
        "100 Gram": "10 g"
      },
      {
        "Näringsvärde": "Salt",
        "100 Gram": "1 g"
      }
    ],
    "nutritionUnitText": "Näringsvärde per 100 gram",
    "categories": {
      "mainCategory": "Bröd & Kakor",
      "subCategories": [
        {
          "name": "Matbröd",
          "subSubCategories": [
            "Ljust bröd",
            "Lantbröd"
          ]
        }
      ]
    }
  },
  {
    "name": "Tunnbröd Sarek 375g Polarbröd",
    "weightText": "0.375 kg",
    "caPart": "",
    "weightValue": 0.375,
    "weightUnit": "kg",
    "comparePrice": "55,87 kr/kg",
    "currentPrice": 20.95,
    "attributes": [
      "Från Sverige",
      "Ursprungsland Sverige"
    ],
    "imgUrl": "https://handlaprivatkund.ica.se/images-v3/bf7a00ca-390e-4769-865f-dc369586872e/2ce3bdaa-d3a6-4d6e-85c3-ee8c7bce79c2/500x500.jpg",
    "productInformation": "Ett mjukt tunnbröd med råg perfekt att rulla, vika, snitta eller wrappa. Sarek har en fin rågsmak och milda rostade toner. 8 st tunnbröd per förpackning. \"Mjölkfri och fri från konserveringsmedel.Från Sverige, bakat i Norrland.PolarmetodenTM – Fryst direkt efter bakning. Vi vill göra världen lite godare: egen vindkraft, återvinningsbara förpackningar, mer hållbara transporter, 100% från växtriket.Tips: Det är supersmart att förvara bröd i frysen och tina efter behov! \"",
    "countryText": "Sverige",
    "companyText": "Polarbröd",
    "ingrediensText": "Ingredienser: VETEmjöl, vatten, siktat RÅGmjöl (18%), sirap VETEGLUTEN, socker, salt, rapsolja, vegetabiliskt emulgeringsmedel (mono- och diglycerider av fettsyror), bakpulver (hjorthornssalt), jäst, maltmjöl (KORN). Sverige. BAKAT I NORRLAND.",
    "storage": "Frys gärna in en del av bröden hemma och ta fram efter behov, så maxar du njutningen och minskar svinnet på en och samma gång.",
    "allergens": "",
    "usage": "Vi fryser vårt bröd så fort det kommer rykande ur ugnen, och tinar det på väg till dig. Hållbar i 7 dagar i rumstemperatur, se bäst-före-märkning på förpackningen.",
    "nutrition": [
      {
        "Näringsvärde": "Energi (kcal)",
        "100 Gram": "280 kcal"
      },
      {
        "Näringsvärde": "Energi (kJ)",
        "100 Gram": "1220 kJ"
      },
      {
        "Näringsvärde": "Fett",
        "100 Gram": "1.6 g"
      },
      {
        "Näringsvärde": "Varav mättat fett",
        "100 Gram": "0.4 g"
      },
      {
        "Näringsvärde": "Kolhydrat",
        "100 Gram": "55 g"
      },
      {
        "Näringsvärde": "Varav sockerarter",
        "100 Gram": "7 g"
      },
      {
        "Näringsvärde": "Fiber",
        "100 Gram": "4.5 g"
      },
      {
        "Näringsvärde": "Protein",
        "100 Gram": "9.8 g"
      },
      {
        "Näringsvärde": "Salt",
        "100 Gram": "1.2 g"
      }
    ],
    "nutritionUnitText": "Näringsvärde per 100 gram",
    "categories": {
      "mainCategory": "Bröd & Kakor",
      "subCategories": [
        {
          "name": "Matbröd",
          "subSubCategories": [
            "Mjukt tunnbröd & Vetekakor",
            "Mjukt tunnbröd"
          ]
        }
      ]
    }
  },
  {
    "name": "Korvbröd 8-p 336g Pågen",
    "weightText": "0.336 kg",
    "caPart": "",
    "weightValue": 0.336,
    "weightUnit": "kg",
    "comparePrice": "86,16 kr/kg",
    "currentPrice": 28.95,
    "attributes": [
      "Ursprungsland Sverige"
    ],
    "imgUrl": "https://handlaprivatkund.ica.se/images-v3/bf7a00ca-390e-4769-865f-dc369586872e/07c421e5-b1ea-45c6-9568-a8bd1e9e4053/500x500.jpg",
    "productInformation": "8-pack. Ett korvbröd som passar lite större korvar. Passar lika bra utomhus med din favoritkorv direkt från grillen som hemma, samlade runt köksbordet.",
    "countryText": "Sverige",
    "companyText": "Pågen",
    "ingrediensText": "VETEmjöl, vatten, socker, rapsolja, HAVREskållning, surdeg på VETE, jäst, salt, vegetabiliskt emulgeringsmedel mono- och diglyceriders mono- och diacetylvinsyraestrar (raps). Kan innehålla spår av SESAMfrö.",
    "storage": "",
    "allergens": "Kan innehålla spår av Sesamfrön.",
    "usage": "",
    "nutrition": [
      {
        "Näringsvärde": "Energi (kcal)",
        "100 Gram": "305 kcal"
      },
      {
        "Näringsvärde": "Energi (kJ)",
        "100 Gram": "1278 kJ"
      },
      {
        "Näringsvärde": "Fett",
        "100 Gram": "6.6 g"
      },
      {
        "Näringsvärde": "Varav mättat fett",
        "100 Gram": "0.8 g"
      },
      {
        "Näringsvärde": "Kolhydrat",
        "100 Gram": "51 g"
      },
      {
        "Näringsvärde": "Varav sockerarter",
        "100 Gram": "8.6 g"
      },
      {
        "Näringsvärde": "Fiber",
        "100 Gram": "2.2 g"
      },
      {
        "Näringsvärde": "Protein",
        "100 Gram": "8.6 g"
      },
      {
        "Näringsvärde": "Salt",
        "100 Gram": "0.71 g"
      }
    ],
    "nutritionUnitText": "Näringsvärde per 100 gram",
    "categories": {
      "mainCategory": "Bröd & Kakor",
      "subCategories": [
        {
          "name": "Korvbröd, Hamburgerbröd & Maträttsbröd",
          "subSubCategories": [
            "Korvbröd"
          ]
        }
      ]
    }
  },
  {
    "name": "Rågkaka 30-p 900g Polarbröd",
    "weightText": "0.9 kg",
    "caPart": "",
    "weightValue": 0.9,
    "weightUnit": "kg",
    "comparePrice": "37,22 kr/kg",
    "currentPrice": 33.5,
    "attributes": [
      "Från Sverige",
      "Ursprungsland Sverige"
    ],
    "imgUrl": "https://handlaprivatkund.ica.se/images-v3/bf7a00ca-390e-4769-865f-dc369586872e/8c006ffe-3f30-4841-907a-8309d4808714/500x500.jpg",
    "productInformation": "30 gr/st, 900 gr/påse, 2 påsar/kart, Packade i sockerrörspåsar",
    "countryText": "Sverige",
    "companyText": "Polarbröd",
    "ingrediensText": "Ingredienser: VETEmjöl, vatten, siktat RÅGmjöl (22%), sirap, socker, fermenterat VETEmjöl, VETEGLUTEN, rapsolja, salt, HAVREfiber, jäst, vegetabiliskt emulgeringsmedel (mono- och diglycerider av fettsyror, mono- och diglyceriders mono- och diacetylvinsyraestrar), bakpulver (hjorthornssalt), maltmjöl (KORN).",
    "storage": "Frys gärna in en del av bröden hemma och ta fram efter behov, så maxar du njutningen och minskar svinnet på en och samma gång. Lägsta förvaringstemperatur 15°C Högsta förvaringstemperatur 25°C",
    "allergens": "",
    "usage": "",
    "nutrition": [
      {
        "Näringsvärde": "Energi (kcal)",
        "100 Gram": "270 kcal"
      },
      {
        "Näringsvärde": "Energi (kJ)",
        "100 Gram": "1150 kJ"
      },
      {
        "Näringsvärde": "Fett",
        "100 Gram": "3.3 g"
      },
      {
        "Näringsvärde": "Varav mättat fett",
        "100 Gram": "0.8 g"
      },
      {
        "Näringsvärde": "Kolhydrat",
        "100 Gram": "50 g"
      },
      {
        "Näringsvärde": "Varav sockerarter",
        "100 Gram": "8.2 g"
      },
      {
        "Näringsvärde": "Fiber",
        "100 Gram": "4.4 g"
      },
      {
        "Näringsvärde": "Protein",
        "100 Gram": "7.4 g"
      },
      {
        "Näringsvärde": "Salt",
        "100 Gram": "1 g"
      }
    ],
    "nutritionUnitText": "Näringsvärde per 100 gram",
    "categories": {
      "mainCategory": "Bröd & Kakor",
      "subCategories": [
        {
          "name": "Matbröd",
          "subSubCategories": [
            "Mjukt tunnbröd & Vetekakor",
            "Rågkakor"
          ]
        }
      ]
    }
  },
  {
    "name": "Majskakor Gräddfil & lök 125g Friggs",
    "weightText": "0.125 kg",
    "caPart": "",
    "weightValue": 0.125,
    "weightUnit": "kg",
    "comparePrice": "151,60 kr/kg",
    "currentPrice": 18.95,
    "attributes": [
      "Glutenfritt"
    ],
    "imgUrl": "https://handlaprivatkund.ica.se/images-v3/bf7a00ca-390e-4769-865f-dc369586872e/14feede2-cfa7-43bf-8161-805131c04487/500x500.jpg",
    "productInformation": "",
    "countryText": "",
    "companyText": "Friggs",
    "ingrediensText": "Ingredienser: Majs (78%), rapsolja, kryddblandning, (vasslepulver (från MJÖLK), salt, KÄRNMJÖLKSPULVER, OSTPULVER, lökpulver, tomatpulver, dextros, vitlökspulver, arom, syra (äppelsyra), persilja, surhetsreglerande medel (natriumdiacetat), cayennepeppar, färgämne (paprikaoleoresin)). Kan innehålla spår av soja och sesamfrön.",
    "storage": "Torrt, ej över normal rumstemperatur.",
    "allergens": "Kan innehålla spår av Sesamfrön, Sojabönor.",
    "usage": "",
    "nutrition": [
      {
        "Näringsvärde": "Energi (kcal)",
        "100 Gram": "410 kcal"
      },
      {
        "Näringsvärde": "Energi (kJ)",
        "100 Gram": "1750 kJ"
      },
      {
        "Näringsvärde": "Fett",
        "100 Gram": "15 g"
      },
      {
        "Näringsvärde": "Varav mättat fett",
        "100 Gram": "2 g"
      },
      {
        "Näringsvärde": "Kolhydrat",
        "100 Gram": "63 g"
      },
      {
        "Näringsvärde": "Varav sockerarter",
        "100 Gram": "1.4 g"
      },
      {
        "Näringsvärde": "Fiber",
        "100 Gram": "1.2 g"
      },
      {
        "Näringsvärde": "Protein",
        "100 Gram": "6.9 g"
      },
      {
        "Näringsvärde": "Salt",
        "100 Gram": "1.5 g"
      }
    ],
    "nutritionUnitText": "Näringsvärde per 100 gram",
    "categories": {
      "mainCategory": "Bröd & Kakor",
      "subCategories": [
        {
          "name": "Knäckebröd & Skorpor",
          "subSubCategories": [
            "Riskakor"
          ]
        }
      ]
    }
  },
  {
    "name": "Smörgåsrån Vet. Göteborgs",
    "weightText": "0.17 kg",
    "caPart": "",
    "weightValue": 0.17,
    "weightUnit": "kg",
    "comparePrice": "82,06 kr/kg",
    "currentPrice": 13.95,
    "attributes": [],
    "imgUrl": "https://handlaprivatkund.ica.se/images-v3/bf7a00ca-390e-4769-865f-dc369586872e/b2709607-e7dd-49b9-8377-a3ed8c21388a/500x500.jpg",
    "productInformation": "Göteborgs Kex Smörgåsrån uppskattas av både barn och vuxna och har haft en självskriven plats i svenskarnas skafferi sedan 1935. Kanske för att de lätta, spröda rånen bakas utan tillsatta socker och passar lika bra till mellanmålet som till kaffestunden eller ostbrickan. Våra smörgåsrån bakas utan palmolja i Kungälv och finns i de goda smakerna; Vete, Fullkorn och Ekologisk.",
    "countryText": "",
    "companyText": "Göteborgs",
    "ingrediensText": "VETEMJÖL, fullhärdat kokosfett, emulgeringsmedel (SOJALECITIN), salt, bakpulver (natriumbikarbonat), surhetsreglerande medel (citronsyra), KORNMALT. Innehåller naturligt förekommande socker från spannmål.",
    "storage": "Lägsta förvaringstemperatur 10°C Högsta förvaringstemperatur 22°C",
    "allergens": "",
    "usage": "",
    "nutrition": [
      {
        "Näringsvärde": "Energi (kcal)",
        "100 Gram": "408 kcal"
      },
      {
        "Näringsvärde": "Energi (kJ)",
        "100 Gram": "1726 kJ"
      },
      {
        "Näringsvärde": "Fett",
        "100 Gram": "4.6 g"
      },
      {
        "Näringsvärde": "Varav mättat fett",
        "100 Gram": "2.5 g"
      },
      {
        "Näringsvärde": "Kolhydrat",
        "100 Gram": "80 g"
      },
      {
        "Näringsvärde": "Varav sockerarter",
        "100 Gram": "0.5 g"
      },
      {
        "Näringsvärde": "Fiber",
        "100 Gram": "3.2 g"
      },
      {
        "Näringsvärde": "Protein",
        "100 Gram": "10 g"
      },
      {
        "Näringsvärde": "Salt",
        "100 Gram": "0.9 g"
      }
    ],
    "nutritionUnitText": "Näringsvärde per 100 gram",
    "categories": {
      "mainCategory": "Bröd & Kakor",
      "subCategories": [
        {
          "name": "Kaffebröd",
          "subSubCategories": [
            "Kex & kakor",
            "Matkex",
            "Smörgåsrån"
          ]
        }
      ]
    }
  },
  {
    "name": "Originalrost Rostbröd 1000g Skogaholms",
    "weightText": "1 kg",
    "caPart": "",
    "weightValue": 1,
    "weightUnit": "kg",
    "comparePrice": "31,95 kr/kg",
    "currentPrice": 31.95,
    "attributes": [
      "Ursprungsland Sverige"
    ],
    "imgUrl": "https://handlaprivatkund.ica.se/images-v3/bf7a00ca-390e-4769-865f-dc369586872e/90f7160b-c21c-4824-b8a4-c36525a84e98/500x500.jpg",
    "productInformation": "Skogaholms bageri grundades 1926 och har bakat goda bröd sedan dess. Originalrost är vårt klassiska ljusa rostbröd i generösa skivor. Ett saftigt bröd med krispig yta, som doftar härligt nyrostat. Gott att rosta till vardagsfrukosten, knaprigt som krutonger i lunchsalladen, perfekt som varm kvällsmacka och festligt till helgens Toast Skagen. Frukost, utflykt, mellanmål eller nattmat spelar ingen roll. Skogaholms Originalrost är alltid lika god. Vi har gjort påsen mindre för att minska plasten och minimerat dekoren för att minska färgåtgången. Läs mer om vårt miljöarbete på www.skogaholm.se Vi bakar brödet. Du gör stunden.",
    "countryText": "Sverige",
    "companyText": "Skogaholms",
    "ingrediensText": "VETEmjöl, vatten, jäst, sirap, rapsolja, siktat RÅGmjöl, salt, VETEgluten, surdegspulver av VETE, fermenterat VETEmjöl, malt av KORN, mjölbehandlingsmedel (askorbinsyra).",
    "storage": "Lägsta förvaringstemperatur 8°C Högsta förvaringstemperatur 25°C",
    "allergens": "",
    "usage": "",
    "nutrition": [
      {
        "Näringsvärde": "Energi (kcal)",
        "100 Gram": "260 kcal"
      },
      {
        "Näringsvärde": "Energi (kJ)",
        "100 Gram": "1110 kJ"
      },
      {
        "Näringsvärde": "Fett",
        "100 Gram": "2.6 g"
      },
      {
        "Näringsvärde": "Varav mättat fett",
        "100 Gram": "0.5 g"
      },
      {
        "Näringsvärde": "Kolhydrat",
        "100 Gram": "50 g"
      },
      {
        "Näringsvärde": "Varav sockerarter",
        "100 Gram": "4.6 g"
      },
      {
        "Näringsvärde": "Fiber",
        "100 Gram": "2.8 g"
      },
      {
        "Näringsvärde": "Protein",
        "100 Gram": "8 g"
      },
      {
        "Näringsvärde": "Salt",
        "100 Gram": "1 g"
      }
    ],
    "nutritionUnitText": "",
    "categories": {
      "mainCategory": "Bröd & Kakor",
      "subCategories": [
        {
          "name": "Matbröd",
          "subSubCategories": [
            "Ljust bröd",
            "Rostbröd"
          ]
        }
      ]
    }
  },
  {
    "name": "Korvbröd 10-p 270g Korvbrödsbagarn",
    "weightText": "0.27 kg",
    "caPart": "",
    "weightValue": 0.27,
    "weightUnit": "kg",
    "comparePrice": "73,89 kr/kg",
    "currentPrice": 19.95,
    "attributes": [
      "Från Sverige",
      "Ursprungsland Sverige",
      "Laktosfritt"
    ],
    "imgUrl": "https://handlaprivatkund.ica.se/images-v3/bf7a00ca-390e-4769-865f-dc369586872e/61c63c35-8202-4fa5-a18f-aa0e54341c05/500x500.jpg",
    "productInformation": "Ljust korvbröd – originalet sedan 1957. Fyll med korv och klassiska tillbehör för en enkel och god måltid runt grillen eller köksbordet.",
    "countryText": "Sverige",
    "companyText": "Korvbrödsbagarn",
    "ingrediensText": "INGREDIENSER: VETEMJÖL*, vatten*, invertsocker*, rapsolja*, jäst*, VETEGLUTEN, salt, fermenterat VETEMJÖL, maltmjöl av KORN, vegetabiliskt emulgeringsmedel (E471), mjölbehandlingsmedel (E300). Kan innehålla spår av sesamfrö. *råvaran har svenskt ursprung.",
    "storage": "Förvara i sin förpackning i rumstemperatur. Lägsta förvaringstemperatur 8°C Högsta förvaringstemperatur 25°C",
    "allergens": "Innehåller Spannmål som innehåller gluten Kan innehålla Sesamfrön",
    "usage": "",
    "nutrition": [
      {
        "Näringsvärde": "Energi (kcal)",
        "100 Gram": "292 kcal"
      },
      {
        "Näringsvärde": "Energi (kJ)",
        "100 Gram": "1241 kJ"
      },
      {
        "Näringsvärde": "Fett",
        "100 Gram": "6.3 g"
      },
      {
        "Näringsvärde": "Varav mättat fett",
        "100 Gram": "0.8 g"
      },
      {
        "Näringsvärde": "Kolhydrat",
        "100 Gram": "48 g"
      },
      {
        "Näringsvärde": "Varav sockerarter",
        "100 Gram": "4.4 g"
      },
      {
        "Näringsvärde": "Fiber",
        "100 Gram": "3.6 g"
      },
      {
        "Näringsvärde": "Protein",
        "100 Gram": "9.3 g"
      },
      {
        "Näringsvärde": "Salt",
        "100 Gram": "0.45 g"
      }
    ],
    "nutritionUnitText": "Näringsvärde per 100 gram",
    "categories": {
      "mainCategory": "Bröd & Kakor",
      "subCategories": [
        {
          "name": "Korvbröd, Hamburgerbröd & Maträttsbröd",
          "subSubCategories": [
            "Korvbröd"
          ]
        }
      ]
    }
  },
  {
    "name": "Minibaguetter 6-p 300g ICA",
    "weightText": "0.3 kg",
    "caPart": "",
    "weightValue": 0.3,
    "weightUnit": "kg",
    "comparePrice": "55,00 kr/kg",
    "currentPrice": 16.5,
    "attributes": [],
    "imgUrl": "https://handlaprivatkund.ica.se/images-v3/bf7a00ca-390e-4769-865f-dc369586872e/64f79e0b-7fbe-4b7e-b04f-5f55f05a6f36/500x500.jpg",
    "productInformation": "ICA Minibaguetter är nygräddade efter 8–10 minuter i ugnen.",
    "countryText": "",
    "companyText": "ICA",
    "ingrediensText": "VETEMJÖL*, vatten, jäst, joderat salt, mjölbehandlingsmedel (E300), maltmjöl (VETE). Kan innehålla spår av sesamfrön. *Odlat och malt i EU.",
    "storage": "Oöppnad förpackning förvaras i rumstemperatur. Öppnad förpackning försluts och förvaras i kylskåp +8°C i max två dygn.",
    "allergens": "",
    "usage": "",
    "nutrition": [
      {
        "Näringsvärde": "Energi (kcal)",
        "100 Gram": "226 kcal"
      },
      {
        "Näringsvärde": "Energi (kJ)",
        "100 Gram": "959 kJ"
      },
      {
        "Näringsvärde": "Fett",
        "100 Gram": "0.8 g"
      },
      {
        "Näringsvärde": "Varav mättat fett",
        "100 Gram": "0.5 g"
      },
      {
        "Näringsvärde": "Kolhydrat",
        "100 Gram": "46 g"
      },
      {
        "Näringsvärde": "Varav sockerarter",
        "100 Gram": "1 g"
      },
      {
        "Näringsvärde": "Fiber",
        "100 Gram": "2 g"
      },
      {
        "Näringsvärde": "Protein",
        "100 Gram": "7.5 g"
      },
      {
        "Näringsvärde": "Salt",
        "100 Gram": "1 g"
      }
    ],
    "nutritionUnitText": "Näringsvärde per 100 gram",
    "categories": {
      "mainCategory": "Bröd & Kakor",
      "subCategories": [
        {
          "name": "Matbröd",
          "subSubCategories": [
            "Grädda hemma"
          ]
        }
      ]
    }
  },
  {
    "name": "Kex Original 205g Ballerina",
    "weightText": "0.205 kg",
    "caPart": "",
    "weightValue": 0.205,
    "weightUnit": "kg",
    "comparePrice": "104,88 kr/kg",
    "currentPrice": 21.5,
    "attributes": [
      "Rainforest Alliance certifierad"
    ],
    "imgUrl": "https://handlaprivatkund.ica.se/images-v3/bf7a00ca-390e-4769-865f-dc369586872e/9598b5b7-4093-4f7e-bed3-08cd558906b3/500x500.jpg",
    "productInformation": "Ballerina är Sveriges mest älskade kaka och Göteborgs Kex populäraste varumärke. Det runda originalet har funnits sedan 1963. Oemotståndliga kakor med spröda kex och len nougatkräm. Nu med 25% mer fyllning för ännu godare smak. Givna kakor till fikat, kalaset eller utflykten! Ballerinas produkter är bakade utan palmolja.",
    "countryText": "",
    "companyText": "Ballerina",
    "ingrediensText": "VETEMJÖL/HVEDEMEL/HVETEMEL, nougatfyllning 35 % (socker, fullhärdat kokosfett, vasslepulver/vallepulver/mysepulver från MJÖLK/MÆLK/MELK, HASSELNÖTTER/HASSELNØDDER/ HASSELNØTTER 10 %, fettreducerat kakaopulver¹, emulgeringsmedel/emulgator (lecitin), arom), socker, solrosolja/solsikkeolie, fettreducerat kakaopulver¹, bakpulver/hævemiddel (natriumbikarbonat E500, hjorthornssalt E503), invertsocker, salt, emulgeringsmedel/emulgator (lecitin), arom (vanillin). ¹Rainforest Alliance Certified. För mer info se ra.org.",
    "storage": "Lägsta förvaringstemperatur 10°C Högsta förvaringstemperatur 22°C",
    "allergens": "Innehåller Sojabönor Innehåller Spannmål som innehåller gluten Innehåller Mjölk Innehåller Nötter (eng: tree nuts)",
    "usage": "",
    "nutrition": [
      {
        "Näringsvärde": "Energi (kcal)",
        "100 Gram": "500 kcal"
      },
      {
        "Näringsvärde": "Energi (kJ)",
        "100 Gram": "2095 kJ"
      },
      {
        "Näringsvärde": "Fett",
        "100 Gram": "23 g"
      },
      {
        "Näringsvärde": "Varav mättat fett",
        "100 Gram": "12 g"
      },
      {
        "Näringsvärde": "Kolhydrat",
        "100 Gram": "66 g"
      },
      {
        "Näringsvärde": "Varav sockerarter",
        "100 Gram": "32 g"
      },
      {
        "Näringsvärde": "Fiber",
        "100 Gram": "3.1 g"
      },
      {
        "Näringsvärde": "Protein",
        "100 Gram": "6.7 g"
      },
      {
        "Näringsvärde": "Salt",
        "100 Gram": "0.49 g"
      }
    ],
    "nutritionUnitText": "Näringsvärde per 100 gram",
    "categories": {
      "mainCategory": "Bröd & Kakor",
      "subCategories": [
        {
          "name": "Kaffebröd",
          "subSubCategories": [
            "Kex & kakor",
            "Söta kex & Kakor",
            "Fyllda kakor"
          ]
        }
      ]
    }
  },
  {
    "name": "Surdegsbröd Vete Norrlands Leväjn 440g Polarbröd",
    "weightText": "0.44 kg",
    "caPart": "",
    "weightValue": 0.44,
    "weightUnit": "kg",
    "comparePrice": "73,86 kr/kg",
    "currentPrice": 32.5,
    "attributes": [
      "Från Sverige"
    ],
    "imgUrl": "https://handlaprivatkund.ica.se/images-v3/bf7a00ca-390e-4769-865f-dc369586872e/1c2035c7-20b1-4436-899a-be1d621e6368/500x500.jpg",
    "productInformation": "Ett osötat surdegsbröd från Norrland!​ Brödet är bakat med vår egen speciella för- och surdeg av vete samt med en unik bakprocess. Tiden har fått spela en avgörande roll för att forma brödets speciella karaktär och egenskaper. ​Norrlands-”Leväjn är ett ljust, vetebaserat bröd med en kort och okomplicerad ingrediensförteckning. Det är helt osötat, men fullt av smak. Mjukt, men med en ovanlig seghet. Brödet passar lika bra till goda smörgåsar, som till botten för en landgång eller en surdegspizza. ​ · 4 st brödkakor eller 12 portionsbitar per förpackning. ​ · Mjölkfri och fri från konserveringsmedel. Från Sverige, bakat i Norrland.​ · PolarmetodenTM – Fryst direkt efter bakning. ​ Vi vill göra världen lite godare: egen vindkraft, återvinningsbara förpackningar, mer hållbara transporter, 100% från växtriket. ​ Tips: Det är supersmart att förvara bröd i frysen och tina efter behov!\"",
    "countryText": "",
    "companyText": "Polarbröd",
    "ingrediensText": "VETEmjöl¹, vatten, surdeg (VETE)¹ (7%), rapsolja¹, salt, socker¹ (endast för jästnäring), fermenterat VETEmjöl, jäst¹, maltmjöl (KORN). ​Mjölkfri. ¹ Ursprungsland: Sverige.",
    "storage": "Frys gärna in en del av bröden hemma och ta fram efter behov, så maxar du njutningen och minskar svinnet på en och samma gång.",
    "allergens": "",
    "usage": "Vi fryser vårt bröd så fort det kommer rykande ur ugnen, och tinar det på väg till dig. Hållbar i 7 dagar i rumstemperatur, se bäst-före-märkning på förpackningen.",
    "nutrition": [
      {
        "Näringsvärde": "Energi (kcal)",
        "100 Gram": "260 kcal"
      },
      {
        "Näringsvärde": "Energi (kJ)",
        "100 Gram": "1050 kJ"
      },
      {
        "Näringsvärde": "Fett",
        "100 Gram": "2.7 g"
      },
      {
        "Näringsvärde": "Varav mättat fett",
        "100 Gram": "0.4 g"
      },
      {
        "Näringsvärde": "Kolhydrat",
        "100 Gram": "47 g"
      },
      {
        "Näringsvärde": "Varav sockerarter",
        "100 Gram": "4.1 g"
      },
      {
        "Näringsvärde": "Fiber",
        "100 Gram": "2.4 g"
      },
      {
        "Näringsvärde": "Protein",
        "100 Gram": "8.4 g"
      },
      {
        "Näringsvärde": "Salt",
        "100 Gram": "1.3 g"
      }
    ],
    "nutritionUnitText": "Näringsvärde per 100 gram",
    "categories": {
      "mainCategory": "Bröd & Kakor",
      "subCategories": [
        {
          "name": "Matbröd",
          "subSubCategories": [
            "Surdegsbröd"
          ]
        }
      ]
    }
  },
  {
    "name": "Majskakor Chiafrö & havssalt Glutenfri 130g Friggs",
    "weightText": "0.13 kg",
    "caPart": "",
    "weightValue": 0.13,
    "weightUnit": "kg",
    "comparePrice": "203,85 kr/kg",
    "currentPrice": 26.5,
    "attributes": [
      "Glutenfritt",
      "Nyckelhålet"
    ],
    "imgUrl": "https://handlaprivatkund.ica.se/images-v3/bf7a00ca-390e-4769-865f-dc369586872e/2f316153-ca3c-4144-a99b-f01da7f683fb/500x500.jpg",
    "productInformation": "",
    "countryText": "",
    "companyText": "Friggs",
    "ingrediensText": "Ingredienser: Majs fullkorn (59 %), majsgryn (39%), chiafrö (Salvia hispanica) (1%), havssalt (1%). Kan innehålla spår av soja och sesamfrö.",
    "storage": "Torrt, ej över normal rumstemperatur.",
    "allergens": "Kan innehålla spår av Sojabönor.",
    "usage": "",
    "nutrition": [
      {
        "Näringsvärde": "Energi (kcal)",
        "100 Gram": "383 kcal"
      },
      {
        "Näringsvärde": "Energi (kJ)",
        "100 Gram": "1618 kJ"
      },
      {
        "Näringsvärde": "Fett",
        "100 Gram": "3.2 g"
      },
      {
        "Näringsvärde": "Varav mättat fett",
        "100 Gram": "0.5 g"
      },
      {
        "Näringsvärde": "Kolhydrat",
        "100 Gram": "76 g"
      },
      {
        "Näringsvärde": "Varav sockerarter",
        "100 Gram": "2.2 g"
      },
      {
        "Näringsvärde": "Fiber",
        "100 Gram": "8.1 g"
      },
      {
        "Näringsvärde": "Protein",
        "100 Gram": "8.5 g"
      },
      {
        "Näringsvärde": "Salt",
        "100 Gram": "1 g"
      }
    ],
    "nutritionUnitText": "Näringsvärde per 100 gram",
    "categories": {
      "mainCategory": "Bröd & Kakor",
      "subCategories": [
        {
          "name": "Knäckebröd & Skorpor",
          "subSubCategories": [
            "Riskakor"
          ]
        }
      ]
    }
  },
  {
    "name": "KärnSund Surdegsbröd 700g Pågen",
    "weightText": "0.7 kg",
    "caPart": "",
    "weightValue": 0.7,
    "weightUnit": "kg",
    "comparePrice": "48,50 kr/kg",
    "currentPrice": 33.95,
    "attributes": [
      "Nyckelhålet",
      "Ursprungsland Sverige"
    ],
    "imgUrl": "https://handlaprivatkund.ica.se/images-v3/bf7a00ca-390e-4769-865f-dc369586872e/c8fba855-46b2-4c1e-98cb-64aec03b95bc/500x500.jpg",
    "productInformation": "Gott osötat surdegsbröd som är rikt på fullkorn. Bakat på råg som tillsammans med durumvete och klippta rågkärnor ger brödet smak och struktur. Njut av den nötiga runda smaken som rundas av med extra fin kallpressad rapsolja från Österlen.",
    "countryText": "Sverige",
    "companyText": "Pågen",
    "ingrediensText": "Vatten, vetemjöl, fullkornsdurumvetemjöl* (12%), groddade rågkärnor (11%), klippt fullkornsråg*, surdeg på fullkornsråg* och vete (10%), vetegluten, malt av korn, rågskållning*, kallpressad rapsolja (1%), jäst, salt, mjölbehandlingsmedel (askorbinsyra). Kan innehålla spår av vallmofrö. * Fullkornsingrediens. Fullkornshalten i brödet är 37% vilket motsvarar 54% av torrvikten. SVENSKT MJÖL Mer än 90% mjöl från svenskodlat spannmål malt i egen kvarn.",
    "storage": "",
    "allergens": "",
    "usage": "",
    "nutrition": [
      {
        "Näringsvärde": "Energi (kcal)",
        "100 Gram": "274 kcal"
      },
      {
        "Näringsvärde": "Energi (kJ)",
        "100 Gram": "1158 kJ"
      },
      {
        "Näringsvärde": "Fett",
        "100 Gram": "2.5 g"
      },
      {
        "Näringsvärde": "Varav mättat fett",
        "100 Gram": "0.4 g"
      },
      {
        "Näringsvärde": "Kolhydrat",
        "100 Gram": "46 g"
      },
      {
        "Näringsvärde": "Varav sockerarter",
        "100 Gram": "3.4 g"
      },
      {
        "Näringsvärde": "Fiber",
        "100 Gram": "5.6 g"
      },
      {
        "Näringsvärde": "Protein",
        "100 Gram": "13 g"
      },
      {
        "Näringsvärde": "Salt",
        "100 Gram": "1 g"
      }
    ],
    "nutritionUnitText": "Näringsvärde per 100 gram",
    "categories": {
      "mainCategory": "Bröd & Kakor",
      "subCategories": [
        {
          "name": "Matbröd",
          "subSubCategories": [
            "Ljust bröd",
            "Lantbröd"
          ]
        }
      ]
    }
  },
  {
    "name": "Hönökaka 4-p Pågen",
    "weightText": "0.45 kg",
    "caPart": "",
    "weightValue": 0.45,
    "weightUnit": "kg",
    "comparePrice": "62,11 kr/kg",
    "currentPrice": 27.95,
    "attributes": [
      "Ursprungsland Sverige"
    ],
    "imgUrl": "https://handlaprivatkund.ica.se/images-v3/bf7a00ca-390e-4769-865f-dc369586872e/1bd2fc5c-d293-43e2-8546-94ca14a79ce7/500x500.jpg",
    "productInformation": "Njut av härlig, färsk Hönökaka, bakad med kärlek. Receptet kommer från Hönö i Göteborgs skärgård, där gyllengräddad Hönökaka har älskats av generationer. Ta hem skärgården till dig, och dela en god stund med nära och kära.",
    "countryText": "Sverige",
    "companyText": "Pågen",
    "ingrediensText": "VETEmjöl, vatten, socker, rapsolja, RÅGskållning, havssalt, VETEgluten, malt av KORN, jäst, vegetabiliskt emulgeringsmedel mono och diglycerider av fettsyror (solros, raps), mjölbehandlingsmedel (askorbinsyra). SVENSKT MJÖL Mer än 90% mjöl från svenskodlat spannmål malt i egen kvarn.",
    "storage": "",
    "allergens": "",
    "usage": "",
    "nutrition": [
      {
        "Näringsvärde": "Energi (kcal)",
        "100 Gram": "263 kcal"
      },
      {
        "Näringsvärde": "Energi (kJ)",
        "100 Gram": "1111 kJ"
      },
      {
        "Näringsvärde": "Fett",
        "100 Gram": "3.2 g"
      },
      {
        "Näringsvärde": "Varav mättat fett",
        "100 Gram": "0.5 g"
      },
      {
        "Näringsvärde": "Kolhydrat",
        "100 Gram": "48 g"
      },
      {
        "Näringsvärde": "Varav sockerarter",
        "100 Gram": "7.5 g"
      },
      {
        "Näringsvärde": "Fiber",
        "100 Gram": "2.6 g"
      },
      {
        "Näringsvärde": "Protein",
        "100 Gram": "8.7 g"
      },
      {
        "Näringsvärde": "Salt",
        "100 Gram": "0.9 g"
      }
    ],
    "nutritionUnitText": "Näringsvärde per 100 gram",
    "categories": {
      "mainCategory": "Bröd & Kakor",
      "subCategories": [
        {
          "name": "Matbröd",
          "subSubCategories": [
            "Mjukt tunnbröd & Vetekakor",
            "Vetekakor"
          ]
        }
      ]
    }
  },
  {
    "name": "Råg Levain 650g Pågen",
    "weightText": "0.65 kg",
    "caPart": "",
    "weightValue": 0.65,
    "weightUnit": "kg",
    "comparePrice": "61,46 kr/kg",
    "currentPrice": 39.95,
    "attributes": [
      "Ursprungsland Sverige"
    ],
    "imgUrl": "https://handlaprivatkund.ica.se/images-v3/bf7a00ca-390e-4769-865f-dc369586872e/9eaac01b-9a98-471f-ad7a-0c5500248ac9/500x500.jpg",
    "productInformation": "",
    "countryText": "Sverige",
    "companyText": "Pågen",
    "ingrediensText": "VETEmjöl, vatten, surdeg på fullkornsRÅG* och fullkornsdurumVETE* (10%), groddade RÅGkärnor*, VETEgluten, fullkornsRÅGmjöl*, VETEkli, malt av KORN, jäst, salt, mjölbehandlingsmedel (askorbinsyra). *Fullkornsingrediens.",
    "storage": "Lägsta förvaringstemperatur 10°C Högsta förvaringstemperatur 40°C",
    "allergens": "",
    "usage": "",
    "nutrition": [
      {
        "Näringsvärde": "Energi (kcal)",
        "100 Gram": "235 kcal"
      },
      {
        "Näringsvärde": "Energi (kJ)",
        "100 Gram": "985 kJ"
      },
      {
        "Näringsvärde": "Fett",
        "100 Gram": "1.5 g"
      },
      {
        "Näringsvärde": "Varav mättat fett",
        "100 Gram": "0.3 g"
      },
      {
        "Näringsvärde": "Kolhydrat",
        "100 Gram": "43 g"
      },
      {
        "Näringsvärde": "Varav sockerarter",
        "100 Gram": "3.6 g"
      },
      {
        "Näringsvärde": "Fiber",
        "100 Gram": "4.2 g"
      },
      {
        "Näringsvärde": "Protein",
        "100 Gram": "9.3 g"
      },
      {
        "Näringsvärde": "Salt",
        "100 Gram": "1.3 g"
      }
    ],
    "nutritionUnitText": "",
    "categories": {
      "mainCategory": "Bröd & Kakor",
      "subCategories": [
        {
          "name": "Matbröd",
          "subSubCategories": [
            "Surdegsbröd"
          ]
        }
      ]
    }
  },
  {
    "name": "Tuc Original 100g Lu",
    "weightText": "0.1 kg",
    "caPart": "",
    "weightValue": 0.1,
    "weightUnit": "kg",
    "comparePrice": "139,50 kr/kg",
    "currentPrice": 13.95,
    "attributes": [],
    "imgUrl": "https://handlaprivatkund.ica.se/images-v3/bf7a00ca-390e-4769-865f-dc369586872e/9777df01-6d40-4dda-b098-e02aed50e381/500x500.jpg",
    "productInformation": "Tuc Orginal- Tunna, spröda ugnsbakade salta kex. Goda att äta bara som de är, som snacks eller till ostbrickan.",
    "countryText": "",
    "companyText": "Lu",
    "ingrediensText": "Ingredienser: VETEMJÖL/HVEDEMEL, palmolja/-olie, glukossirap, maltextrakt från KORN/BYG, bakpulver/hævemidler (ammoniumkarbonater, natriumkarbonater), salt, ÄGG/ÆG/EGG, arom, mjölbehandlingsmedel/melbehandlingsmiddel (NATRIUMDISULFIT).KAN INNEHÅLLA SOJA, MJÖLK. KAN INDEHOLDE SOJA, MÆLK. KAN INNEHOLDE SOYA, MELK.",
    "storage": "",
    "allergens": "",
    "usage": "",
    "nutrition": [
      {
        "Näringsvärde": "Energi (kcal)",
        "100 Gram": "482 kcal"
      },
      {
        "Näringsvärde": "Energi (kJ)",
        "100 Gram": "2021 kJ"
      },
      {
        "Näringsvärde": "Fett",
        "100 Gram": "19 g"
      },
      {
        "Näringsvärde": "Varav mättat fett",
        "100 Gram": "9 g"
      },
      {
        "Näringsvärde": "Kolhydrat",
        "100 Gram": "67 g"
      },
      {
        "Näringsvärde": "Varav sockerarter",
        "100 Gram": "7.1 g"
      },
      {
        "Näringsvärde": "Fiber",
        "100 Gram": "2.4 g"
      },
      {
        "Näringsvärde": "Protein",
        "100 Gram": "8.3 g"
      },
      {
        "Näringsvärde": "Salt",
        "100 Gram": "1.7 g"
      }
    ],
    "nutritionUnitText": "Näringsvärde per 100 gram",
    "categories": {
      "mainCategory": "Bröd & Kakor",
      "subCategories": [
        {
          "name": "Kaffebröd",
          "subSubCategories": [
            "Kex & kakor",
            "Matkex",
            "Kex till ost"
          ]
        }
      ]
    }
  },
  {
    "name": "Varsågod Skivad 715g Skogaholms",
    "weightText": "0.715 kg",
    "caPart": "",
    "weightValue": 0.715,
    "weightUnit": "kg",
    "comparePrice": "37,06 kr/kg",
    "currentPrice": 26.5,
    "attributes": [],
    "imgUrl": "https://handlaprivatkund.ica.se/images-v3/bf7a00ca-390e-4769-865f-dc369586872e/f9082c8d-f8dc-413c-a1ee-27c2b380b9e4/500x500.jpg",
    "productInformation": "Varsågod är ett mörkt färdigskivat bröd som passar med valfritt smörgåspålägg till frukosten, mellanmålet och utflykten.",
    "countryText": "",
    "companyText": "Skogaholms",
    "ingrediensText": "VETEmjöl, vatten, sirap, fullkornsRÅGmjöl 10 %, fullkornsVETEmjöl 6 %, klippta RÅGkärnor, jäst, malt av KORN, rapsolja, VETEgluten, salt, grovt VETEmjöl, fermenterat VETEmjöl, surdegspulver av VETE, mjölbehandlingsmedel (askorbinsyra).",
    "storage": "",
    "allergens": "",
    "usage": "",
    "nutrition": [
      {
        "Näringsvärde": "Energi (kcal)",
        "100 Gram": "270 kcal"
      },
      {
        "Näringsvärde": "Energi (kJ)",
        "100 Gram": "1150 kJ"
      },
      {
        "Näringsvärde": "Fett",
        "100 Gram": "3.3 g"
      },
      {
        "Näringsvärde": "Varav mättat fett",
        "100 Gram": "0.5 g"
      },
      {
        "Näringsvärde": "Kolhydrat",
        "100 Gram": "50 g"
      },
      {
        "Näringsvärde": "Varav sockerarter",
        "100 Gram": "9.5 g"
      },
      {
        "Näringsvärde": "Fiber",
        "100 Gram": "4.7 g"
      },
      {
        "Näringsvärde": "Protein",
        "100 Gram": "8 g"
      },
      {
        "Näringsvärde": "Salt",
        "100 Gram": "1 g"
      }
    ],
    "nutritionUnitText": "Näringsvärde per 100 gram",
    "categories": {
      "mainCategory": "Bröd & Kakor",
      "subCategories": [
        {
          "name": "Matbröd",
          "subSubCategories": [
            "Mörkt & Grovt bröd",
            "Mörkt skivat bröd"
          ]
        }
      ]
    }
  },
  {
    "name": "Fruktkusar 420g Fazer",
    "weightText": "0.42 kg",
    "caPart": "",
    "weightValue": 0.42,
    "weightUnit": "kg",
    "comparePrice": "72,62 kr/kg",
    "currentPrice": 30.5,
    "attributes": [],
    "imgUrl": "https://handlaprivatkund.ica.se/images-v3/bf7a00ca-390e-4769-865f-dc369586872e/311c5b42-d509-4077-a1c9-4896c9224271/500x500.jpg",
    "productInformation": "Fruktkusar är dubbelmackor smaksatt med aprikoser, tranbär, solrosfrön, linfrön och hirs. Passar till frukost, mellanmål och picknick.",
    "countryText": "",
    "companyText": "Fazer",
    "ingrediensText": "Mjöl (VETE, fullkorn av RÅG och VETE), vatten, torkade aprikoser 8 % (aprikoser, rismjöl, konserveringsmedel (svaveldioxid)), solrosfrö 6 %, torkade tranbär 4 % (tranbär, socker, solrosolja), jäst, dinkelVETEflingor, malt av KORN, salt, stabiliseringsmedel (guarkärnmjöl), VETEgluten, hirs 0,5 %, linfrö 0,5 %. Produkten innehåller 12% frukt och bär samt 7% fröer. Produkten kan innehålla hårda skal- och kärndelar från aprikoser.",
    "storage": "",
    "allergens": "",
    "usage": "",
    "nutrition": [
      {
        "Näringsvärde": "Energi (kcal)",
        "100 Gram": "290 kcal"
      },
      {
        "Näringsvärde": "Energi (kJ)",
        "100 Gram": "1200 kJ"
      },
      {
        "Näringsvärde": "Fett",
        "100 Gram": "4.7 g"
      },
      {
        "Näringsvärde": "Varav mättat fett",
        "100 Gram": "0.5 g"
      },
      {
        "Näringsvärde": "Kolhydrat",
        "100 Gram": "51 g"
      },
      {
        "Näringsvärde": "Varav sockerarter",
        "100 Gram": "8.3 g"
      },
      {
        "Näringsvärde": "Fiber",
        "100 Gram": "5 g"
      },
      {
        "Näringsvärde": "Protein",
        "100 Gram": "8.2 g"
      },
      {
        "Näringsvärde": "Salt",
        "100 Gram": "0.9 g"
      }
    ],
    "nutritionUnitText": "Näringsvärde per 100 gram",
    "categories": {
      "mainCategory": "Bröd & Kakor",
      "subCategories": [
        {
          "name": "Matbröd",
          "subSubCategories": [
            "Mörkt & Grovt bröd",
            "Mörkt styckpackat bröd"
          ]
        }
      ]
    }
  },
  {
    "name": "Rågbröd Danskt 400g Pågen",
    "weightText": "0.4 kg",
    "caPart": "",
    "weightValue": 0.4,
    "weightUnit": "kg",
    "comparePrice": "63,75 kr/kg",
    "currentPrice": 25.5,
    "attributes": [
      "Nyckelhålet"
    ],
    "imgUrl": "https://handlaprivatkund.ica.se/images-v3/bf7a00ca-390e-4769-865f-dc369586872e/6aa238b1-4e2e-4af8-ac3a-e6c3d9a47cb1/500x500.jpg",
    "productInformation": "Rågbröd med solros- och linfrö. Gör en ägg- och baconmacka: blanda kokt ägg, majonnäs, senap och persilja. Lägg på röran, stekt bacon och tomat. \n \n Fullkornshalten i brödet är 25% vilket motsvarar 35% av torrvikten.",
    "countryText": "",
    "companyText": "Pågen",
    "ingrediensText": "Surdeg på fullkornsRÅG* (29%) och VETE, siktat RÅGmjöl (26%), vatten, RÅGkärnor* (7%), linfrö (6%), solrosfrö (6%), RÅGmjöl* (5%), sirap, malt av KORN, jäst, joderat salt. Kan innehålla spår av SESAMFRÖ. *Fullkornsingrediens.",
    "storage": "",
    "allergens": "",
    "usage": "",
    "nutrition": [
      {
        "Näringsvärde": "Energi (kcal)",
        "100 Gram": "243 kcal"
      },
      {
        "Näringsvärde": "Energi (kJ)",
        "100 Gram": "1017 kJ"
      },
      {
        "Näringsvärde": "Fett",
        "100 Gram": "5.9 g"
      },
      {
        "Näringsvärde": "Varav mättat fett",
        "100 Gram": "0.7 g"
      },
      {
        "Näringsvärde": "Kolhydrat",
        "100 Gram": "36 g"
      },
      {
        "Näringsvärde": "Varav sockerarter",
        "100 Gram": "3.2 g"
      },
      {
        "Näringsvärde": "Fiber",
        "100 Gram": "7.9 g"
      },
      {
        "Näringsvärde": "Protein",
        "100 Gram": "7 g"
      },
      {
        "Näringsvärde": "Salt",
        "100 Gram": "1.1 g"
      }
    ],
    "nutritionUnitText": "Näringsvärde per 100 gram",
    "categories": {
      "mainCategory": "Bröd & Kakor",
      "subCategories": [
        {
          "name": "Matbröd",
          "subSubCategories": [
            "Mörkt & Grovt bröd",
            "Rågbröd"
          ]
        }
      ]
    }
  },
  {
    "name": "Tunnbröd Original 340g Liba Bröd",
    "weightText": "0.33 kg",
    "caPart": "",
    "weightValue": 0.33,
    "weightUnit": "kg",
    "comparePrice": "33,18 kr/kg",
    "currentPrice": 10.95,
    "attributes": [],
    "imgUrl": "https://handlaprivatkund.ica.se/images-v3/bf7a00ca-390e-4769-865f-dc369586872e/1d77e41e-9a47-4da1-b17c-77c66c850dc1/500x500.jpg",
    "productInformation": "Orientaliskt tunnbröd från Liba bröd med varierande användningsområden. Ät som wrap, pizzabotten eller helt enkelt som det är.",
    "countryText": "",
    "companyText": "Liba Bröd",
    "ingrediensText": "VETEMJÖL 100% , vatten, socker, jäst, salt., KORNMALT",
    "storage": "",
    "allergens": "",
    "usage": "",
    "nutrition": [
      {
        "Näringsvärde": "Energi (kcal)",
        "100 Gram": "240 kcal"
      },
      {
        "Näringsvärde": "Energi (kJ)",
        "100 Gram": "1000 kJ"
      },
      {
        "Näringsvärde": "Fett",
        "100 Gram": "1 g"
      },
      {
        "Näringsvärde": "Kolhydrat",
        "100 Gram": "49 g"
      },
      {
        "Näringsvärde": "Fiber",
        "100 Gram": "2.2 g"
      },
      {
        "Näringsvärde": "Protein",
        "100 Gram": "7.5 g"
      },
      {
        "Näringsvärde": "Salt",
        "100 Gram": "0.65 g"
      }
    ],
    "nutritionUnitText": "Näringsvärde per 100 gram",
    "categories": {
      "mainCategory": "Bröd & Kakor",
      "subCategories": [
        {
          "name": "Korvbröd, Hamburgerbröd & Maträttsbröd",
          "subSubCategories": [
            "Övriga maträttsbröd"
          ]
        }
      ]
    }
  },
  {
    "name": "Majskakor Ranch 125g Friggs",
    "weightText": "0.125 kg",
    "caPart": "",
    "weightValue": 0.125,
    "weightUnit": "kg",
    "comparePrice": "151,60 kr/kg",
    "currentPrice": 18.95,
    "attributes": [
      "Glutenfritt"
    ],
    "imgUrl": "https://handlaprivatkund.ica.se/images-v3/bf7a00ca-390e-4769-865f-dc369586872e/b436acd1-a81d-41db-ab30-a95d048e2db8/500x500.jpg",
    "productInformation": "Friggs Majskakor Ranch är naturligt glutenfria majskakor med en mild och god smak av ranch. Passar gott som snacks eller som mellanmål vart du än är.",
    "countryText": "",
    "companyText": "Friggs",
    "ingrediensText": "Ingredienser: Majs (80%), rapsolja, kryddblandning (VASSLEPULVER (MJÖLK), salt, socker, dextros, lök, tomat, OSTPULVER (MJÖLK), paprika, jästextrakt, surhetsreglerande medel (mjölksyra, äpplesyra, citronsyra), vitlök, persilja, kryddextrakt (paprika), arom). Kan innehålla spår av soja och sesamfrön.",
    "storage": "Torrt, ej över normal rumstemperatur.",
    "allergens": "Kan innehålla spår av Sesamfrön, Sojabönor.",
    "usage": "",
    "nutrition": [
      {
        "Näringsvärde": "Energi (kcal)",
        "100 Gram": "406 kcal"
      },
      {
        "Näringsvärde": "Energi (kJ)",
        "100 Gram": "1700 kJ"
      },
      {
        "Näringsvärde": "Fett",
        "100 Gram": "13 g"
      },
      {
        "Näringsvärde": "Varav mättat fett",
        "100 Gram": "1.6 g"
      },
      {
        "Näringsvärde": "Kolhydrat",
        "100 Gram": "65 g"
      },
      {
        "Näringsvärde": "Varav sockerarter",
        "100 Gram": "4.3 g"
      },
      {
        "Näringsvärde": "Fiber",
        "100 Gram": "1.1 g"
      },
      {
        "Näringsvärde": "Protein",
        "100 Gram": "6.6 g"
      },
      {
        "Näringsvärde": "Salt",
        "100 Gram": "1.4 g"
      }
    ],
    "nutritionUnitText": "Näringsvärde per 100 gram",
    "categories": {
      "mainCategory": "Bröd & Kakor",
      "subCategories": [
        {
          "name": "Knäckebröd & Skorpor",
          "subSubCategories": [
            "Riskakor"
          ]
        }
      ]
    }
  },
  {
    "name": "Lantbröd Havssalt 600g Fazer",
    "weightText": "0.6 kg",
    "caPart": "",
    "weightValue": 0.6,
    "weightUnit": "kg",
    "comparePrice": "58,25 kr/kg",
    "currentPrice": 34.95,
    "attributes": [
      "Från Sverige",
      "Ursprungsland Sverige"
    ],
    "imgUrl": "https://handlaprivatkund.ica.se/images-v3/bf7a00ca-390e-4769-865f-dc369586872e/0ba313e9-16cb-423e-b853-ce4c03c112d0/500x500.jpg",
    "productInformation": "Lantbröd Havssalt är ett ljust osötat bröd, bakat med surdeg och en gnutta havssalt. Gott att rosta till frukost, servera till en mustig soppa eller matig sallad. Frukost, utflykt, mellanmål eller nattmat spelar ingen roll. Fazers Lantbröd är alltid lika gott. Vi har gjort påsen mindre för att minska plasten och minimerat dekoren för att minska färgåtgången. Läs mer om vårt miljöarbete på www.skogaholm.se Vi bakar brödet. Du gör stunden.",
    "countryText": "Sverige",
    "companyText": "Fazer",
    "ingrediensText": "VETEmjöl1, vatten, siktat rågmjöl1, HAVREgryn1,malt av VETE, jäst1, VETEgluten, rapsolja, surdeg av VETE2 2 %, havssalt, fermenterat VETEmjöl, linfrö, durumVETEmjöl, malt avKORN, mjölbehandlingsmedel (askorbinsyra). 1Ursprung Sverige. 2Ursprung EU.",
    "storage": "",
    "allergens": "",
    "usage": "",
    "nutrition": [
      {
        "Näringsvärde": "Energi (kcal)",
        "100 Gram": "260 kcal"
      },
      {
        "Näringsvärde": "Energi (kJ)",
        "100 Gram": "1050 kJ"
      },
      {
        "Näringsvärde": "Fett",
        "100 Gram": "3.9 g"
      },
      {
        "Näringsvärde": "Varav mättat fett",
        "100 Gram": "0.5 g"
      },
      {
        "Näringsvärde": "Kolhydrat",
        "100 Gram": "44 g"
      },
      {
        "Näringsvärde": "Varav sockerarter",
        "100 Gram": "3.8 g"
      },
      {
        "Näringsvärde": "Fiber",
        "100 Gram": "3.7 g"
      },
      {
        "Näringsvärde": "Protein",
        "100 Gram": "9.3 g"
      },
      {
        "Näringsvärde": "Salt",
        "100 Gram": "1.2 g"
      }
    ],
    "nutritionUnitText": "Näringsvärde per 100 gram",
    "categories": {
      "mainCategory": "Bröd & Kakor",
      "subCategories": [
        {
          "name": "Matbröd",
          "subSubCategories": [
            "Ljust bröd",
            "Lantbröd"
          ]
        }
      ]
    }
  },
  {
    "name": "Rågform 400g Fazer",
    "weightText": "0.4 kg",
    "caPart": "",
    "weightValue": 0.4,
    "weightUnit": "kg",
    "comparePrice": "71,25 kr/kg",
    "currentPrice": 28.5,
    "attributes": [
      "Från Sverige",
      "Nyckelhålet",
      "Ursprungsland Sverige"
    ],
    "imgUrl": "https://handlaprivatkund.ica.se/images-v3/bf7a00ca-390e-4769-865f-dc369586872e/31cab2f8-9169-4bc5-aa9b-7a148ad1f579/500x500.jpg",
    "productInformation": "Rågform är ett surdegsbröd med bland annat fullkorn av råg. Passar till frukost och mellanmål med en klick smör och ett gott smörgåspålägg.",
    "countryText": "Sverige",
    "companyText": "Fazer",
    "ingrediensText": "Mjöl (fullkorn av RÅG1, VETE1, fullkorn av VETE1, fermenterat VETE), vatten, surdeg av fullkornsRÅGmjöl1 18 %, krossade RÅGkärnor2, RÅGflingor1, malt av KORN, rapsolja, salt, jäst1, mjölbehandlingsmedel (askorbinsyra). 1Ursprung Sverige. 2Ursprung EU. Brödet består av 81% svenska ingredienser. Brödet innehåller 44% råg och 53 % fullkorn. Innehåller naturligt förekommande sockerarter.",
    "storage": "Lägsta förvaringstemperatur 8°C Högsta förvaringstemperatur 25°C",
    "allergens": "",
    "usage": "",
    "nutrition": [
      {
        "Näringsvärde": "Energi (kcal)",
        "100 Gram": "260 kcal"
      },
      {
        "Näringsvärde": "Energi (kJ)",
        "100 Gram": "1100 kJ"
      },
      {
        "Näringsvärde": "Fett",
        "100 Gram": "3.4 g"
      },
      {
        "Näringsvärde": "Varav mättat fett",
        "100 Gram": "0.5 g"
      },
      {
        "Näringsvärde": "Kolhydrat",
        "100 Gram": "47 g"
      },
      {
        "Näringsvärde": "Varav sockerarter",
        "100 Gram": "3.3 g"
      },
      {
        "Näringsvärde": "Fiber",
        "100 Gram": "8.3 g"
      },
      {
        "Näringsvärde": "Protein",
        "100 Gram": "6.9 g"
      },
      {
        "Näringsvärde": "Salt",
        "100 Gram": "1.1 g"
      }
    ],
    "nutritionUnitText": "Näringsvärde per 100 gram",
    "categories": {
      "mainCategory": "Bröd & Kakor",
      "subCategories": [
        {
          "name": "Matbröd",
          "subSubCategories": [
            "Mörkt & Grovt bröd",
            "Mörkt styckpackat bröd"
          ]
        }
      ]
    }
  },
  {
    "name": "Knäckebröd 100 Frön & Havssalt 245g Wasa",
    "weightText": "0.245 kg",
    "caPart": "",
    "weightValue": 0.245,
    "weightUnit": "kg",
    "comparePrice": "97,76 kr/kg",
    "currentPrice": 23.95,
    "attributes": [
      "Nyckelhålet"
    ],
    "imgUrl": "https://handlaprivatkund.ica.se/images-v3/bf7a00ca-390e-4769-865f-dc369586872e/e9fc43a2-1694-4d7e-959e-a73e94de2d41/500x500.jpg",
    "productInformation": "Wasa 100 Frön & Havssalt är vårt ljuvliga jubileumsknäcke. Vi firar att Wasa har förgyllt våra måltider med gott knäcke i över 100 år. Det här är ett tunt knäckebröd som är bakat på 100% fullkornsråg, toppat med havssalt, linfrön och vallmofrön. Knäckebröd med havssalt ger en fulländad smakbrytning till de runda och nötiga tonerna från fröna. Servera detta knäckebröd med frön som kex till en ostbricka eller som knäckemacka med valfritt pålägg. Wasas hårda tunnbröd är 100% klimatkompenserat.",
    "countryText": "",
    "companyText": "Wasa",
    "ingrediensText": "FULLKORNSRÅGMJÖL (95 g*), linfrön (5,9 g*), vallmofrön (4,2 g*), jäst, havssalt (0,5 g*), salt. *i g för 100 g produkt.",
    "storage": "Förvaras torrt och mörkt.",
    "allergens": "Kan innehålla spår av Mjölk.",
    "usage": "",
    "nutrition": [
      {
        "Näringsvärde": "Energi (kcal)",
        "100 Gram": "348 kcal"
      },
      {
        "Näringsvärde": "Energi (kJ)",
        "100 Gram": "1461 kJ"
      },
      {
        "Näringsvärde": "Fett",
        "100 Gram": "5 g"
      },
      {
        "Näringsvärde": "Varav mättat fett",
        "100 Gram": "0.7 g"
      },
      {
        "Näringsvärde": "Kolhydrat",
        "100 Gram": "54 g"
      },
      {
        "Näringsvärde": "Varav sockerarter",
        "100 Gram": "1 g"
      },
      {
        "Näringsvärde": "Fiber",
        "100 Gram": "21 g"
      },
      {
        "Näringsvärde": "Protein",
        "100 Gram": "11 g"
      },
      {
        "Näringsvärde": "Salt",
        "100 Gram": "1.2 g"
      }
    ],
    "nutritionUnitText": "Näringsvärde per 100 gram",
    "categories": {
      "mainCategory": "Bröd & Kakor",
      "subCategories": [
        {
          "name": "Knäckebröd & Skorpor",
          "subSubCategories": [
            "Knäckebröd",
            "Mörkt knäckebröd"
          ]
        }
      ]
    }
  },
  {
    "name": "Wasa100 490g Wasa",
    "weightText": "0.49 kg",
    "caPart": "",
    "weightValue": 0.49,
    "weightUnit": "kg",
    "comparePrice": "83,57 kr/kg",
    "currentPrice": 40.95,
    "attributes": [
      "Nyckelhålet"
    ],
    "imgUrl": "https://handlaprivatkund.ica.se/images-v3/bf7a00ca-390e-4769-865f-dc369586872e/a69a90ea-d3f0-445e-a9c3-6e4257c4a1fc/500x500.jpg",
    "productInformation": "Wasa 100 Frön & Havssalt är vårt ljuvliga jubileumsknäcke. Vi firar att Wasa har förgyllt våra måltider med gott knäcke i över 100 år. Det här är ett tunt knäckebröd som är bakat på 100% fullkornsråg, toppat med havssalt, linfrön och vallmofrön. Knäckebröd med havssalt ger en fulländad smakbrytning till de runda och nötiga tonerna från fröna. Servera detta knäckebröd med frön som kex till en ostbricka eller som knäckemacka med valfritt pålägg. Wasas hårda tunnbröd är 100% klimatkompenserat.",
    "countryText": "",
    "companyText": "Wasa",
    "ingrediensText": "FULLKORNSRÅGMJÖL (95% g*), linfrön (5,9 g*), vallmofrön (4,2 g*), jäst, havssalt (0,5 g*), salt. *i g för 100 g produkt.",
    "storage": "",
    "allergens": "",
    "usage": "",
    "nutrition": [
      {
        "Näringsvärde": "Energi (kcal)",
        "100 Gram": "348 kcal"
      },
      {
        "Näringsvärde": "Energi (kJ)",
        "100 Gram": "1461 kJ"
      },
      {
        "Näringsvärde": "Fett",
        "100 Gram": "5 g"
      },
      {
        "Näringsvärde": "Varav mättat fett",
        "100 Gram": "0.7 g"
      },
      {
        "Näringsvärde": "Kolhydrat",
        "100 Gram": "54 g"
      },
      {
        "Näringsvärde": "Varav sockerarter",
        "100 Gram": "1 g"
      },
      {
        "Näringsvärde": "Fiber",
        "100 Gram": "21 g"
      },
      {
        "Näringsvärde": "Protein",
        "100 Gram": "11 g"
      },
      {
        "Näringsvärde": "Salt",
        "100 Gram": "1.2 g"
      }
    ],
    "nutritionUnitText": "Näringsvärde per 100 gram",
    "categories": {
      "mainCategory": "Bröd & Kakor",
      "subCategories": [
        {
          "name": "Knäckebröd & Skorpor",
          "subSubCategories": [
            "Knäckebröd",
            "Mörkt knäckebröd"
          ]
        }
      ]
    }
  },
  {
    "name": "Knäckebröd Husman 520g Wasa",
    "weightText": "0.52 kg",
    "caPart": "",
    "weightValue": 0.52,
    "weightUnit": "kg",
    "comparePrice": "30,67 kr/kg",
    "currentPrice": 15.95,
    "attributes": [
      "Nyckelhålet"
    ],
    "imgUrl": "https://handlaprivatkund.ica.se/images-v3/bf7a00ca-390e-4769-865f-dc369586872e/d3b4a06d-40ac-4794-ab61-6296c5b67806/500x500.jpg",
    "productInformation": "Wasa Knäckebröd Husman är vårt klassiska knäcke bakat på fullkornsrågmjöl. Vi följer än idag samma recept som från när det först bakades, för mer än 80 år sedan. Vårt grova rågknäcke är precis lika älskat nu som då. Rik i smaken och samtidigt neutral passar Husman knäcke med alla typer av pålägg, både som tillbehör eller som huvudnummer. Det innehåller 100% fullkorn och är ett knäckebröd rikt på fiber och järn. Wasa rågknäckebröd Husman är 100% klimatkompenserat och nyckelhålsmärkt.",
    "countryText": "",
    "companyText": "Wasa",
    "ingrediensText": "Ingredienser: fullkornsRÅGmjöl 105 g*, jäst, salt. *i g för 100 g produkt.",
    "storage": "Förvaras torrt och mörkt. Högsta förvaringstemperatur 25°C",
    "allergens": "",
    "usage": "",
    "nutrition": [
      {
        "Näringsvärde": "Energi (kcal)",
        "100 Gram": "330 kcal"
      },
      {
        "Näringsvärde": "Energi (kJ)",
        "100 Gram": "1389 kJ"
      },
      {
        "Näringsvärde": "Fett",
        "100 Gram": "1.5 g"
      },
      {
        "Näringsvärde": "Varav mättat fett",
        "100 Gram": "0.4 g"
      },
      {
        "Näringsvärde": "Kolhydrat",
        "100 Gram": "59 g"
      },
      {
        "Näringsvärde": "Varav sockerarter",
        "100 Gram": "1.5 g"
      },
      {
        "Näringsvärde": "Fiber",
        "100 Gram": "20 g"
      },
      {
        "Näringsvärde": "Protein",
        "100 Gram": "10 g"
      },
      {
        "Näringsvärde": "Salt",
        "100 Gram": "1.2 g"
      },
      {
        "Näringsvärde": "Järn",
        "100 Gram": "2.6 mg",
        "% av DRI(*)": "19"
      },
      {
        "Näringsvärde": "Magnesium",
        "100 Gram": "85 mg",
        "% av DRI(*)": "23"
      },
      {
        "Näringsvärde": "Zink",
        "100 Gram": "2.4 mg",
        "% av DRI(*)": "24"
      }
    ],
    "nutritionUnitText": "Näringsvärde per 100 gram",
    "categories": {
      "mainCategory": "Bröd & Kakor",
      "subCategories": [
        {
          "name": "Knäckebröd & Skorpor",
          "subSubCategories": [
            "Knäckebröd",
            "Mörkt knäckebröd"
          ]
        }
      ]
    }
  },
  {
    "name": "Frökusar 420g Fazer",
    "weightText": "0.42 kg",
    "caPart": "",
    "weightValue": 0.42,
    "weightUnit": "kg",
    "comparePrice": "68,93 kr/kg",
    "currentPrice": 28.95,
    "attributes": [
      "Nyckelhålet"
    ],
    "imgUrl": "https://handlaprivatkund.ica.se/images-v3/bf7a00ca-390e-4769-865f-dc369586872e/f547afcc-f667-40f8-811a-a254a84a1e20/500x500.jpg",
    "productInformation": "Fazer Frökusar är ett bröd fyllt med solrosfrön och linfrön. Det är ett nyckelhålsmärkt smakrikt frukostbröd som innehåller dinkel och som är rikt på fullkorn. Fazer Frökusar är även goda att rosta. Bred din favoritmacka och ät till frukost eller ta med på picknicken.",
    "countryText": "",
    "companyText": "Fazer",
    "ingrediensText": "VETEmjöl, vatten, fullkornsmjöl av VETE, solrosfrö 8 %, dinkelVETEmjöl 7,5 %, linfrö 3 %, jäst, sirap, dinkelVETEflingor 2 %, skållat fullkornsRÅGmjöl, malt av KORN, salt, malt av RÅG, VETEgluten, stabiliseringsmedel (guarkärnmjöl), konserveringsmedel (sorbinsyra), mjölbehandlingsmedel (askorbinsyra). Brödet innehåller 24 % fullkorn.",
    "storage": "Lägsta förvaringstemperatur 8°C Högsta förvaringstemperatur 25°C",
    "allergens": "",
    "usage": "",
    "nutrition": [
      {
        "Näringsvärde": "Energi (kcal)",
        "100 Gram": "290 kcal"
      },
      {
        "Näringsvärde": "Energi (kJ)",
        "100 Gram": "1200 kJ"
      },
      {
        "Näringsvärde": "Fett",
        "100 Gram": "6.3 g"
      },
      {
        "Näringsvärde": "Varav mättat fett",
        "100 Gram": "0.8 g"
      },
      {
        "Näringsvärde": "Kolhydrat",
        "100 Gram": "45 g"
      },
      {
        "Näringsvärde": "Varav sockerarter",
        "100 Gram": "4.8 g"
      },
      {
        "Näringsvärde": "Fiber",
        "100 Gram": "5.6 g"
      },
      {
        "Näringsvärde": "Protein",
        "100 Gram": "9.5 g"
      },
      {
        "Näringsvärde": "Salt",
        "100 Gram": "1 g"
      }
    ],
    "nutritionUnitText": "Näringsvärde per 100 gram",
    "categories": {
      "mainCategory": "Bröd & Kakor",
      "subCategories": [
        {
          "name": "Matbröd",
          "subSubCategories": [
            "Mörkt & Grovt bröd",
            "Mörkt styckpackat bröd"
          ]
        }
      ]
    }
  },
  {
    "name": "Rågbitar osötade 6-p 330g Hatting",
    "weightText": "0.33 kg",
    "caPart": "",
    "weightValue": 0.33,
    "weightUnit": "kg",
    "comparePrice": "72,58 kr/kg",
    "currentPrice": 23.95,
    "attributes": [
      "Nyckelhålet"
    ],
    "imgUrl": "https://handlaprivatkund.ica.se/images-v3/bf7a00ca-390e-4769-865f-dc369586872e/cf514775-5e79-4363-a963-2d6266724a00/500x500.jpg",
    "productInformation": "Ett syrligt och gott rågbröd. Brödet är nyckelhålsmärkt och innehåller 55% råg, 55% fullkorn och 11% fiber. 6 st skurna bröd. Rosta gärna brödet för ännu godare smak.",
    "countryText": "",
    "companyText": "Hatting",
    "ingrediensText": "Ingredienser: FULLKORNSRÅG (mjöl, kross, malt), vatten, VETEMJÖL, potatisflingor, jäst, salt och VETEGLUTEN.",
    "storage": "",
    "allergens": "",
    "usage": "Brödet är färdigt att servera. Rosta gärna brödet för ännu bättre smak. Stoppa 2 skivor (dubbla) i rosten, på så sätt får du en crispig utsida och en härlig varm sida. Blir det något över, förvara i plastpåse i rumstemperatur.",
    "nutrition": [
      {
        "Näringsvärde": "Energi (kcal)",
        "100 Gram": "251 kcal"
      },
      {
        "Näringsvärde": "Energi (kJ)",
        "100 Gram": "1061 kJ"
      },
      {
        "Näringsvärde": "Fett",
        "100 Gram": "1.5 g"
      },
      {
        "Näringsvärde": "Varav mättat fett",
        "100 Gram": "0.3 g"
      },
      {
        "Näringsvärde": "Kolhydrat",
        "100 Gram": "45 g"
      },
      {
        "Näringsvärde": "Varav sockerarter",
        "100 Gram": "1 g"
      },
      {
        "Näringsvärde": "Fiber",
        "100 Gram": "11 g"
      },
      {
        "Näringsvärde": "Protein",
        "100 Gram": "8.6 g"
      },
      {
        "Näringsvärde": "Salt",
        "100 Gram": "1.1 g"
      }
    ],
    "nutritionUnitText": "Näringsvärde per 100 gram",
    "categories": {
      "mainCategory": "Bröd & Kakor",
      "subCategories": [
        {
          "name": "Matbröd",
          "subSubCategories": [
            "Mörkt & Grovt bröd",
            "Mörkt styckpackat bröd"
          ]
        }
      ]
    }
  },
  {
    "name": "Jubileumskaka 400g Polarbröd",
    "weightText": "0.4 kg",
    "caPart": "",
    "weightValue": 0.4,
    "weightUnit": "kg",
    "comparePrice": "57,38 kr/kg",
    "currentPrice": 22.95,
    "attributes": [
      "Från Sverige"
    ],
    "imgUrl": "https://handlaprivatkund.ica.se/images-v3/bf7a00ca-390e-4769-865f-dc369586872e/24ca254e-8dbe-4ca7-974c-dd874c963c74/500x500.jpg",
    "productInformation": "Stora, goda, gyllengräddade vetekakor från Polarbröd.",
    "countryText": "",
    "companyText": "Polarbröd",
    "ingrediensText": "VETEmjöl¹, vatten, sirap¹, rapsolja¹, fermenterat VETEmjöl, VETEGLUTEN, jäst¹, salt, VETEskållning¹, vegetabiliskt emulgeringsmedel (mono- och diglycerider av fettsyror, mono- och diglyceriders mono- och diacetylvinsyraestrar), bakpulver (hjorthornssalt), maltmjöl (KORN), ¹ Ursprungsland Sverige.",
    "storage": "Frys gärna in en del av bröden hemma och ta fram efter behov, så maxar du njutningen och minskar svinnet på en och samma gång.",
    "allergens": "",
    "usage": "Vi fryser vårt bröd så fort det kommer rykande ur ugnen, och tinar det på väg till dig. Hållbar i 7 dagar i rumstemperatur, se bäst-före-märkning på förpackningen.",
    "nutrition": [
      {
        "Näringsvärde": "Energi (kcal)",
        "100 Gram": "290 kcal"
      },
      {
        "Näringsvärde": "Energi (kJ)",
        "100 Gram": "1200 kJ"
      },
      {
        "Näringsvärde": "Fett",
        "100 Gram": "6.6 g"
      },
      {
        "Näringsvärde": "Varav mättat fett",
        "100 Gram": "0.8 g"
      },
      {
        "Näringsvärde": "Kolhydrat",
        "100 Gram": "46 g"
      },
      {
        "Näringsvärde": "Varav sockerarter",
        "100 Gram": "5.1 g"
      },
      {
        "Näringsvärde": "Fiber",
        "100 Gram": "2.6 g"
      },
      {
        "Näringsvärde": "Protein",
        "100 Gram": "9 g"
      },
      {
        "Näringsvärde": "Salt",
        "100 Gram": "0.73 g"
      }
    ],
    "nutritionUnitText": "Näringsvärde per 100 gram",
    "categories": {
      "mainCategory": "Bröd & Kakor",
      "subCategories": [
        {
          "name": "Matbröd",
          "subSubCategories": [
            "Mjukt tunnbröd & Vetekakor",
            "Vetekakor"
          ]
        }
      ]
    }
  },
  {
    "name": "Hamburgerbröd Brioche Gourmet 4-p 320g Pågen",
    "weightText": "0.32 kg",
    "caPart": "",
    "weightValue": 0.32,
    "weightUnit": "kg",
    "comparePrice": "107,81 kr/kg",
    "currentPrice": 34.5,
    "attributes": [
      "Ursprungsland Sverige"
    ],
    "imgUrl": "https://handlaprivatkund.ica.se/images-v3/bf7a00ca-390e-4769-865f-dc369586872e/c14d44b1-7036-4984-9811-9921f0f03540/500x500.jpg",
    "productInformation": "Pågens FÄRSKA gourmet hamburgerbröd har en lätt smak av brioche och är extra stora för att få plats med alla goda tillbehör. Skapa lika goda och fina hamburgare hemma som du skulle fått på restaurang! Bakade med surdeg och utan konserveringsmedel.",
    "countryText": "Sverige",
    "companyText": "Pågen",
    "ingrediensText": "VETEmjöl, vatten, socker, rapsolja, jäst, surdeg på VETE, solrosolja, glukos, majsstärkelse, maltodextrin, ärtprotein, VETEgluten, salt, vegetabiliskt emulgeringsmedel mono- och diglyceriders mono- och diacetylvinsyraestrar (raps), briochearom. Kan innehålla spår av SESAMfrö.",
    "storage": "",
    "allergens": "Kan innehålla spår av Sesamfrön.",
    "usage": "",
    "nutrition": [
      {
        "Näringsvärde": "Energi (kcal)",
        "100 Gram": "295 kcal"
      },
      {
        "Näringsvärde": "Energi (kJ)",
        "100 Gram": "1233 kJ"
      },
      {
        "Näringsvärde": "Fett",
        "100 Gram": "6.5 g"
      },
      {
        "Näringsvärde": "Varav mättat fett",
        "100 Gram": "0.8 g"
      },
      {
        "Näringsvärde": "Kolhydrat",
        "100 Gram": "48 g"
      },
      {
        "Näringsvärde": "Varav sockerarter",
        "100 Gram": "8.9 g"
      },
      {
        "Näringsvärde": "Fiber",
        "100 Gram": "2.7 g"
      },
      {
        "Näringsvärde": "Protein",
        "100 Gram": "8.8 g"
      },
      {
        "Näringsvärde": "Salt",
        "100 Gram": "0.89 g"
      }
    ],
    "nutritionUnitText": "Näringsvärde per 100 gram",
    "categories": {
      "mainCategory": "Bröd & Kakor",
      "subCategories": [
        {
          "name": "Korvbröd, Hamburgerbröd & Maträttsbröd",
          "subSubCategories": [
            "Hamburgerbröd"
          ]
        }
      ]
    }
  },
  {
    "name": "Digestive Original 400g Mc Vities",
    "weightText": "0.4 kg",
    "caPart": "",
    "weightValue": 0.4,
    "weightUnit": "kg",
    "comparePrice": "37,38 kr/kg",
    "currentPrice": 14.95,
    "attributes": [],
    "imgUrl": "https://handlaprivatkund.ica.se/images-v3/bf7a00ca-390e-4769-865f-dc369586872e/1210f061-ebd6-44e1-b8bd-a150b57adc9e/500x500.jpg",
    "productInformation": "Sprött digestivekex till ostbrickan, en kopp te, kaffe eller att äta som ett mellanmål. Passar även till bakning t ex som botten i en cheesecake.",
    "countryText": "",
    "companyText": "Mc Vities",
    "ingrediensText": "VETEmjöl (55%), palmolja, fullkornsVETEmjöl (15%), socker, inverterad sockersirap, bakpulver (natriumkarbonat, äppelsyra, ammoniumkarbonater), salt.",
    "storage": "",
    "allergens": "Innehåller Spannmål som innehåller gluten Kan innehålla Mjölk",
    "usage": "",
    "nutrition": [
      {
        "Näringsvärde": "Energi (kcal)",
        "100 Gram": "483 kcal"
      },
      {
        "Näringsvärde": "Energi (kJ)",
        "100 Gram": "2023 kJ"
      },
      {
        "Näringsvärde": "Fett",
        "100 Gram": "21.8 g"
      },
      {
        "Näringsvärde": "Varav mättat fett",
        "100 Gram": "10.3 g"
      },
      {
        "Näringsvärde": "Kolhydrat",
        "100 Gram": "62.7 g"
      },
      {
        "Näringsvärde": "Varav sockerarter",
        "100 Gram": "16.8 g"
      },
      {
        "Näringsvärde": "Fiber",
        "100 Gram": "3.4 g"
      },
      {
        "Näringsvärde": "Protein",
        "100 Gram": "6.9 g"
      },
      {
        "Näringsvärde": "Salt",
        "100 Gram": "1.5 g"
      }
    ],
    "nutritionUnitText": "Näringsvärde per 100 gram",
    "categories": {
      "mainCategory": "Bröd & Kakor",
      "subCategories": [
        {
          "name": "Kaffebröd",
          "subSubCategories": [
            "Kex & kakor",
            "Matkex",
            "Digestivekex"
          ]
        }
      ]
    }
  },
  {
    "name": "Hamburgerbröd Potato Burger bun 280g Korvbrödsbagarn",
    "weightText": "0.28 kg",
    "caPart": "",
    "weightValue": 0.28,
    "weightUnit": "kg",
    "comparePrice": "114,11 kr/kg",
    "currentPrice": 31.95,
    "attributes": [
      "Från Sverige",
      "Ursprungsland Sverige"
    ],
    "imgUrl": "https://handlaprivatkund.ica.se/images-v3/bf7a00ca-390e-4769-865f-dc369586872e/d9cb9f63-613f-4af2-a82f-393cce18df1a/500x500.jpg",
    "productInformation": "Potato burger bun är ett amerika-inspirerat hamburgerbröd, bakat med potatis vilket gör brödet unikt saftigt och luftigt. Storleken är lite bigger och känslan är mycket softare.",
    "countryText": "Sverige",
    "companyText": "Korvbrödsbagarn",
    "ingrediensText": "INGREDIENSER: VETEMJÖL*, vatten*, potatisflingor (6,7 %, EU), invertsocker*, rapsolja*, jäst*, salt, VETEGLUTEN, potatisstärkelse (0,5 %), VETESKÅLLNING*, vegetabiliskt protein (ärta), vegetabiliskt emulgeringsmedel (E471, E481), arom, glukossirap, rismjöl, torkad surdeg av VETE, maltmjöl av VETE, mjölbehandlingsmedel (E300). Kan innehålla spår av sesamfrö. *Råvaran har svenskt ursprung.",
    "storage": "Förvara i sin förpackning i rumstemperatur.",
    "allergens": "",
    "usage": "Rosta gärna innan servering.",
    "nutrition": [
      {
        "Näringsvärde": "Energi (kcal)",
        "100 Gram": "275 kcal"
      },
      {
        "Näringsvärde": "Energi (kJ)",
        "100 Gram": "1162 kJ"
      },
      {
        "Näringsvärde": "Fett",
        "100 Gram": "5.2 g"
      },
      {
        "Näringsvärde": "Varav mättat fett",
        "100 Gram": "0.8 g"
      },
      {
        "Näringsvärde": "Kolhydrat",
        "100 Gram": "47 g"
      },
      {
        "Näringsvärde": "Varav sockerarter",
        "100 Gram": "5.3 g"
      },
      {
        "Näringsvärde": "Fiber",
        "100 Gram": "2.4 g"
      },
      {
        "Näringsvärde": "Protein",
        "100 Gram": "8.7 g"
      },
      {
        "Näringsvärde": "Salt",
        "100 Gram": "1.08 g"
      }
    ],
    "nutritionUnitText": "Näringsvärde per 100 gram",
    "categories": {
      "mainCategory": "Bröd & Kakor",
      "subCategories": [
        {
          "name": "Korvbröd, Hamburgerbröd & Maträttsbröd",
          "subSubCategories": [
            "Hamburgerbröd"
          ]
        }
      ]
    }
  },
  {
    "name": "Pitabröd Fryst 6-p 480g Hatting",
    "weightText": "0.48 kg",
    "caPart": "",
    "weightValue": 0.48,
    "weightUnit": "kg",
    "comparePrice": "36,46 kr/kg",
    "currentPrice": 17.5,
    "attributes": [],
    "imgUrl": "https://handlaprivatkund.ica.se/images-v3/bf7a00ca-390e-4769-865f-dc369586872e/0fdb2616-4a2e-4663-b7b2-f05f5082de6e/500x500.jpg",
    "productInformation": "Underbara pitabröd perfekta att fylla med olika godsaker.",
    "countryText": "",
    "companyText": "Hatting",
    "ingrediensText": "VETEMJÖL 72%, vatten, jäst, jodberikat salt, socker, rapsolja, VETEMALTMJÖL, mjölbehandlingsmedel (E300).",
    "storage": "Lägsta förvaringstemperatur -18°C Högsta förvaringstemperatur -18°C",
    "allergens": "Innehåller Spannmål som innehåller gluten",
    "usage": "",
    "nutrition": [
      {
        "Näringsvärde": "Energi (kcal)",
        "100 Gram": "252 kcal"
      },
      {
        "Näringsvärde": "Energi (kJ)",
        "100 Gram": "1068 kJ"
      },
      {
        "Näringsvärde": "Fett",
        "100 Gram": "1.6 g"
      },
      {
        "Näringsvärde": "Varav mättat fett",
        "100 Gram": "0.2 g"
      },
      {
        "Näringsvärde": "Kolhydrat",
        "100 Gram": "50 g"
      },
      {
        "Näringsvärde": "Varav sockerarter",
        "100 Gram": "2 g"
      },
      {
        "Näringsvärde": "Fiber",
        "100 Gram": "2.6 g"
      },
      {
        "Näringsvärde": "Protein",
        "100 Gram": "8.1 g"
      },
      {
        "Näringsvärde": "Salt",
        "100 Gram": "1 g"
      }
    ],
    "nutritionUnitText": "Näringsvärde per 100 gram",
    "categories": {
      "mainCategory": "Fryst",
      "subCategories": [
        {
          "name": "Fryst bröd & dessert",
          "subSubCategories": [
            "Fryst bröd"
          ]
        }
      ]
    }
  },
  {
    "name": "Mazariner 4-pack ICA",
    "weightText": "0.22 kg",
    "caPart": "",
    "weightValue": 0.22,
    "weightUnit": "kg",
    "comparePrice": "102,27 kr/kg",
    "currentPrice": 22.5,
    "attributes": [],
    "imgUrl": "https://handlaprivatkund.ica.se/images-v3/bf7a00ca-390e-4769-865f-dc369586872e/253effb7-18f7-40cc-8bd0-0ef7b53057ce/500x500.jpg",
    "productInformation": "Mazariner är ett klassikst bakverk gjord på mördeg och toppad med ljuvlig vit glasyr.",
    "countryText": "",
    "companyText": "ICA",
    "ingrediensText": "Socker, vetemjöl, margarin (vegetabiliska oljor [palm*, raps, kokos], vatten, salt, emulgeringsmedel (E471), surhetsreglerande medel (E330), arom, vitamin A), ägg**, aprikoskärnor, glukossirap, fuktighetsbevarande medel (E422), äggpulver**, bakpulver (E450, E500), konserveringsmedel (E202, E281), majsstärkelse, emulgeringsmedel (E471), surhetsreglerande medel (E330), förtjockningsmedel (E410, E412). Kan innehålla spår av mandel, mjölk, valnöt, pekannöt, hasselnöt",
    "storage": "",
    "allergens": "",
    "usage": "",
    "nutrition": [
      {
        "Näringsvärde": "Energi (kcal)",
        "100 Gram": "419 kcal"
      },
      {
        "Näringsvärde": "Energi (kJ)",
        "100 Gram": "1754 kJ"
      },
      {
        "Näringsvärde": "Fett",
        "100 Gram": "20 g"
      },
      {
        "Näringsvärde": "Varav mättat fett",
        "100 Gram": "8.3 g"
      },
      {
        "Näringsvärde": "Kolhydrat",
        "100 Gram": "55 g"
      },
      {
        "Näringsvärde": "Varav sockerarter",
        "100 Gram": "36 g"
      },
      {
        "Näringsvärde": "Protein",
        "100 Gram": "4.1 g"
      },
      {
        "Näringsvärde": "Salt",
        "100 Gram": "0.35 g"
      }
    ],
    "nutritionUnitText": "Näringsvärde per 100 gram",
    "categories": {
      "mainCategory": "Bröd & Kakor",
      "subCategories": [
        {
          "name": "Kaffebröd",
          "subSubCategories": [
            "Kondisbitar & Bakelser"
          ]
        }
      ]
    }
  },
  {
    "name": "Brago 225g Göteborgs",
    "weightText": "0.225 kg",
    "caPart": "",
    "weightValue": 0.225,
    "weightUnit": "kg",
    "comparePrice": "84,22 kr/kg",
    "currentPrice": 18.95,
    "attributes": [],
    "imgUrl": "https://handlaprivatkund.ica.se/images-v3/bf7a00ca-390e-4769-865f-dc369586872e/457ef04c-ef17-4769-b06f-f9f9bf2e0a25/500x500.jpg",
    "productInformation": "Brago är svenska folkets vardagsfavorit bland kexen. Spröda mördegskex med mild vaniljsmak - en klassiker som funnits sedan 1953. Bragokex finns också som bondgårds-, siffer- och bokstavskex. Perfekta kex för hela familjen. Produkten är vegansk och fri från palmolja.",
    "countryText": "",
    "companyText": "Brago",
    "ingrediensText": "VETEMJÖL/HVEDEMEL, socker, vegetabilisk olja*, VETESTÄRKELSE/HVEDESTIVELSE, sirap, salt, bakpulver/hævemiddel (natriumbikarbonat, hjorthornssalt E503), emulgeringsmedel (lecitin), aromer.*För info om vilken olja som använts se www.goteborgskex.se/ravaror.",
    "storage": "Lägsta förvaringstemperatur 10°C Högsta förvaringstemperatur 22°C",
    "allergens": "Innehåller Spannmål som innehåller gluten Innehåller Sojabönor",
    "usage": "",
    "nutrition": [
      {
        "Näringsvärde": "Energi (kcal)",
        "100 Gram": "469 kcal"
      },
      {
        "Näringsvärde": "Energi (kJ)",
        "100 Gram": "1971 kJ"
      },
      {
        "Näringsvärde": "Fett",
        "100 Gram": "18 g"
      },
      {
        "Näringsvärde": "Varav mättat fett",
        "100 Gram": "7.7 g"
      },
      {
        "Näringsvärde": "Kolhydrat",
        "100 Gram": "69 g"
      },
      {
        "Näringsvärde": "Varav sockerarter",
        "100 Gram": "22 g"
      },
      {
        "Näringsvärde": "Fiber",
        "100 Gram": "2.7 g"
      },
      {
        "Näringsvärde": "Protein",
        "100 Gram": "7.3 g"
      },
      {
        "Näringsvärde": "Salt",
        "100 Gram": "0.7 g"
      }
    ],
    "nutritionUnitText": "Näringsvärde per 100 gram",
    "categories": {
      "mainCategory": "Bröd & Kakor",
      "subCategories": [
        {
          "name": "Kaffebröd",
          "subSubCategories": [
            "Kex & kakor",
            "Söta kex & Kakor",
            "Söta kex"
          ]
        }
      ]
    }
  },
  {
    "name": "Majskakor Pizza 125g Friggs",
    "weightText": "0.125 kg",
    "caPart": "",
    "weightValue": 0.125,
    "weightUnit": "kg",
    "comparePrice": "151,60 kr/kg",
    "currentPrice": 18.95,
    "attributes": [
      "Glutenfritt"
    ],
    "imgUrl": "https://handlaprivatkund.ica.se/images-v3/bf7a00ca-390e-4769-865f-dc369586872e/91f6b0e4-c04f-4200-9ea0-4be6f0466eb1/500x500.jpg",
    "productInformation": "",
    "countryText": "",
    "companyText": "Friggs",
    "ingrediensText": "Ingredienser: Majs (78%), rapsolja, kryddblandning (OSTPULVER, vasslepulver/mysepulver (från MJÖLK/MELK), salt, socker/sukker, tomatpulver, dextros, naturlig arom, vitlökspulver, oregano, basilika, persilja, kryddextrakt (paprika, svartpeppar), syra(citronsyra/sitronsyre), örtextrakt/urteekstrakt (oregano, timjan)).",
    "storage": "Torrt, ej över normal rumstemperatur.",
    "allergens": "Kan innehålla spår av Sesamfrön, Sojabönor.",
    "usage": "",
    "nutrition": [
      {
        "Näringsvärde": "Energi (kcal)",
        "100 Gram": "420 kcal"
      },
      {
        "Näringsvärde": "Energi (kJ)",
        "100 Gram": "1750 kJ"
      },
      {
        "Näringsvärde": "Fett",
        "100 Gram": "15 g"
      },
      {
        "Näringsvärde": "Varav mättat fett",
        "100 Gram": "2.1 g"
      },
      {
        "Näringsvärde": "Kolhydrat",
        "100 Gram": "62 g"
      },
      {
        "Näringsvärde": "Varav sockerarter",
        "100 Gram": "4.2 g"
      },
      {
        "Näringsvärde": "Fiber",
        "100 Gram": "1.1 g"
      },
      {
        "Näringsvärde": "Protein",
        "100 Gram": "7 g"
      },
      {
        "Näringsvärde": "Salt",
        "100 Gram": "1.6 g"
      }
    ],
    "nutritionUnitText": "Näringsvärde per 100 gram",
    "categories": {
      "mainCategory": "Bröd & Kakor",
      "subCategories": [
        {
          "name": "Knäckebröd & Skorpor",
          "subSubCategories": [
            "Riskakor"
          ]
        }
      ]
    }
  },
  {
    "name": "Sandwich Pizza 37g Wasa",
    "weightText": "0.037 kg",
    "caPart": "",
    "weightValue": 0.037,
    "weightUnit": "kg",
    "comparePrice": "256,76 kr/kg",
    "currentPrice": 9.5,
    "attributes": [],
    "imgUrl": "https://handlaprivatkund.ica.se/images-v3/bf7a00ca-390e-4769-865f-dc369586872e/51068c66-b84a-4356-8bdc-4817d381afa7/500x500.jpg",
    "productInformation": "Wasa Sandwich Pizza är ett snabbt och enkelt mellanmål bakat på fullkornsrågmjöl. Detta pizza knäckebröd är en utsökt kombination av krispigt bröd och krämig sandwich fyllning med smak av tomat och basilika. Wasas Sandwich är färdiga mellanmål, perfekta för familjer med barn som är mycket i farten och för alla som vill ha ett gott, fiberrikt och snabbt mellanmål. Sandwich Pizza är 100% klimatkompenserad.",
    "countryText": "",
    "companyText": "Wasa",
    "ingrediensText": "INGREDIENSER: RÅGKNÄCKEBRÖD (FULLKORNSRÅGMJÖL 50%, RÅGMJÖL, jäst, salt), ostfyllning 37%, (rapsolja, ostpulver 9% (MJÖLK), sheasmör, KÄRNMJÖLKSPULVER, maltodextrin, naturlig arom (MJÖLK), torkad tomat 0,7%, torkad basilika 0,02%). KAN INNEHÅLLA SPÅR AVSESAMFRÖN, SOJABÖNOR, LUPIN, SELLERI och SENAP.",
    "storage": "Förvaras torrt och mörkt.",
    "allergens": "Kan innehålla Sesamfrön Kan innehålla Sojabönor Kan innehålla Lupin Innehåller Mjölk Innehåller Spannmål som innehåller gluten",
    "usage": "",
    "nutrition": [
      {
        "Näringsvärde": "Energi (kcal)",
        "100 Gram": "451 kcal"
      },
      {
        "Näringsvärde": "Energi (kJ)",
        "100 Gram": "1884 kJ"
      },
      {
        "Näringsvärde": "Fett",
        "100 Gram": "21 g"
      },
      {
        "Näringsvärde": "Varav mättat fett",
        "100 Gram": "8 g"
      },
      {
        "Näringsvärde": "Kolhydrat",
        "100 Gram": "48 g"
      },
      {
        "Näringsvärde": "Varav sockerarter",
        "100 Gram": "4.5 g"
      },
      {
        "Näringsvärde": "Fiber",
        "100 Gram": "13 g"
      },
      {
        "Näringsvärde": "Protein",
        "100 Gram": "11 g"
      },
      {
        "Näringsvärde": "Salt",
        "100 Gram": "1.1 g"
      }
    ],
    "nutritionUnitText": "Näringsvärde per 100 gram",
    "categories": {
      "mainCategory": "Bröd & Kakor",
      "subCategories": [
        {
          "name": "Knäckebröd & Skorpor",
          "subSubCategories": [
            "Knäckebröd",
            "Knäcke med pålägg"
          ]
        }
      ]
    }
  },
  {
    "name": "Knäckebröd Runda Kanel 330g Wasa",
    "weightText": "0.33 kg",
    "caPart": "",
    "weightValue": 0.33,
    "weightUnit": "kg",
    "comparePrice": "80,30 kr/kg",
    "currentPrice": 26.5,
    "attributes": [],
    "imgUrl": "https://handlaprivatkund.ica.se/images-v3/bf7a00ca-390e-4769-865f-dc369586872e/a79bb695-3ec1-4ebf-acfa-42f16385322d/500x500.jpg",
    "productInformation": "Wasa Knäckebröd Runda Kanel är ett litet runt knäckebröd med en ljuvlig smak. Bakat med kanel blir det här veteknäcket något mittemellan en vanlig knäckemacka och ett sötare mellanmål. Wasa kanelknäcke ger dig möjligheten att skapa helt nya smakkombinationer med olika intressanta pålägg. Bryt ditt hårdbröd i bitar och använd som frukostflingor, eller avnjut ditt knäcke med kanel som mellanmål ihop med frukt. Wasas runda kanelknäckebröd bakat på vetemjöl är 100% klimatkompenserat.",
    "countryText": "",
    "companyText": "Wasa",
    "ingrediensText": "Ingredienser: VETEmjöl 81%, socker, jäst, solrosfröolja, salt, kanel 0,7%, emulgeringsmedel (monooch diglycerider av fettsyror). Kan innehålla spår av LUPIN, MJÖLK, SENAP, SESAMFRÖN och SOJABÖNOR",
    "storage": "",
    "allergens": "Kan innehålla spår av Sesamfrön.",
    "usage": "",
    "nutrition": [
      {
        "Näringsvärde": "Energi (kcal)",
        "100 Gram": "393 kcal"
      },
      {
        "Näringsvärde": "Energi (kJ)",
        "100 Gram": "1656 kJ"
      },
      {
        "Näringsvärde": "Fett",
        "100 Gram": "7.5 g"
      },
      {
        "Näringsvärde": "Varav mättat fett",
        "100 Gram": "1 g"
      },
      {
        "Näringsvärde": "Kolhydrat",
        "100 Gram": "68 g"
      },
      {
        "Näringsvärde": "Varav sockerarter",
        "100 Gram": "12 g"
      },
      {
        "Näringsvärde": "Fiber",
        "100 Gram": "6.5 g"
      },
      {
        "Näringsvärde": "Protein",
        "100 Gram": "10 g"
      },
      {
        "Näringsvärde": "Salt",
        "100 Gram": "1 g"
      }
    ],
    "nutritionUnitText": "Näringsvärde per 100 gram",
    "categories": {
      "mainCategory": "Bröd & Kakor",
      "subCategories": [
        {
          "name": "Knäckebröd & Skorpor",
          "subSubCategories": [
            "Knäckebröd",
            "Ljust knäckebröd"
          ]
        }
      ]
    }
  },
  {
    "name": "Kex Original 190g Singoalla",
    "weightText": "0.19 kg",
    "caPart": "",
    "weightValue": 0.19,
    "weightUnit": "kg",
    "comparePrice": "118,42 kr/kg",
    "currentPrice": 22.5,
    "attributes": [],
    "imgUrl": "https://handlaprivatkund.ica.se/images-v3/bf7a00ca-390e-4769-865f-dc369586872e/f9001edd-36e7-440c-a836-1ff3149f81fe/500x500.jpg",
    "productInformation": "Singoalla Hallon lanserades 1964 och har sedan dess varit ett älskat kex med sin perfekta balans mellan syrlighet och sötma. Singoalla finns numera i flera olika smaker såsom Blåbär, Jordgubb & Rabarber samt årets nyhet Mango Passion.",
    "countryText": "",
    "companyText": "Singoalla",
    "ingrediensText": "VETEMJÖL/HVEDEMEL, kräm med vaniljsmak 23 % (socker, fullhärdat kokosfett, emulgeringsmedel (lecitin), surhetsreglerande medel (citronsyra), arom (vanillin)), hallonfyllning/hindbærfyld 14 % (socker, vatten, glukossirap, koncentrerad juice av hallon/hindbær 2,1 %, blåbärsjuicekoncentrat, geleringsmedel (karragenan), aromer), socker, solrosolja, invertsocker, bakpulver/hævemiddel (hjorthornssalt E503, natriumbikarbonat), salt, emulgeringsmedel (lecitin), aromer. Kan innehålla spår av HASSELNÖTTER/HASSELNØDDER och MJÖLK/MÆLK.",
    "storage": "",
    "allergens": "Innehåller Spannmål som innehåller gluten Innehåller Sojabönor Kan innehålla Nötter (eng: tree nuts) Kan innehålla Mjölk",
    "usage": "",
    "nutrition": [
      {
        "Näringsvärde": "Energi (kcal)",
        "100 Gram": "466 kcal"
      },
      {
        "Näringsvärde": "Energi (kJ)",
        "100 Gram": "1959 kJ"
      },
      {
        "Näringsvärde": "Fett",
        "100 Gram": "18 g"
      },
      {
        "Näringsvärde": "Varav mättat fett",
        "100 Gram": "9 g"
      },
      {
        "Näringsvärde": "Kolhydrat",
        "100 Gram": "70 g"
      },
      {
        "Näringsvärde": "Varav sockerarter",
        "100 Gram": "38 g"
      },
      {
        "Näringsvärde": "Fiber",
        "100 Gram": "1.9 g"
      },
      {
        "Näringsvärde": "Protein",
        "100 Gram": "4.9 g"
      },
      {
        "Näringsvärde": "Salt",
        "100 Gram": "0.47 g"
      }
    ],
    "nutritionUnitText": "Näringsvärde per 100 gram",
    "categories": {
      "mainCategory": "Bröd & Kakor",
      "subCategories": [
        {
          "name": "Kaffebröd",
          "subSubCategories": [
            "Kex & kakor",
            "Söta kex & Kakor",
            "Fyllda kakor"
          ]
        }
      ]
    }
  },
  {
    "name": "Energi Fullkornsbröd 700g Pågen",
    "weightText": "0.7 kg",
    "caPart": "",
    "weightValue": 0.7,
    "weightUnit": "kg",
    "comparePrice": "49,93 kr/kg",
    "currentPrice": 34.95,
    "attributes": [
      "Nyckelhålet",
      "Ursprungsland Sverige"
    ],
    "imgUrl": "https://handlaprivatkund.ica.se/images-v3/bf7a00ca-390e-4769-865f-dc369586872e/979819d7-7cdc-4d27-923c-9bf9bacc7d34/500x500.jpg",
    "productInformation": "Pågen Energi innehåller bland annat fullkorn, råg, solros- och linfrön. Brödet passar till frukosten och mellanmålet tillsammans med ditt favoritpålägg.",
    "countryText": "Sverige",
    "companyText": "Pågen",
    "ingrediensText": "Vatten, VETEmjöl, fullkornsVETEmjöl*, siktat RÅGmjöl, klippt fullkornsRÅG*, VETEgluten, surdeg på fullkornsRÅG* och VETE, malt av KORN, rapsolja, solrosfrö, HAVREfiber, VETEkli, jäst, salt, mjölbehandlingsmedel (askorbinsyra). Kan innehålla spår av vallmofrö. *Fullkornsingrediens. Fullkornshalten i brödet är 23% vilket motsvarar 34% av torrvikten. SVENSKT MJÖL Mer än 90% mjöl från svenskodlat spannmål malt i egen kvarn.",
    "storage": "",
    "allergens": "",
    "usage": "",
    "nutrition": [
      {
        "Näringsvärde": "Energi (kcal)",
        "100 Gram": "271 kcal"
      },
      {
        "Näringsvärde": "Energi (kJ)",
        "100 Gram": "1144 kJ"
      },
      {
        "Näringsvärde": "Fett",
        "100 Gram": "3.8 g"
      },
      {
        "Näringsvärde": "Varav mättat fett",
        "100 Gram": "0.5 g"
      },
      {
        "Näringsvärde": "Kolhydrat",
        "100 Gram": "43 g"
      },
      {
        "Näringsvärde": "Varav sockerarter",
        "100 Gram": "3.4 g"
      },
      {
        "Näringsvärde": "Fiber",
        "100 Gram": "6.1 g"
      },
      {
        "Näringsvärde": "Protein",
        "100 Gram": "11 g"
      },
      {
        "Näringsvärde": "Salt",
        "100 Gram": "1 g"
      }
    ],
    "nutritionUnitText": "Näringsvärde per 100 gram",
    "categories": {
      "mainCategory": "Bröd & Kakor",
      "subCategories": [
        {
          "name": "Matbröd",
          "subSubCategories": [
            "Mörkt & Grovt bröd",
            "Mörkt skivat bröd"
          ]
        }
      ]
    }
  },
  {
    "name": "Knäckebröd Frukost 480g Wasa",
    "weightText": "0.48 kg",
    "caPart": "",
    "weightValue": 0.48,
    "weightUnit": "kg",
    "comparePrice": "56,15 kr/kg",
    "currentPrice": 26.95,
    "attributes": [],
    "imgUrl": "https://handlaprivatkund.ica.se/images-v3/bf7a00ca-390e-4769-865f-dc369586872e/dd6aedb1-222c-47c5-9ba0-6d193024e92d/500x500.jpg",
    "productInformation": "Wasa Knäckebröd Frukost är bakat på vetemjöl, vilket gör det till ett sprött och ljust knäckebröd. Den milda smaken från veteknäcket kompletteras med gyllenrostade vallmofrön. Precis som namnet avslöjar är detta knäckebröd med frön speciellt bakat för att utgöra en bra start på dagen. Vårt veteknäckebröd är givetvis lika gott om du avnjuter det som mellanmål eller till någon annan måltid. Wasas knäckebröd med vallmofrön är en källa till kostfiber, samtidigt som det är 100% klimatkompenserat.",
    "countryText": "",
    "companyText": "Wasa",
    "ingrediensText": "Ingredienser: VETEMJÖL (89%), solrosfröolja, vallmofrö (4,9%), jäst, socker, salt. KAN INNEHÅLLA SPÅR AV LUPIN, MJÖLK, SENAP, SESAMFRÖN OCH SOJABÖNOR.",
    "storage": "Förvaras torrt och mörkt.",
    "allergens": "Kan innehålla spår av Mjölk, Sesamfrön.",
    "usage": "",
    "nutrition": [
      {
        "Näringsvärde": "Energi (kcal)",
        "100 Gram": "405 kcal"
      },
      {
        "Näringsvärde": "Energi (kJ)",
        "100 Gram": "1707 kJ"
      },
      {
        "Näringsvärde": "Fett",
        "100 Gram": "9 g"
      },
      {
        "Näringsvärde": "Varav mättat fett",
        "100 Gram": "1 g"
      },
      {
        "Näringsvärde": "Kolhydrat",
        "100 Gram": "66 g"
      },
      {
        "Näringsvärde": "Varav sockerarter",
        "100 Gram": "3.5 g"
      },
      {
        "Näringsvärde": "Fiber",
        "100 Gram": "6 g"
      },
      {
        "Näringsvärde": "Protein",
        "100 Gram": "12 g"
      },
      {
        "Näringsvärde": "Salt",
        "100 Gram": "1.1 g"
      }
    ],
    "nutritionUnitText": "Näringsvärde per 100 gram",
    "categories": {
      "mainCategory": "Bröd & Kakor",
      "subCategories": [
        {
          "name": "Knäckebröd & Skorpor",
          "subSubCategories": [
            "Knäckebröd",
            "Ljust knäckebröd"
          ]
        }
      ]
    }
  },
  {
    "name": "Vitlöksbaguetter Fryst 2-p 350g ICA Basic",
    "weightText": "0.35 kg",
    "caPart": "",
    "weightValue": 0.35,
    "weightUnit": "kg",
    "comparePrice": "39,86 kr/kg",
    "currentPrice": 13.95,
    "attributes": [],
    "imgUrl": "https://handlaprivatkund.ica.se/images-v3/bf7a00ca-390e-4769-865f-dc369586872e/894d2a80-5b92-484d-b073-0c8a7d3f6bb3/500x500.jpg",
    "productInformation": "ICA Basic Baguetter är fyllda med vitlökssmak. Grädda i ugnen 180 grader i ca 13 minuter. Brödet blir krispigt på ytan och saftigt på insidan,baguetterna är klart när den fått en gyllenbrun färg och fyllningen har smält.",
    "countryText": "",
    "companyText": "ICA Basic",
    "ingrediensText": "Baguette (VETEMJÖL*, vatten, joderat salt, jäst, RÅGMJÖL, mältat VETEMJÖL, mjölförbättringsmedel (E300), salt). Vitlöksfyllning 15% (vegetabiliskt fett (kokos, raps) vatten, emulgeringsmedel (E322), emulgeringsmedel (E471), salt, surhetsreglerande medel (E330), färgämne (E160a), lök, vitlök, salt, persilja, stärkelse, surhetsreglerande medel (E330), vitlöksarom). *Ursprung EU. Kan innehålla spår av mjölk, soja, senap och sesam.",
    "storage": "Lägsta förvaringstemperatur -18°C Högsta förvaringstemperatur -18°C",
    "allergens": "Kan innehålla Mjölk Kan innehålla Senap Kan innehålla Sojabönor Innehåller Spannmål som innehåller gluten Kan innehålla Sesamfrön",
    "usage": "",
    "nutrition": [
      {
        "Näringsvärde": "Energi (kcal)",
        "100 Gram": "292 kcal"
      },
      {
        "Näringsvärde": "Energi (kJ)",
        "100 Gram": "1227 kJ"
      },
      {
        "Näringsvärde": "Fett",
        "100 Gram": "9.8 g"
      },
      {
        "Näringsvärde": "Varav mättat fett",
        "100 Gram": "2.7 g"
      },
      {
        "Näringsvärde": "Kolhydrat",
        "100 Gram": "43 g"
      },
      {
        "Näringsvärde": "Varav sockerarter",
        "100 Gram": "2.4 g"
      },
      {
        "Näringsvärde": "Fiber",
        "100 Gram": "2.4 g"
      },
      {
        "Näringsvärde": "Protein",
        "100 Gram": "6.7 g"
      },
      {
        "Näringsvärde": "Salt",
        "100 Gram": "1.4 g"
      }
    ],
    "nutritionUnitText": "Näringsvärde per 100 gram",
    "categories": {
      "mainCategory": "Fryst",
      "subCategories": [
        {
          "name": "Fryst bröd & dessert",
          "subSubCategories": [
            "Fryst bröd"
          ]
        }
      ]
    }
  },
  {
    "name": "Grekiskt Lantbröd 560g Pågen",
    "weightText": "0.56 kg",
    "caPart": "",
    "weightValue": 0.56,
    "weightUnit": "kg",
    "comparePrice": "56,25 kr/kg",
    "currentPrice": 31.5,
    "attributes": [
      "Ursprungsland Sverige"
    ],
    "imgUrl": "https://handlaprivatkund.ica.se/images-v3/bf7a00ca-390e-4769-865f-dc369586872e/10b54e54-015e-4a51-9ba4-5e9a0a1949b0/500x500.jpg",
    "productInformation": "Luftigt, osötat lantbröd som för tankarna till Grekland. Njut av den milda, rena smaken med inspiration från grekisk brödtradition. Brödet är bakat med havssalt som ger en extra smakdimension och fyllighet. Gott att rosta eller doppa i olivolja till maten.",
    "countryText": "Sverige",
    "companyText": "Pågen",
    "ingrediensText": "VETEmjöl, vatten, surdeg på VETE, siktat RÅGmjöl, kallpressad rapsolja, havssalt (1,3%), skållat fullkornsHAVREmjöl, VETEgluten, malt av KORN, jäst, mjölbehandlingsmedel (askorbinsyra). SVENSKT MJÖL Mer än 90% mjöl från svenskodlat spannmål malt i egen kvarn.",
    "storage": "",
    "allergens": "",
    "usage": "",
    "nutrition": [
      {
        "Näringsvärde": "Energi (kcal)",
        "100 Gram": "259 kcal"
      },
      {
        "Näringsvärde": "Energi (kJ)",
        "100 Gram": "1094 kJ"
      },
      {
        "Näringsvärde": "Fett",
        "100 Gram": "2.6 g"
      },
      {
        "Näringsvärde": "Varav mättat fett",
        "100 Gram": "0.4 g"
      },
      {
        "Näringsvärde": "Kolhydrat",
        "100 Gram": "48 g"
      },
      {
        "Näringsvärde": "Varav sockerarter",
        "100 Gram": "3.4 g"
      },
      {
        "Näringsvärde": "Fiber",
        "100 Gram": "3 g"
      },
      {
        "Näringsvärde": "Protein",
        "100 Gram": "9.4 g"
      },
      {
        "Näringsvärde": "Salt",
        "100 Gram": "1.3 g"
      }
    ],
    "nutritionUnitText": "Näringsvärde per 100 gram",
    "categories": {
      "mainCategory": "Bröd & Kakor",
      "subCategories": [
        {
          "name": "Matbröd",
          "subSubCategories": [
            "Ljust bröd",
            "Lantbröd"
          ]
        }
      ]
    }
  },
  {
    "name": "Kanelbullar Fryst 12-p 420g ICA",
    "weightText": "0.42 kg",
    "caPart": "",
    "weightValue": 0.42,
    "weightUnit": "kg",
    "comparePrice": "75,00 kr/kg",
    "currentPrice": 31.5,
    "attributes": [
      "Från Sverige"
    ],
    "imgUrl": "https://handlaprivatkund.ica.se/images-v3/bf7a00ca-390e-4769-865f-dc369586872e/57b7a569-8355-4595-af53-225f72644932/500x500.jpg",
    "productInformation": "ICA kanelbullar är färdiga kanelbullar som kan tinas i mikrovågsugn, i rumstemperatur eller i ugn. Finast blir bullarna om de värms i ugnen, 150 grader i 7-10 minuter.",
    "countryText": "",
    "companyText": "ICA",
    "ingrediensText": "Ingredienser: VETEMJÖL*,vatten, flytande margarin (rapsolja, vatten,emulgeringsmedel E471, salt, surhetsreglerande medel (E330)), sirap*, florsocker, pärlsocker*, skållat VETE*, socker*, rapsolja*, modifierad stärkelse, kanel, enzym (amylas), VETEGLUTEN, jäst, salt, kardemumma. * Ursprung Sverige",
    "storage": "Lägsta förvaringstemperatur -24°C Högsta förvaringstemperatur -18°C",
    "allergens": "Innehåller Spannmål som innehåller gluten",
    "usage": "",
    "nutrition": [
      {
        "Näringsvärde": "Energi (kcal)",
        "100 Gram": "363 kcal"
      },
      {
        "Näringsvärde": "Energi (kJ)",
        "100 Gram": "1527 kJ"
      },
      {
        "Näringsvärde": "Fett",
        "100 Gram": "11 g"
      },
      {
        "Näringsvärde": "Varav mättat fett",
        "100 Gram": "1.3 g"
      },
      {
        "Näringsvärde": "Kolhydrat",
        "100 Gram": "59 g"
      },
      {
        "Näringsvärde": "Varav sockerarter",
        "100 Gram": "23 g"
      },
      {
        "Näringsvärde": "Fiber",
        "100 Gram": "2.3 g"
      },
      {
        "Näringsvärde": "Protein",
        "100 Gram": "5.8 g"
      },
      {
        "Näringsvärde": "Salt",
        "100 Gram": "1.3 g"
      }
    ],
    "nutritionUnitText": "Näringsvärde per 100 gram",
    "categories": {
      "mainCategory": "Fryst",
      "subCategories": [
        {
          "name": "Fryst bröd & dessert",
          "subSubCategories": [
            "Frysta bullar & kakor"
          ]
        }
      ]
    }
  },
  {
    "name": "Hamburgerbröd 8-p 416g Pågen",
    "weightText": "0.416 kg",
    "caPart": "",
    "weightValue": 0.416,
    "weightUnit": "kg",
    "comparePrice": "78,13 kr/kg",
    "currentPrice": 32.5,
    "attributes": [
      "Ursprungsland Sverige"
    ],
    "imgUrl": "https://handlaprivatkund.ica.se/images-v3/bf7a00ca-390e-4769-865f-dc369586872e/02187ccd-b037-4233-af1b-b3ba83fc7a4d/500x500.jpg",
    "productInformation": "8-pack med sesamfrön. Alla kan göra sin egen hamburgare. Passar lika bra utomhus direkt från grillen som hemma, samlade runt köksbordet!",
    "countryText": "Sverige",
    "companyText": "Pågen",
    "ingrediensText": "VETEmjöl, vatten, socker, rapsolja, jäst, SESAMfrö, HAVREskållning, surdeg på VETE, salt, vegetabiliskt emulgeringsmedel mono- och diglyceriders mono- och diacetylvinsyraestrar (raps).",
    "storage": "",
    "allergens": "",
    "usage": "",
    "nutrition": [
      {
        "Näringsvärde": "Energi (kcal)",
        "100 Gram": "309 kcal"
      },
      {
        "Näringsvärde": "Energi (kJ)",
        "100 Gram": "1293 kJ"
      },
      {
        "Näringsvärde": "Fett",
        "100 Gram": "6.8 g"
      },
      {
        "Näringsvärde": "Varav mättat fett",
        "100 Gram": "0.8 g"
      },
      {
        "Näringsvärde": "Kolhydrat",
        "100 Gram": "50 g"
      },
      {
        "Näringsvärde": "Varav sockerarter",
        "100 Gram": "8 g"
      },
      {
        "Näringsvärde": "Fiber",
        "100 Gram": "2.3 g"
      },
      {
        "Näringsvärde": "Protein",
        "100 Gram": "9 g"
      },
      {
        "Näringsvärde": "Salt",
        "100 Gram": "0.74 g"
      }
    ],
    "nutritionUnitText": "Näringsvärde per 100 gram",
    "categories": {
      "mainCategory": "Bröd & Kakor",
      "subCategories": [
        {
          "name": "Korvbröd, Hamburgerbröd & Maträttsbröd",
          "subSubCategories": [
            "Hamburgerbröd"
          ]
        }
      ]
    }
  },
  {
    "name": "Kladdkaka glutenfri Fryst 400g ICA",
    "weightText": "0.4 kg",
    "caPart": "",
    "weightValue": 0.4,
    "weightUnit": "kg",
    "comparePrice": "67,38 kr/kg",
    "currentPrice": 26.95,
    "attributes": [
      "Glutenfritt"
    ],
    "imgUrl": "https://handlaprivatkund.ica.se/images-v3/bf7a00ca-390e-4769-865f-dc369586872e/744310d6-026c-411e-8890-7c9ab6d67bfa/500x500.jpg",
    "productInformation": "ICA Kladdkaka är en härligt smakande kladdkaka toppad med florsocker. Färdig att servera!",
    "countryText": "",
    "companyText": "ICA",
    "ingrediensText": "Socker, ÄGG, glutenfri VETESTÄRKELSE, vegetabilisk olja (raps), fettreducerat kakaopulver, glukossirap, salt, arom, potatisstärkelse. Kan innehålla spår av mandel, hasselnötter och jordnötter.",
    "storage": "Lägsta förvaringstemperatur -20°C Högsta förvaringstemperatur -18°C",
    "allergens": "Kan innehålla Mandel Kan innehålla Hasselnöt Kan innehålla Jordnötter Innehåller Vete Kan innehålla Nötter (eng: tree nuts) Innehåller Ägg",
    "usage": "",
    "nutrition": [
      {
        "Näringsvärde": "Energi (kcal)",
        "100 Gram": "400 kcal"
      },
      {
        "Näringsvärde": "Energi (kJ)",
        "100 Gram": "1657 kJ"
      },
      {
        "Näringsvärde": "Fett",
        "100 Gram": "14 g"
      },
      {
        "Näringsvärde": "Varav mättat fett",
        "100 Gram": "1.9 g"
      },
      {
        "Näringsvärde": "Kolhydrat",
        "100 Gram": "62 g"
      },
      {
        "Näringsvärde": "Varav sockerarter",
        "100 Gram": "42 g"
      },
      {
        "Näringsvärde": "Protein",
        "100 Gram": "4.1 g"
      },
      {
        "Näringsvärde": "Salt",
        "100 Gram": "0.4 g"
      }
    ],
    "nutritionUnitText": "Näringsvärde per 100 gram",
    "categories": {
      "mainCategory": "Bröd & Kakor",
      "subCategories": [
        {
          "name": "Kaffebröd",
          "subSubCategories": [
            "Tårtor & Pajer",
            "Frysta tårtor & Pajer"
          ]
        }
      ]
    }
  },
  {
    "name": "TUC Sourcream & onion 100g Lu",
    "weightText": "0.1 kg",
    "caPart": "",
    "weightValue": 0.1,
    "weightUnit": "kg",
    "comparePrice": "139,50 kr/kg",
    "currentPrice": 13.95,
    "attributes": [],
    "imgUrl": "https://handlaprivatkund.ica.se/images-v3/bf7a00ca-390e-4769-865f-dc369586872e/a29592f2-3fb9-4dc7-a516-cd122dff9791/500x500.jpg",
    "productInformation": "Tuc Sour cream & Onion är tunna, spröda ugnsbakade kex med smak av gräddfil och lök. Goda att äta bara som de är, som snacks eller till ostbrickan. Perfekt storlek att ha med sig i väskan eller på picknicken",
    "countryText": "",
    "companyText": "Lu",
    "ingrediensText": "Ingredienser: VETEMJÖL/HVEDEMEL, palmolja/-olie, glukossirap, bakpulver/hævemidler (ammoniumkarbonater, natriumkarbonater), salt, socker, dextros, lök-/løgpulver 0,5%, naturlig arom, gräddfilspulver/creme fraichepulver/rømmepulver (MJÖLK/MÆLK/MELK) 0,1%, syror (citronsyra, kalciumlaktat), mjölbehandlingsmedel/melbehandlingsmiddel (NATRIUMDISULFIT).KAN INNEHÅLLA ÄGG/ÆG/EGG, SOJA/SOYA.",
    "storage": "",
    "allergens": "",
    "usage": "",
    "nutrition": [
      {
        "Näringsvärde": "Energi (kcal)",
        "100 Gram": "498 kcal"
      },
      {
        "Näringsvärde": "Energi (kJ)",
        "100 Gram": "2085 kJ"
      },
      {
        "Näringsvärde": "Fett",
        "100 Gram": "23 g"
      },
      {
        "Näringsvärde": "Varav mättat fett",
        "100 Gram": "11 g"
      },
      {
        "Näringsvärde": "Kolhydrat",
        "100 Gram": "64 g"
      },
      {
        "Näringsvärde": "Varav sockerarter",
        "100 Gram": "6.1 g"
      },
      {
        "Näringsvärde": "Fiber",
        "100 Gram": "2.4 g"
      },
      {
        "Näringsvärde": "Protein",
        "100 Gram": "7.5 g"
      },
      {
        "Näringsvärde": "Salt",
        "100 Gram": "1.8 g"
      }
    ],
    "nutritionUnitText": "Näringsvärde per 100 gram",
    "categories": {
      "mainCategory": "Bröd & Kakor",
      "subCategories": [
        {
          "name": "Kaffebröd",
          "subSubCategories": [
            "Kex & kakor",
            "Matkex",
            "Kex till ost"
          ]
        }
      ]
    }
  },
  {
    "name": "Pärlan Fullkorn 600g Polarbröd",
    "weightText": "0.6 kg",
    "caPart": "",
    "weightValue": 0.6,
    "weightUnit": "kg",
    "comparePrice": "54,17 kr/kg",
    "currentPrice": 32.5,
    "attributes": [
      "Från Sverige",
      "Ursprungsland Sverige"
    ],
    "imgUrl": "https://handlaprivatkund.ica.se/images-v3/bf7a00ca-390e-4769-865f-dc369586872e/86bb9d61-a270-42cc-82fe-8c07eb1165c9/500x500.jpg",
    "productInformation": "Ett fluffigt och matigt bröd från Polarbröd bakat på både fullkorn av råg och vete.",
    "countryText": "Sverige",
    "companyText": "Polarbröd",
    "ingrediensText": "Ingredienser: Vatten, fullkornsRÅGmjöl¹ (20%)*, fullkornsVETEmjöl¹ (18%)*, VETEmjöl¹, socker¹, VETEGLUTEN, rapsolja¹, fermenterat VETEmjöl, salt, HAVREfiber, jäst¹, vegetabiliskt emulgeringsmedel (mono- och diglycerider av fettsyror, mono- och diglyceriders mono- och diacetylvinsyraestrar), bakpulver (hjorthornssalt), maltmjöl (KORN). *Fullkornsmängd: 38% av brödet. 1Ursprungsland: Sverige.",
    "storage": "Frys gärna in en del av bröden hemma och ta fram efter behov, så maxar du njutningen och minskar svinnet på en och samma gång. Lägsta förvaringstemperatur 15°C Högsta förvaringstemperatur 25°C",
    "allergens": "",
    "usage": "",
    "nutrition": [
      {
        "Näringsvärde": "Energi (kcal)",
        "100 Gram": "260 kcal"
      },
      {
        "Näringsvärde": "Energi (kJ)",
        "100 Gram": "1100 kJ"
      },
      {
        "Näringsvärde": "Fett",
        "100 Gram": "3.6 g"
      },
      {
        "Näringsvärde": "Varav mättat fett",
        "100 Gram": "0.8 g"
      },
      {
        "Näringsvärde": "Kolhydrat",
        "100 Gram": "45 g"
      },
      {
        "Näringsvärde": "Varav sockerarter",
        "100 Gram": "8.3 g"
      },
      {
        "Näringsvärde": "Fiber",
        "100 Gram": "6.7 g"
      },
      {
        "Näringsvärde": "Protein",
        "100 Gram": "8.6 g"
      },
      {
        "Näringsvärde": "Salt",
        "100 Gram": "0.93 g"
      }
    ],
    "nutritionUnitText": "Näringsvärde per 100 gram",
    "categories": {
      "mainCategory": "Bröd & Kakor",
      "subCategories": [
        {
          "name": "Matbröd",
          "subSubCategories": [
            "Mjukt tunnbröd & Vetekakor",
            "Vetekakor"
          ]
        }
      ]
    }
  },
  {
    "name": "Havrefralla 420g Fazer",
    "weightText": "0.42 kg",
    "caPart": "",
    "weightValue": 0.42,
    "weightUnit": "kg",
    "comparePrice": "65,48 kr/kg",
    "currentPrice": 27.5,
    "attributes": [
      "Från Sverige",
      "Nyckelhålet",
      "Ursprungsland Sverige"
    ],
    "imgUrl": "https://handlaprivatkund.ica.se/images-v3/bf7a00ca-390e-4769-865f-dc369586872e/76f1f11c-ad0c-4f28-a9ea-486d651bb054/500x500.jpg",
    "productInformation": "",
    "countryText": "Sverige",
    "companyText": "Fazer",
    "ingrediensText": "VETEmjöl1, vatten, fullkornsHAVREmjöl1 16 %, HAVREkli1 7 %, HAVREgryn1 7 %, VETEgluten, sirap1,2, rapsolja, fermenterat VETEmjöl, jäst1, havssalt, stabiliseringsmedel (guarkärnmjöl), fullkornsVETEmjöl1, malt av KORN, mjölbehandlingsmedel (askorbinsyra). 1Ursprung Sverige. 2Ursprung EU/icke EU. Brödet består av 82 % svenska ingredienser. 51 % av spannmålet är havre. Brödet innehåller 30 % havre och 23 % fullkorn.",
    "storage": "Lägsta förvaringstemperatur 8°C Högsta förvaringstemperatur 25°C",
    "allergens": "",
    "usage": "",
    "nutrition": [
      {
        "Näringsvärde": "Energi (kcal)",
        "100 Gram": "270 kcal"
      },
      {
        "Näringsvärde": "Energi (kJ)",
        "100 Gram": "1150 kJ"
      },
      {
        "Näringsvärde": "Fett",
        "100 Gram": "5.1 g"
      },
      {
        "Näringsvärde": "Varav mättat fett",
        "100 Gram": "0.6 g"
      },
      {
        "Näringsvärde": "Kolhydrat",
        "100 Gram": "41 g"
      },
      {
        "Näringsvärde": "Varav sockerarter",
        "100 Gram": "3.6 g"
      },
      {
        "Näringsvärde": "Fiber",
        "100 Gram": "5.1 g"
      },
      {
        "Näringsvärde": "Protein",
        "100 Gram": "12 g"
      },
      {
        "Näringsvärde": "Salt",
        "100 Gram": "1 g"
      }
    ],
    "nutritionUnitText": "Näringsvärde per 100 gram",
    "categories": {
      "mainCategory": "Bröd & Kakor",
      "subCategories": [
        {
          "name": "Matbröd",
          "subSubCategories": [
            "Mörkt & Grovt bröd",
            "Mörkt styckpackat bröd"
          ]
        }
      ]
    }
  },
  {
    "name": "Knäckebröd Sport 550g Wasa",
    "weightText": "0.55 kg",
    "caPart": "",
    "weightValue": 0.55,
    "weightUnit": "kg",
    "comparePrice": "41,73 kr/kg",
    "currentPrice": 22.95,
    "attributes": [
      "Nyckelhålet"
    ],
    "imgUrl": "https://handlaprivatkund.ica.se/images-v3/bf7a00ca-390e-4769-865f-dc369586872e/5d2a6c81-05b2-47fb-85ae-63f5c01c230a/500x500.jpg",
    "productInformation": "Wasa Knäckebröd Sport är ett riktigt grovt knäckebröd gjort på 100% fullkorn. Detta läckra knäcke är bakat på fullkornsrågmjöl vilket ger dig ett knaprigt fullkornsknäckebröd med rustik smak. Ett knäckebröd med fiber ger energi så att du orkar med både sport och en aktiv vardag. Avnjut en knäckemacka som mellanmål, till frukost eller vid sidan av en måltid. Wasa Sport rågknäckebröd är dessutom en källa till järn och är 100% klimatkompenserat.",
    "countryText": "",
    "companyText": "Wasa",
    "ingrediensText": "Ingredienser: fullkornsRÅGmjöl 100 g*, RÅGkli 4,8 g*, salt, jäst *i g för 100 g produkt.",
    "storage": "Förvaras torrt och mörkt. Högsta förvaringstemperatur 25°C",
    "allergens": "",
    "usage": "",
    "nutrition": [
      {
        "Näringsvärde": "Energi (kcal)",
        "100 Gram": "330 kcal"
      },
      {
        "Näringsvärde": "Energi (kJ)",
        "100 Gram": "1389 kJ"
      },
      {
        "Näringsvärde": "Fett",
        "100 Gram": "1.5 g"
      },
      {
        "Näringsvärde": "Varav mättat fett",
        "100 Gram": "0.4 g"
      },
      {
        "Näringsvärde": "Kolhydrat",
        "100 Gram": "60 g"
      },
      {
        "Näringsvärde": "Varav sockerarter",
        "100 Gram": "1.5 g"
      },
      {
        "Näringsvärde": "Fiber",
        "100 Gram": "20 g"
      },
      {
        "Näringsvärde": "Protein",
        "100 Gram": "9 g"
      },
      {
        "Näringsvärde": "Salt",
        "100 Gram": "1.2 g"
      },
      {
        "Näringsvärde": "Järn",
        "100 Gram": "2.8 mg",
        "% av DRI(*)": "20"
      },
      {
        "Näringsvärde": "Magnesium",
        "100 Gram": "100 mg",
        "% av DRI(*)": "27"
      },
      {
        "Näringsvärde": "Zink",
        "100 Gram": "2.3 mg",
        "% av DRI(*)": "23"
      }
    ],
    "nutritionUnitText": "Näringsvärde per 100 gram",
    "categories": {
      "mainCategory": "Bröd & Kakor",
      "subCategories": [
        {
          "name": "Knäckebröd & Skorpor",
          "subSubCategories": [
            "Knäckebröd",
            "Mörkt knäckebröd"
          ]
        }
      ]
    }
  },
  {
    "name": "Majskakor Popcor 125g ICA",
    "weightText": "0.125 kg",
    "caPart": "",
    "weightValue": 0.125,
    "weightUnit": "kg",
    "comparePrice": "143,60 kr/kg",
    "currentPrice": 17.95,
    "attributes": [],
    "imgUrl": "https://handlaprivatkund.ica.se/images-v3/bf7a00ca-390e-4769-865f-dc369586872e/8b62ad73-08ee-41a9-a31a-f00796ec7b20/500x500.jpg",
    "productInformation": "ICA Majskakor Popcorn är spröda majskakor. De har en god smak av nypoppade popcorn. Passar utmärkt som mellanmål.",
    "countryText": "",
    "companyText": "ICA",
    "ingrediensText": "Majs* 78%, rapsolja, kryddblandning 8,9% (maltodextrin, salt, socker, jästextrakt, kryddextrakt (gurkmeja, paprika), arom). Kan innehålla spår av soja, sesamfrö och mjölk. *Ursprung EU.",
    "storage": "Förvaras torrt och svalt, ej över normal rumstemperatur.",
    "allergens": "",
    "usage": "",
    "nutrition": [
      {
        "Näringsvärde": "Energi (kcal)",
        "100 Gram": "452 kcal"
      },
      {
        "Näringsvärde": "Energi (kJ)",
        "100 Gram": "1901 kJ"
      },
      {
        "Näringsvärde": "Fett",
        "100 Gram": "15 g"
      },
      {
        "Näringsvärde": "Varav mättat fett",
        "100 Gram": "1.2 g"
      },
      {
        "Näringsvärde": "Kolhydrat",
        "100 Gram": "73 g"
      },
      {
        "Näringsvärde": "Varav sockerarter",
        "100 Gram": "1.5 g"
      },
      {
        "Näringsvärde": "Fiber",
        "100 Gram": "1.6 g"
      },
      {
        "Näringsvärde": "Protein",
        "100 Gram": "5.4 g"
      },
      {
        "Näringsvärde": "Salt",
        "100 Gram": "1.8 g"
      }
    ],
    "nutritionUnitText": "Näringsvärde per 100 gram",
    "categories": {
      "mainCategory": "Bröd & Kakor",
      "subCategories": [
        {
          "name": "Knäckebröd & Skorpor",
          "subSubCategories": [
            "Riskakor"
          ]
        }
      ]
    }
  },
  {
    "name": "Längtan 750g Pågen",
    "weightText": "0.75 kg",
    "caPart": "",
    "weightValue": 0.75,
    "weightUnit": "kg",
    "comparePrice": "44,67 kr/kg",
    "currentPrice": 33.5,
    "attributes": [
      "Ursprungsland Sverige"
    ],
    "imgUrl": "https://handlaprivatkund.ica.se/images-v3/bf7a00ca-390e-4769-865f-dc369586872e/a4a5c3a8-a0b4-4ee3-be6e-8add89bb5332/500x500.jpg",
    "productInformation": "Längtan passar bra som lunchmacka med till exempel skivad potatis i botten och en röra med rökt lax, räkor, mjukost, kesella och curry!",
    "countryText": "Sverige",
    "companyText": "Pågen",
    "ingrediensText": "VETEmjöl, vatten, klippt fullkornsRÅG*, sirap, malt av KORN (4%), surdeg på fullkornsRÅG* och VETE, VETEgluten, rapsolja, siktat RÅGmjöl, skållat VETEmjöl, socker, jäst, salt, mjölbehandlingsmedel (askorbinsyra). Brödet innehåller 14% råg. Kan innehålla spår av vallmofrö. * Fullkornsingrediens. Fullkornshalten i brödet är 12% vilket motsvarar 17% av torrvikten. SVENSKT MJÖL Mer än 90% mjöl från svenskodlat spannmål malt i egen kvarn.",
    "storage": "",
    "allergens": "",
    "usage": "",
    "nutrition": [
      {
        "Näringsvärde": "Energi (kcal)",
        "100 Gram": "283 kcal"
      },
      {
        "Näringsvärde": "Energi (kJ)",
        "100 Gram": "1184 kJ"
      },
      {
        "Näringsvärde": "Fett",
        "100 Gram": "3.8 g"
      },
      {
        "Näringsvärde": "Varav mättat fett",
        "100 Gram": "0.4 g"
      },
      {
        "Näringsvärde": "Kolhydrat",
        "100 Gram": "50 g"
      },
      {
        "Näringsvärde": "Varav sockerarter",
        "100 Gram": "9.2 g"
      },
      {
        "Näringsvärde": "Fiber",
        "100 Gram": "4.3 g"
      },
      {
        "Näringsvärde": "Protein",
        "100 Gram": "9.9 g"
      },
      {
        "Näringsvärde": "Salt",
        "100 Gram": "1.1 g"
      }
    ],
    "nutritionUnitText": "Näringsvärde per 100 gram",
    "categories": {
      "mainCategory": "Bröd & Kakor",
      "subCategories": [
        {
          "name": "Matbröd",
          "subSubCategories": [
            "Mörkt & Grovt bröd",
            "Mörkt skivat bröd"
          ]
        }
      ]
    }
  },
  {
    "name": "Pepparkakor 300g Annas",
    "weightText": "0.3 kg",
    "caPart": "",
    "weightValue": 0.3,
    "weightUnit": "kg",
    "comparePrice": "73,17 kr/kg",
    "currentPrice": 21.95,
    "attributes": [],
    "imgUrl": "https://handlaprivatkund.ica.se/images-v3/bf7a00ca-390e-4769-865f-dc369586872e/3ade14d4-bcde-4c4f-9f94-92efae04f228/500x500.jpg",
    "productInformation": "",
    "countryText": "",
    "companyText": "Annas",
    "ingrediensText": "INGREDIENSER: VETEMJÖL/HVETEMEL/HVEDEMEL, socker/sukker, vegetabiliska/vegetabilske oljor/oljer/olier (palm/palme*, raps, kokos), sirap/sirup, bakpulver/bakepulver/bagepulver (natriumbikarbonat), kanel, salt, ingefära/ingefær 0.3%, kryddnejlika/kryddernellik/kryddernellike. Kan innehålla spår av MANDEL/Kan inneholde spor av MANDLER/Kan indeholde spor af MANDLER. *Hållbart producerad från certifierade odlare.",
    "storage": "Lägsta förvaringstemperatur 5°C Högsta förvaringstemperatur 30°C",
    "allergens": "Innehåller Spannmål som innehåller gluten Kan innehålla Nötter (eng: tree nuts)",
    "usage": "",
    "nutrition": [
      {
        "Näringsvärde": "Energi (kcal)",
        "100 Gram": "471 kcal"
      },
      {
        "Näringsvärde": "Energi (kJ)",
        "100 Gram": "1979 kJ"
      },
      {
        "Näringsvärde": "Fett",
        "100 Gram": "19 g"
      },
      {
        "Näringsvärde": "Varav mättat fett",
        "100 Gram": "9 g"
      },
      {
        "Näringsvärde": "Kolhydrat",
        "100 Gram": "70 g"
      },
      {
        "Näringsvärde": "Varav sockerarter",
        "100 Gram": "33 g"
      },
      {
        "Näringsvärde": "Fiber",
        "100 Gram": "1.5 g"
      },
      {
        "Näringsvärde": "Protein",
        "100 Gram": "5.4 g"
      },
      {
        "Näringsvärde": "Salt",
        "100 Gram": "1.19 g"
      }
    ],
    "nutritionUnitText": "Näringsvärde per 100 gram",
    "categories": {
      "mainCategory": "Bröd & Kakor",
      "subCategories": [
        {
          "name": "Kaffebröd",
          "subSubCategories": [
            "Kex & kakor",
            "Söta kex & Kakor",
            "Pepparkakor"
          ]
        }
      ]
    }
  },
  {
    "name": "Sandwich Sourcream & Onion 2-p 33g Wasa",
    "weightText": "0.033 kg",
    "caPart": "",
    "weightValue": 0.033,
    "weightUnit": "kg",
    "comparePrice": "287,88 kr/kg",
    "currentPrice": 9.5,
    "attributes": [],
    "imgUrl": "https://handlaprivatkund.ica.se/images-v3/bf7a00ca-390e-4769-865f-dc369586872e/e512a859-5648-4a0b-8683-6f8b90cb1814/500x500.jpg",
    "productInformation": "Wasa Sandwich Sourcream & Onion är ett rågknäcke i portionsförpackning. Fyllningen har smak av gräddfil och lök, men är gjord på en vegansk havrebas. Paketet innehåller två halvor av en knäcke-sandwich och är det ultimata mellanmålet när du är på språng. Smakkombinationen av gräddfil och lök gifter sig fint med knäckebrödet av fullkorn. Wasa Knäckebröd Sandwich är 100% klimatkompenserat.",
    "countryText": "",
    "companyText": "Wasa",
    "ingrediensText": "INGREDIENSER: FULLKORNSRÅGMJÖL/FULLKORNSRUGMEL 66,5%, FULLKORNSHAVREMJÖL/MEL 18%, vegetabiliskt/vegetabilsk fett (raps, shea), jäst/gjær, maltodextrin/maltodekstrin, lök/løkpulver, salt, naturlig arom/aroma, solrosolja/solsikkeolje, vitlöks/hvitløkpulver. KAN INNEHÅLLA SPÅR AV SESAMFRÖN, SOJABÖNOR, MJÖLK OCH LUPIN./KAN INNEHOLDE SPOR AV SESAMFRØ, SOYABØNNER, MELK OG LUPIN.",
    "storage": "Förvaras torrt och mörkt.",
    "allergens": "Kan innehålla Lupin Kan innehålla Sojabönor Kan innehålla Mjölk Kan innehålla Sesamfrön Innehåller Spannmål som innehåller gluten",
    "usage": "",
    "nutrition": [
      {
        "Näringsvärde": "Energi (kcal)",
        "100 Gram": "461 kcal"
      },
      {
        "Näringsvärde": "Energi (kJ)",
        "100 Gram": "1926 kJ"
      },
      {
        "Näringsvärde": "Fett",
        "100 Gram": "23 g"
      },
      {
        "Näringsvärde": "Varav mättat fett",
        "100 Gram": "6.5 g"
      },
      {
        "Näringsvärde": "Kolhydrat",
        "100 Gram": "49.1 g"
      },
      {
        "Näringsvärde": "Varav sockerarter",
        "100 Gram": "1.6 g"
      },
      {
        "Näringsvärde": "Fiber",
        "100 Gram": "12 g"
      },
      {
        "Näringsvärde": "Protein",
        "100 Gram": "8.5 g"
      },
      {
        "Näringsvärde": "Salt",
        "100 Gram": "1.18 g"
      }
    ],
    "nutritionUnitText": "Näringsvärde per 100 gram",
    "categories": {
      "mainCategory": "Bröd & Kakor",
      "subCategories": [
        {
          "name": "Knäckebröd & Skorpor",
          "subSubCategories": [
            "Knäckebröd",
            "Knäcke med pålägg"
          ]
        }
      ]
    }
  },
  {
    "name": "Rasker Fullkorn 1,1kg Pågen",
    "weightText": "1.1 kg",
    "caPart": "",
    "weightValue": 1.1,
    "weightUnit": "kg",
    "comparePrice": "26,82 kr/kg",
    "currentPrice": 29.5,
    "attributes": [
      "Nyckelhålet",
      "Ursprungsland Sverige"
    ],
    "imgUrl": "https://handlaprivatkund.ica.se/images-v3/bf7a00ca-390e-4769-865f-dc369586872e/042f2ea6-1d57-4198-abfc-8ffdcac75275/500x500.jpg",
    "productInformation": "Ett gott rostbröd med kärnor Den fylliga smaken kommer från den härliga blandningen av mild vete som samsas med mustig råg. Vetekärnor, klippt råg och solrosfrön ger Rasker det lilla extra. Rosta en skiva Rasker, eller två, och njut!",
    "countryText": "Sverige",
    "companyText": "Pågen",
    "ingrediensText": "Vatten, VETEmjöl, fullkornsVETEmjöl*, klippt fullkornsRÅG* (6%), siktat RÅGmjöl, surdeg på fullkornsRÅG* och VETE, VETEgluten, solrosfrö (2%), HAVREfiber, rapsolja, sirap, malt av KORN, jäst, salt, mjölbehandlingsmedel (askorbinsyra). Brödet innehåller 53% vete och 13% råg. * Fullkornsingrediens. Fullkornshalten i brödet är 24% vilket motsvarar 37% av torrvikten. SVENSKT MJÖL Mer än 90% mjöl från svenskodlat spannmål malt i egen kvarn.",
    "storage": "Lägsta förvaringstemperatur 10°C Högsta förvaringstemperatur 40°C",
    "allergens": "Innehåller Spannmål som innehåller gluten",
    "usage": "",
    "nutrition": [
      {
        "Näringsvärde": "Energi (kcal)",
        "100 Gram": "271 kcal"
      },
      {
        "Näringsvärde": "Energi (kJ)",
        "100 Gram": "1145 kJ"
      },
      {
        "Näringsvärde": "Fett",
        "100 Gram": "4.3 g"
      },
      {
        "Näringsvärde": "Varav mättat fett",
        "100 Gram": "0.5 g"
      },
      {
        "Näringsvärde": "Kolhydrat",
        "100 Gram": "46 g"
      },
      {
        "Näringsvärde": "Varav sockerarter",
        "100 Gram": "4.3 g"
      },
      {
        "Näringsvärde": "Fiber",
        "100 Gram": "5 g"
      },
      {
        "Näringsvärde": "Protein",
        "100 Gram": "9.6 g"
      },
      {
        "Näringsvärde": "Salt",
        "100 Gram": "0.98 g"
      }
    ],
    "nutritionUnitText": "Näringsvärde per 100 gram",
    "categories": {
      "mainCategory": "Bröd & Kakor",
      "subCategories": [
        {
          "name": "Matbröd",
          "subSubCategories": [
            "Ljust bröd",
            "Rostbröd"
          ]
        }
      ]
    }
  },
  {
    "name": "Vaniljbullar Fryst 420g ICA",
    "weightText": "0.42 kg",
    "caPart": "",
    "weightValue": 0.42,
    "weightUnit": "kg",
    "comparePrice": "75,00 kr/kg",
    "currentPrice": 31.5,
    "attributes": [
      "Från Sverige"
    ],
    "imgUrl": "https://handlaprivatkund.ica.se/images-v3/bf7a00ca-390e-4769-865f-dc369586872e/71435890-332a-437b-99b3-1128271d44d9/500x500.jpg",
    "productInformation": "ICA Vaniljbullar är god bullar med vanilj som kan tinas i rumstemperatur, i mikrovågsugn eller i ugn. Finast blir vaniljbullarna om de värms i ugnen på 150 grader i 7-10 minuter .",
    "countryText": "",
    "companyText": "ICA",
    "ingrediensText": "Ingredienser: VETEMJÖL*,vatten, sirap* flytande margarin ( rapsolja, vatten, emulgeringsmedel E471, salt, surhetsreglerande medel (E330)), florsocker, pärlsocker*, skållat VETE*, rapsolja,*, modifierad stärkelse, socker*, enzym(amylas), VETEGLUTEN, jäst, salt,vaniljarom, vanillinsocker (florsocker, potatisstärkelse, arom), kardemumma, vaniljstång. * Ursprung Sverige",
    "storage": "Lägsta förvaringstemperatur -24°C Högsta förvaringstemperatur -18°C",
    "allergens": "Innehåller Spannmål som innehåller gluten",
    "usage": "",
    "nutrition": [
      {
        "Näringsvärde": "Energi (kcal)",
        "100 Gram": "367 kcal"
      },
      {
        "Näringsvärde": "Energi (kJ)",
        "100 Gram": "1546 kJ"
      },
      {
        "Näringsvärde": "Fett",
        "100 Gram": "11 g"
      },
      {
        "Näringsvärde": "Varav mättat fett",
        "100 Gram": "1.3 g"
      },
      {
        "Näringsvärde": "Kolhydrat",
        "100 Gram": "60 g"
      },
      {
        "Näringsvärde": "Varav sockerarter",
        "100 Gram": "23 g"
      },
      {
        "Näringsvärde": "Fiber",
        "100 Gram": "2.1 g"
      },
      {
        "Näringsvärde": "Protein",
        "100 Gram": "6 g"
      },
      {
        "Näringsvärde": "Salt",
        "100 Gram": "1.3 g"
      }
    ],
    "nutritionUnitText": "Näringsvärde per 100 gram",
    "categories": {
      "mainCategory": "Fryst",
      "subCategories": [
        {
          "name": "Fryst bröd & dessert",
          "subSubCategories": [
            "Frysta bullar & kakor"
          ]
        }
      ]
    }
  },
  {
    "name": "Sirapslimpa 900g ICA Selection",
    "weightText": "0.9 kg",
    "caPart": "",
    "weightValue": 0.9,
    "weightUnit": "kg",
    "comparePrice": "43,89 kr/kg",
    "currentPrice": 39.5,
    "attributes": [
      "Från Sverige"
    ],
    "imgUrl": "https://handlaprivatkund.ica.se/images-v3/bf7a00ca-390e-4769-865f-dc369586872e/e6fbacdb-ef8c-482d-bbc1-f22d4457ada6/500x500.jpg",
    "productInformation": "ICA Selection Sirapslimpa är ett saftigt bröd som bakats med rågmjöl. Tillsammans med surdegen och sirapen får brödet en rund smak och en riktigt fin balans mellan syra och sötma.",
    "countryText": "",
    "companyText": "ICA Selection",
    "ingrediensText": "INGREDIENSER: VETEMJÖL*, vatten, siktat RÅGMJÖL*, sirap** 13%, surdeg av FULLKORNSRÅG*, jäst, rapsolja, VETEGLUTEN, salt, maltmjöl av KORN. * Ursprung Sverige. **Huvuddelen svensk råvara.",
    "storage": "",
    "allergens": "",
    "usage": "",
    "nutrition": [
      {
        "Näringsvärde": "Energi (kcal)",
        "100 Gram": "249 kcal"
      },
      {
        "Näringsvärde": "Energi (kJ)",
        "100 Gram": "1053 kJ"
      },
      {
        "Näringsvärde": "Fett",
        "100 Gram": "2.4 g"
      },
      {
        "Näringsvärde": "Varav mättat fett",
        "100 Gram": "1 g"
      },
      {
        "Näringsvärde": "Kolhydrat",
        "100 Gram": "48 g"
      },
      {
        "Näringsvärde": "Varav sockerarter",
        "100 Gram": "10 g"
      },
      {
        "Näringsvärde": "Fiber",
        "100 Gram": "3.7 g"
      },
      {
        "Näringsvärde": "Protein",
        "100 Gram": "7 g"
      },
      {
        "Näringsvärde": "Salt",
        "100 Gram": "0.92 g"
      }
    ],
    "nutritionUnitText": "Näringsvärde per 100 gram",
    "categories": {
      "mainCategory": "Bröd & Kakor",
      "subCategories": [
        {
          "name": "Matbröd",
          "subSubCategories": [
            "Ljust bröd",
            "Limpa"
          ]
        }
      ]
    }
  },
  {
    "name": "Wienerbröd vanilj 80g Bonjour",
    "weightText": "0.08 kg",
    "caPart": "",
    "weightValue": 0.08,
    "weightUnit": "kg",
    "comparePrice": "124,38 kr/kg",
    "currentPrice": 9.95,
    "attributes": [],
    "imgUrl": "https://handlaprivatkund.ica.se/images-v3/bf7a00ca-390e-4769-865f-dc369586872e/bdaa3ca3-1fc1-4d3a-88d1-f0ac30f3bf11/500x500.jpg",
    "productInformation": "",
    "countryText": "",
    "companyText": "Bonjour",
    "ingrediensText": "Vatten, VETEMJÖL, vegetabilisk olja (palmolja SG, rapsolja, kokosolja), socker, ÄGG, modifierad stärkelse (E1414), jäst ,vasslepulver (MJÖLK), VETEGLUTEN, vegetabiliskt emulgeringsmedel (E471, E472e), salt, maltmjöl av VETE, stabiliseringsmedel (E401, E450(i), E516), färgämne (E170, E160a), naturlig arom , MJÖLKPROTEIN, surhetsreglerande medel (E330, E263), mjölbehandlingsmedel (E300), enzym (xylanas, amylas ), vitamin A. Sockerglasyr (socker, vatten , glukossirap) Kan innehålla spår av mandel och pekannötter.",
    "storage": "",
    "allergens": "Kan innehålla spår av Nötter.",
    "usage": "",
    "nutrition": [
      {
        "Näringsvärde": "Energi (kcal)",
        "100 Gram": "329 kcal"
      },
      {
        "Näringsvärde": "Energi (kJ)",
        "100 Gram": "1369 kJ"
      },
      {
        "Näringsvärde": "Fett",
        "100 Gram": "20 g"
      },
      {
        "Näringsvärde": "Varav mättat fett",
        "100 Gram": "8.3 g"
      },
      {
        "Näringsvärde": "Kolhydrat",
        "100 Gram": "33 g"
      },
      {
        "Näringsvärde": "Varav sockerarter",
        "100 Gram": "9.7 g"
      },
      {
        "Näringsvärde": "Fiber",
        "100 Gram": "1.2 g"
      },
      {
        "Näringsvärde": "Protein",
        "100 Gram": "4.9 g"
      },
      {
        "Näringsvärde": "Salt",
        "100 Gram": "0.27 g"
      }
    ],
    "nutritionUnitText": "Näringsvärde per 100 gram",
    "categories": {
      "mainCategory": "Butikens egna varor",
      "subCategories": [
        {
          "name": "Eget bageri",
          "subSubCategories": []
        }
      ]
    }
  },
  {
    "name": "Cookies 154g Oreo",
    "weightText": "0.154 kg",
    "caPart": "",
    "weightValue": 0.154,
    "weightUnit": "kg",
    "comparePrice": "149,03 kr/kg",
    "currentPrice": 22.95,
    "attributes": [],
    "imgUrl": "https://handlaprivatkund.ica.se/images-v3/bf7a00ca-390e-4769-865f-dc369586872e/8a2e1ab8-79ae-40ab-89c7-c4de597804fd/500x500.jpg",
    "productInformation": "Oreo- Goda chokladkex med len vaniljfyllning.",
    "countryText": "",
    "companyText": "Oreo",
    "ingrediensText": "Ingredienser: VETEMJÖL/HVEDEMEL, socker, palmolja/-olie, rapsolja/-olie, fettreducerad/fedtfattig kakao 4,5%, VETESTÄRKELSE/HVEDESTIVELSE, glukos-fruktossirap, bakpulver/hævemidler (kaliumkarbonater, ammoniumkarbonater, natriumkarbonater),salt, emulgeringsmedel/emulgatorer (SOJALECITIN, solros-/solsikkelecithin), arom.KAN INNEHÅLLA MJÖLK/MÆLK.",
    "storage": "",
    "allergens": "",
    "usage": "",
    "nutrition": [
      {
        "Näringsvärde": "Energi (kcal)",
        "100 Gram": "474 kcal"
      },
      {
        "Näringsvärde": "Energi (kJ)",
        "100 Gram": "1990 kJ"
      },
      {
        "Näringsvärde": "Fett",
        "100 Gram": "19 g"
      },
      {
        "Näringsvärde": "Varav mättat fett",
        "100 Gram": "5.2 g"
      },
      {
        "Näringsvärde": "Kolhydrat",
        "100 Gram": "68 g"
      },
      {
        "Näringsvärde": "Varav sockerarter",
        "100 Gram": "36 g"
      },
      {
        "Näringsvärde": "Fiber",
        "100 Gram": "2.7 g"
      },
      {
        "Näringsvärde": "Protein",
        "100 Gram": "5.4 g"
      },
      {
        "Näringsvärde": "Salt",
        "100 Gram": "0.74 g"
      }
    ],
    "nutritionUnitText": "Näringsvärde per 100 gram",
    "categories": {
      "mainCategory": "Bröd & Kakor",
      "subCategories": [
        {
          "name": "Kaffebröd",
          "subSubCategories": [
            "Kex & kakor",
            "Söta kex & Kakor",
            "Fyllda kakor"
          ]
        }
      ]
    }
  },
  {
    "name": "Kardemumma skorpor 240g Pågen",
    "weightText": "0.24 kg",
    "caPart": "",
    "weightValue": 0.24,
    "weightUnit": "kg",
    "comparePrice": "77,08 kr/kg",
    "currentPrice": 18.5,
    "attributes": [],
    "imgUrl": "https://handlaprivatkund.ica.se/images-v3/bf7a00ca-390e-4769-865f-dc369586872e/7a489610-e8e4-4e57-a1e9-d13c85e3d7ff/500x500.jpg",
    "productInformation": "",
    "countryText": "",
    "companyText": "Pågen",
    "ingrediensText": "VETEmjöl* (85%), socker, vegetabiliska oljor (raps*, fullhärdad raps), kardemumma (0,5%), malt av KORN/BYG, jäst/gær/gjær, salt. *Svensk rapsolja och svenskt mjöl från egen kvarn.",
    "storage": "Förvaras torrt och avskilt från varor med stark lukt.",
    "allergens": "",
    "usage": "",
    "nutrition": [
      {
        "Näringsvärde": "Energi (kcal)",
        "100 Gram": "438 kcal"
      },
      {
        "Näringsvärde": "Energi (kJ)",
        "100 Gram": "1844 kJ"
      },
      {
        "Näringsvärde": "Fett",
        "100 Gram": "11 g"
      },
      {
        "Näringsvärde": "Varav mättat fett",
        "100 Gram": "1.3 g"
      },
      {
        "Näringsvärde": "Kolhydrat",
        "100 Gram": "73 g"
      },
      {
        "Näringsvärde": "Varav sockerarter",
        "100 Gram": "13 g"
      },
      {
        "Näringsvärde": "Fiber",
        "100 Gram": "3.2 g"
      },
      {
        "Näringsvärde": "Protein",
        "100 Gram": "9.8 g"
      },
      {
        "Näringsvärde": "Salt",
        "100 Gram": "0.5 g"
      }
    ],
    "nutritionUnitText": "Näringsvärde per 100 gram",
    "categories": {
      "mainCategory": "Bröd & Kakor",
      "subCategories": [
        {
          "name": "Knäckebröd & Skorpor",
          "subSubCategories": [
            "Skorpor"
          ]
        }
      ]
    }
  },
  {
    "name": "Sandwich French Herbs 30g Wasa",
    "weightText": "0.03 kg",
    "caPart": "",
    "weightValue": 0.03,
    "weightUnit": "kg",
    "comparePrice": "316,67 kr/kg",
    "currentPrice": 9.5,
    "attributes": [],
    "imgUrl": "https://handlaprivatkund.ica.se/images-v3/bf7a00ca-390e-4769-865f-dc369586872e/b993a9c8-5768-4a02-9a85-6d67ae70e42b/500x500.jpg",
    "productInformation": "Wasa Sandwich French Herbs är en knäckemacka gjord på två skivor knäckebröd med en krämig fyllning emellan. Den läckra fyllningen har smak av ost och franska örter, vilket passar utmärkt ihop med knäckebrödet av råg. Förpackningen innehåller två fullkornsknäckebröd och kan enkelt avnjutas på språng. Våra färdiga knäckebröd med smak av franska örter är behändiga att ha i väskan eller hemma när du är i behov av ett näringsrikt mellanmål. Sesamfröna ger detta knäckebröd med fyllning en lite nötig smak, samtidigt som det innehåller mycket kostfiber och fullkorn. Wasa Sandwich French Herbs är 100% klimatkompenserad.",
    "countryText": "",
    "companyText": "Wasa",
    "ingrediensText": "INGREDIENSER: RÅGKNÄCKEBRÖD (FULLKORNSRÅGMJÖL 58%, SESAMFRÖN 6,7%, salt, jäst), ostfyllning 40% (rapsolja, ostpulver 9,5% (MJÖLK), maltodextrin, sheasmör, naturlig arom (MJÖLK), KÄRNMJÖLKSPULVER, torkad blandning av örtkryddor 0,04%). Kan innehålla spår av SOJA och LUPIN.",
    "storage": "Förvaras torrt och mörkt.",
    "allergens": "Innehåller Sesamfrön Innehåller Spannmål som innehåller gluten Kan innehålla Sojabönor Kan innehålla Lupin Innehåller Mjölk",
    "usage": "",
    "nutrition": [
      {
        "Näringsvärde": "Energi (kcal)",
        "100 Gram": "464 kcal"
      },
      {
        "Näringsvärde": "Energi (kJ)",
        "100 Gram": "1935 kJ"
      },
      {
        "Näringsvärde": "Fett",
        "100 Gram": "24 g"
      },
      {
        "Näringsvärde": "Varav mättat fett",
        "100 Gram": "8 g"
      },
      {
        "Näringsvärde": "Kolhydrat",
        "100 Gram": "45 g"
      },
      {
        "Näringsvärde": "Varav sockerarter",
        "100 Gram": "3.5 g"
      },
      {
        "Näringsvärde": "Fiber",
        "100 Gram": "14 g"
      },
      {
        "Näringsvärde": "Protein",
        "100 Gram": "10 g"
      },
      {
        "Näringsvärde": "Salt",
        "100 Gram": "1.3 g"
      }
    ],
    "nutritionUnitText": "Näringsvärde per 100 gram",
    "categories": {
      "mainCategory": "Bröd & Kakor",
      "subCategories": [
        {
          "name": "Knäckebröd & Skorpor",
          "subSubCategories": [
            "Knäckebröd",
            "Knäcke med pålägg"
          ]
        }
      ]
    }
  },
  {
    "name": "Majskakor Dill/Gräslök 125g Friggs",
    "weightText": "0.125 kg",
    "caPart": "",
    "weightValue": 0.125,
    "weightUnit": "kg",
    "comparePrice": "151,60 kr/kg",
    "currentPrice": 18.95,
    "attributes": [
      "Glutenfritt"
    ],
    "imgUrl": "https://handlaprivatkund.ica.se/images-v3/bf7a00ca-390e-4769-865f-dc369586872e/e0acdfa9-8bd3-4745-8fef-ccd22dab526a/500x500.jpg",
    "productInformation": "Friggs majskakor Dill & Gräslök är en underbar smakkombination av Dill & Gräslök. Passar perfekt när du är sugen på ett knaprigt snacks – vilken dag i veckan du vill. Glutenfria såklart!",
    "countryText": "",
    "companyText": "Friggs",
    "ingrediensText": "Ingredienser: majs (80 %) (majsgryn, majsmjöl), rapsolja, kryddmix med smak av dill och gräslök (rismjöl, salt, lökpulver, dextros, socker, jästextrakt, vitlökspulver, örter (dill, persilja), syra (citronsyra), kryddextrakt (dill, gräslök)). Kan innehålla spår av soja, mjölk och sesamfrön.",
    "storage": "Förvaras torrt, ej över normal rumstemperatur.",
    "allergens": "",
    "usage": "",
    "nutrition": [
      {
        "Näringsvärde": "Energi (kcal)",
        "100 Gram": "439 kcal"
      },
      {
        "Näringsvärde": "Energi (kJ)",
        "100 Gram": "1849 kJ"
      },
      {
        "Näringsvärde": "Fett",
        "100 Gram": "13 g"
      },
      {
        "Näringsvärde": "Varav mättat fett",
        "100 Gram": "1.1 g"
      },
      {
        "Näringsvärde": "Kolhydrat",
        "100 Gram": "73 g"
      },
      {
        "Näringsvärde": "Varav sockerarter",
        "100 Gram": "2.1 g"
      },
      {
        "Näringsvärde": "Fiber",
        "100 Gram": "1.8 g"
      },
      {
        "Näringsvärde": "Protein",
        "100 Gram": "6.4 g"
      },
      {
        "Näringsvärde": "Salt",
        "100 Gram": "1.4 g"
      }
    ],
    "nutritionUnitText": "Näringsvärde per 100 gram",
    "categories": {
      "mainCategory": "Bröd & Kakor",
      "subCategories": [
        {
          "name": "Knäckebröd & Skorpor",
          "subSubCategories": [
            "Riskakor"
          ]
        }
      ]
    }
  },
  {
    "name": "Kanelbullar 450g Skogaholms",
    "weightText": "0.45 kg",
    "caPart": "",
    "weightValue": 0.45,
    "weightUnit": "kg",
    "comparePrice": "73,22 kr/kg",
    "currentPrice": 32.95,
    "attributes": [],
    "imgUrl": "https://handlaprivatkund.ica.se/images-v3/bf7a00ca-390e-4769-865f-dc369586872e/ec0dfadc-4e95-4bd7-a8ac-77d698cfb34f/500x500.jpg",
    "productInformation": "Bullar med krämig kanelfyllning och toppade med pärlsocker. Passar till fikastunden, på utflykten och som mellanmål med ett glas mjölk.",
    "countryText": "",
    "companyText": "Skogaholms",
    "ingrediensText": "VETEmjöl, kanelfyllning (socker, vatten, farinsocker, modifierad potatisstärkelse, rapsolja, kanel, potatisgranulat, glukossirap, VETEmjöl, vegetabiliskt emulgeringsmedel E471, salt, arom (vanillin)), sirap, rapsolja, jäst, vatten, pärlsocker (socker, fullhärdad rapsolja), skållat HAVREmjöl, brödglans (vatten, stärkelsesirap av majs, potatisdextrin, konserveringsmedel E211), vegetabiliskt emulgeringsmedel E471, salt, krossade kardemummakärnor, malt av KORN, mjölbehandlingsmedel E300.",
    "storage": "",
    "allergens": "Kan innehålla spår av Mjölk.",
    "usage": "",
    "nutrition": [
      {
        "Näringsvärde": "Energi (kcal)",
        "100 Gram": "340 kcal"
      },
      {
        "Näringsvärde": "Energi (kJ)",
        "100 Gram": "1450 kJ"
      },
      {
        "Näringsvärde": "Fett",
        "100 Gram": "8.9 g"
      },
      {
        "Näringsvärde": "Varav mättat fett",
        "100 Gram": "1.7 g"
      },
      {
        "Näringsvärde": "Kolhydrat",
        "100 Gram": "58 g"
      },
      {
        "Näringsvärde": "Varav sockerarter",
        "100 Gram": "20 g"
      },
      {
        "Näringsvärde": "Protein",
        "100 Gram": "6.4 g"
      },
      {
        "Näringsvärde": "Salt",
        "100 Gram": "0.4 g"
      }
    ],
    "nutritionUnitText": "Näringsvärde per 100 gram",
    "categories": {
      "mainCategory": "Bröd & Kakor",
      "subCategories": [
        {
          "name": "Kaffebröd",
          "subSubCategories": [
            "Bullar & Vetelängder",
            "Bullar"
          ]
        }
      ]
    }
  },
  {
    "name": "Punschrullar 6-p 210g ICA",
    "weightText": "0.21 kg",
    "caPart": "",
    "weightValue": 0.21,
    "weightUnit": "kg",
    "comparePrice": "107,14 kr/kg",
    "currentPrice": 22.5,
    "attributes": [
      "Rainforest Alliance certifierad"
    ],
    "imgUrl": "https://handlaprivatkund.ica.se/images-v3/bf7a00ca-390e-4769-865f-dc369586872e/66899dcd-2692-4133-8111-c946c3c675a8/500x500.jpg",
    "productInformation": "Punchrullar, eller dammsugare som de också kallas, passar till kaffestunden eller som en liten dessert efter en god middag.",
    "countryText": "",
    "companyText": "ICA",
    "ingrediensText": "HAVREGRYN, socker, margarin (vegetabilisk fett (palm*, kokos), rapsolja, vatten, salt, emulgeringsmedel (E471), arom, antioxidationsmedel (E330), färgämne (E160a)), marsipan (socker, MANDEL 24%, glykos, konsistensgivare (E420), invertsockersirap, stabiliseringsmedel (E402), färgämne (E160a, E133)), kakaoglasyr (socker, vegetabilisk fett (palmkärn*), fettreducerat kakaopulver**, emulgeringsmedel (E322, E492)), fettreducerat kakaopulver**, arom, färgämne (E150c), konserveringsmedel (E202). Kan innehålla spår av mjölk. *Läs om hållbarhetscertifierad palmolja på ica.se. **Rainforest Alliance-certifierad. Läs mer på www.ra.org",
    "storage": "",
    "allergens": "",
    "usage": "",
    "nutrition": [
      {
        "Näringsvärde": "Energi (kcal)",
        "100 Gram": "473 kcal"
      },
      {
        "Näringsvärde": "Energi (kJ)",
        "100 Gram": "1978 kJ"
      },
      {
        "Näringsvärde": "Fett",
        "100 Gram": "24 g"
      },
      {
        "Näringsvärde": "Varav mättat fett",
        "100 Gram": "12 g"
      },
      {
        "Näringsvärde": "Kolhydrat",
        "100 Gram": "58 g"
      },
      {
        "Näringsvärde": "Varav sockerarter",
        "100 Gram": "40 g"
      },
      {
        "Näringsvärde": "Fiber",
        "100 Gram": "3.7 g"
      },
      {
        "Näringsvärde": "Protein",
        "100 Gram": "4.9 g"
      },
      {
        "Näringsvärde": "Salt",
        "100 Gram": "0.3 g"
      }
    ],
    "nutritionUnitText": "Näringsvärde per 100 gram",
    "categories": {
      "mainCategory": "Bröd & Kakor",
      "subCategories": [
        {
          "name": "Kaffebröd",
          "subSubCategories": [
            "Kondisbitar & Bakelser"
          ]
        }
      ]
    }
  },
  {
    "name": "Pitabröd 2x3p 375g ICA",
    "weightText": "0.375 kg",
    "caPart": "",
    "weightValue": 0.375,
    "weightUnit": "kg",
    "comparePrice": "41,33 kr/kg",
    "currentPrice": 15.5,
    "attributes": [
      "Från Sverige"
    ],
    "imgUrl": "https://handlaprivatkund.ica.se/images-v3/bf7a00ca-390e-4769-865f-dc369586872e/b6c855ba-f256-43de-bca7-47ed62039231/500x500.jpg",
    "productInformation": "ICA Pitabröd är ett frasigt matbröd att fylla med dina favorittillbehör, toppa gärna med en god vitlökssås.",
    "countryText": "",
    "companyText": "ICA",
    "ingrediensText": "VETEMJÖL, vatten, socker, salt med jod, jäst.",
    "storage": "",
    "allergens": "",
    "usage": "",
    "nutrition": [
      {
        "Näringsvärde": "Energi (kcal)",
        "100 Gram": "250 kcal"
      },
      {
        "Näringsvärde": "Energi (kJ)",
        "100 Gram": "1046 kJ"
      },
      {
        "Näringsvärde": "Fett",
        "100 Gram": "1 g"
      },
      {
        "Näringsvärde": "Varav mättat fett",
        "100 Gram": "0.1 g"
      },
      {
        "Näringsvärde": "Kolhydrat",
        "100 Gram": "50 g"
      },
      {
        "Näringsvärde": "Varav sockerarter",
        "100 Gram": "2.5 g"
      },
      {
        "Näringsvärde": "Fiber",
        "100 Gram": "2.2 g"
      },
      {
        "Näringsvärde": "Protein",
        "100 Gram": "8.3 g"
      },
      {
        "Näringsvärde": "Salt",
        "100 Gram": "1.2 g"
      }
    ],
    "nutritionUnitText": "Näringsvärde per 100 gram",
    "categories": {
      "mainCategory": "Bröd & Kakor",
      "subCategories": [
        {
          "name": "Korvbröd, Hamburgerbröd & Maträttsbröd",
          "subSubCategories": [
            "Pitabröd"
          ]
        }
      ]
    }
  },
  {
    "name": "Skanörgrova 550 g Pågen",
    "weightText": "0.55 kg",
    "caPart": "",
    "weightValue": 0.55,
    "weightUnit": "kg",
    "comparePrice": "59,91 kr/kg",
    "currentPrice": 32.95,
    "attributes": [
      "Ursprungsland Sverige"
    ],
    "imgUrl": "https://handlaprivatkund.ica.se/images-v3/bf7a00ca-390e-4769-865f-dc369586872e/6ea1759b-ffb6-4a3c-913f-883fd50c2586/500x500.jpg",
    "productInformation": "Ett rustikt och saftigt hantverksbröd fyllt med smak! Skanörgrova bakas på skånsk råg, surdeg, solrosfrön, ölmalt och kallpressad rapsolja. Passar utmärkt till frukost och lunch, såväl som lagrade ostar eller buffémat.",
    "countryText": "Sverige",
    "companyText": "Pågen",
    "ingrediensText": "Vatten, VETEmjöl, fullkornsRÅGmjöl*, sirap, surdeg på fullkornsRÅG* och VETE (11%), klippt fullkornsRÅG*, solrosfrö (6%), VETEgluten, ölmalt av mältat KORN (3%), RÅGflingor*, kallpressad rapsolja, fullkornsdurumVETEmjöl*, humle (0,1%), lakrits, jäst, salt, mjölbehandlingsmedel (askorbinsyra). Råginnehåll: 31%. * Fullkornsingrediens. Fullkornshalten i brödet är 31% vilket motsvarar 42% av torrvikten. SVENSKT MJÖL Mer än 90% mjöl från svenskodlat spannmål malt i egen kvarn.",
    "storage": "",
    "allergens": "",
    "usage": "",
    "nutrition": [
      {
        "Näringsvärde": "Energi (kcal)",
        "100 Gram": "308 kcal"
      },
      {
        "Näringsvärde": "Energi (kJ)",
        "100 Gram": "1294 kJ"
      },
      {
        "Näringsvärde": "Fett",
        "100 Gram": "7.8 g"
      },
      {
        "Näringsvärde": "Varav mättat fett",
        "100 Gram": "0.9 g"
      },
      {
        "Näringsvärde": "Kolhydrat",
        "100 Gram": "48 g"
      },
      {
        "Näringsvärde": "Varav sockerarter",
        "100 Gram": "9.1 g"
      },
      {
        "Näringsvärde": "Fiber",
        "100 Gram": "6 g"
      },
      {
        "Näringsvärde": "Protein",
        "100 Gram": "10 g"
      },
      {
        "Näringsvärde": "Salt",
        "100 Gram": "1.4 g"
      }
    ],
    "nutritionUnitText": "Näringsvärde per 100 gram",
    "categories": {
      "mainCategory": "Bröd & Kakor",
      "subCategories": [
        {
          "name": "Matbröd",
          "subSubCategories": [
            "Mörkt & Grovt bröd",
            "Mörkt skivat bröd"
          ]
        }
      ]
    }
  },
  {
    "name": "Himla Go 400 g Pågen",
    "weightText": "0.4 kg",
    "caPart": "",
    "weightValue": 0.4,
    "weightUnit": "kg",
    "comparePrice": "69,88 kr/kg",
    "currentPrice": 27.95,
    "attributes": [
      "Ursprungsland Sverige"
    ],
    "imgUrl": "https://handlaprivatkund.ica.se/images-v3/bf7a00ca-390e-4769-865f-dc369586872e/777f7cff-e107-441d-9675-abf12a5e0a5d/500x500.jpg",
    "productInformation": "Himla go är ett riktigt gott bröd som innehåller fullkorn och är laddat med fiber.",
    "countryText": "Sverige",
    "companyText": "Pågen",
    "ingrediensText": "VETEmjöl, vatten, fullkornsVETEmjöl*, socker, HAVREfiber, sirap, rapsolja, fullkornsRÅGmjöl*, kallpressad rapsolja, surdeg på VETE, vegetabiliskt emulgeringsmedel mono- och diglycerider av fettsyror (solros, raps), bakpulver (hjorthornssalt), VETEgluten, malt av KORN, jäst, salt, mjölbehandlingsmedel (askorbinsyra). *Fullkornsingrediens. Fullkornshalten i brödet är 10% vilket motsvarar 14% av torrvikten. SVENSKT MJÖL Mer än 90% mjöl från svenskodlat spannmål malt i egen kvarn.",
    "storage": "",
    "allergens": "",
    "usage": "",
    "nutrition": [
      {
        "Näringsvärde": "Energi (kcal)",
        "100 Gram": "294 kcal"
      },
      {
        "Näringsvärde": "Energi (kJ)",
        "100 Gram": "1240 kJ"
      },
      {
        "Näringsvärde": "Fett",
        "100 Gram": "4.7 g"
      },
      {
        "Näringsvärde": "Varav mättat fett",
        "100 Gram": "0.7 g"
      },
      {
        "Näringsvärde": "Kolhydrat",
        "100 Gram": "51 g"
      },
      {
        "Näringsvärde": "Varav sockerarter",
        "100 Gram": "9.9 g"
      },
      {
        "Näringsvärde": "Fiber",
        "100 Gram": "6 g"
      },
      {
        "Näringsvärde": "Protein",
        "100 Gram": "8.4 g"
      },
      {
        "Näringsvärde": "Salt",
        "100 Gram": "1 g"
      }
    ],
    "nutritionUnitText": "Näringsvärde per 100 gram",
    "categories": {
      "mainCategory": "Bröd & Kakor",
      "subCategories": [
        {
          "name": "Matbröd",
          "subSubCategories": [
            "Ljust bröd",
            "Övrigt ljust bröd"
          ]
        }
      ]
    }
  },
  {
    "name": "Rågkusar 675g Fazer",
    "weightText": "0.675 kg",
    "caPart": "",
    "weightValue": 0.675,
    "weightUnit": "kg",
    "comparePrice": "70,37 kr/kg",
    "currentPrice": 47.5,
    "attributes": [
      "Från Sverige",
      "Nyckelhålet",
      "Ursprungsland Sverige"
    ],
    "imgUrl": "https://handlaprivatkund.ica.se/images-v3/bf7a00ca-390e-4769-865f-dc369586872e/0902bcb0-b072-41bd-af68-0f876dcba967/500x500.jpg",
    "productInformation": "Rågkusar är ett portionsbröd bakat på bland annat surdeg av fullkornsråg. Lite seg konsistens. Passar till frukost, mellanmål och utflykten.",
    "countryText": "Sverige",
    "companyText": "Fazer",
    "ingrediensText": "FullkornsRÅGmjöl1, surdeg av fullkornsRÅGmjöl1 28 %, fullkornsVETEmjöl1, RÅGfiber, vatten, jäst1, fermenterat VETEmjöl, salt, malt av KORN. 1Ursprung Sverige. Brödet består av 92 % svenska ingredienser. Brödet innehåller 57 % råg och 69 % fullkorn. Innehåller naturligt förekommande sockerarter.",
    "storage": "Lägsta förvaringstemperatur 8°C Högsta förvaringstemperatur 25°C",
    "allergens": "",
    "usage": "",
    "nutrition": [
      {
        "Näringsvärde": "Energi (kcal)",
        "100 Gram": "240 kcal"
      },
      {
        "Näringsvärde": "Energi (kJ)",
        "100 Gram": "1000 kJ"
      },
      {
        "Näringsvärde": "Fett",
        "100 Gram": "2 g"
      },
      {
        "Näringsvärde": "Varav mättat fett",
        "100 Gram": "0.5 g"
      },
      {
        "Näringsvärde": "Kolhydrat",
        "100 Gram": "44 g"
      },
      {
        "Näringsvärde": "Varav sockerarter",
        "100 Gram": "1.2 g"
      },
      {
        "Näringsvärde": "Fiber",
        "100 Gram": "11 g"
      },
      {
        "Näringsvärde": "Protein",
        "100 Gram": "7.1 g"
      },
      {
        "Näringsvärde": "Salt",
        "100 Gram": "1.2 g"
      }
    ],
    "nutritionUnitText": "Näringsvärde per 100 gram",
    "categories": {
      "mainCategory": "Bröd & Kakor",
      "subCategories": [
        {
          "name": "Matbröd",
          "subSubCategories": [
            "Mörkt & Grovt bröd",
            "Mörkt styckpackat bröd"
          ]
        }
      ]
    }
  },
  {
    "name": "Jubileumskakor 450g Mjölkfri Polarbröd",
    "weightText": "0.45 kg",
    "caPart": "",
    "weightValue": 0.45,
    "weightUnit": "kg",
    "comparePrice": "62,11 kr/kg",
    "currentPrice": 27.95,
    "attributes": [
      "Från Sverige",
      "Ursprungsland Sverige"
    ],
    "imgUrl": "https://handlaprivatkund.ica.se/images-v3/bf7a00ca-390e-4769-865f-dc369586872e/e0aebbb7-f6cb-4029-a8e7-8c446ad5ff67/500x500.jpg",
    "productInformation": "Ljuvliga, gyllengräddade brödkakor! Mjuka och saftiga bröd med toner av brynt smör. 12 st brödkakor per förpackning. Mjölkfri och fri från konserveringsmedel.Från Sverige, bakat i Norrland.PolarmetodenTM – Fryst direkt efter bakning. Vi vill göra världen lite godare: egen vindkraft, återvinningsbara förpackningar, mer hållbara transporter, 100% från växtriket.Tips: Det är supersmart att förvara bröd i frysen och tina efter behov!",
    "countryText": "Sverige",
    "companyText": "Polarbröd",
    "ingrediensText": "Ingredienser: VETEmjöl¹, vatten, socker¹/sirap¹, rapsolja¹, VETEGLUTEN, fermenterat VETEmjöl, jäst¹, salt, HAVREfiber, vegetabiliskt emulgeringsmedel (mono- och diglycerider av fettsyror, mono- och diglyceriders mono- och diacetylvinsyraestrar), bakpulver (hjorthornssalt), maltmjöl (KORN). 1Ursprungsland: Sverige.",
    "storage": "Frys gärna in en del av bröden hemma och ta fram efter behov, så maxar du njutningen och minskar svinnet på en och samma gång.",
    "allergens": "",
    "usage": "Vi fryser vårt bröd så fort det kommer rykande ur ugnen, och tinar det på väg till dig. Hållbar i 7 dagar i rumstemperatur, se bäst-före-märkning på förpackningen.",
    "nutrition": [
      {
        "Näringsvärde": "Energi (kcal)",
        "100 Gram": "290 kcal"
      },
      {
        "Näringsvärde": "Energi (kJ)",
        "100 Gram": "1200 kJ"
      },
      {
        "Näringsvärde": "Fett",
        "100 Gram": "6.6 g"
      },
      {
        "Näringsvärde": "Varav mättat fett",
        "100 Gram": "0.8 g"
      },
      {
        "Näringsvärde": "Kolhydrat",
        "100 Gram": "46 g"
      },
      {
        "Näringsvärde": "Varav sockerarter",
        "100 Gram": "5.1 g"
      },
      {
        "Näringsvärde": "Fiber",
        "100 Gram": "2.6 g"
      },
      {
        "Näringsvärde": "Protein",
        "100 Gram": "9 g"
      },
      {
        "Näringsvärde": "Salt",
        "100 Gram": "0.73 g"
      }
    ],
    "nutritionUnitText": "Näringsvärde per 100 gram",
    "categories": {
      "mainCategory": "Bröd & Kakor",
      "subCategories": [
        {
          "name": "Matbröd",
          "subSubCategories": [
            "Mjukt tunnbröd & Vetekakor",
            "Vetekakor"
          ]
        }
      ]
    }
  },
  {
    "name": "Fiberrost Rostbröd 1000g Skogaholms",
    "weightText": "1 kg",
    "caPart": "",
    "weightValue": 1,
    "weightUnit": "kg",
    "comparePrice": "31,95 kr/kg",
    "currentPrice": 31.95,
    "attributes": [
      "Nyckelhålet",
      "Ursprungsland Sverige"
    ],
    "imgUrl": "https://handlaprivatkund.ica.se/images-v3/bf7a00ca-390e-4769-865f-dc369586872e/e4acc2ab-e934-4c1d-b16a-f67826e34b87/500x500.jpg",
    "productInformation": "Ett rostbröd bakat på bland annat fullkornsmjöl av vete och råg. Passar till frukost och som utflyktsmat med t ex äggsallad och tonfisk.",
    "countryText": "Sverige",
    "companyText": "Skogaholms",
    "ingrediensText": "VETEmjöl, vatten, fullkornsVETEmjöl 12 %, fullkornsRÅGmjöl 10 %, krossade rågkärnor 6 %, jäst, sirap, VETEgluten, rapsolja, siktat RÅGmjöl 1 %, malt av RÅG 1 %, fermenterat VETEmjöl, salt, surdegspulver av VETE, vegetabiliskt emulgeringsmedel (mono- och diglyceriders mono- och diacetylvinsyraestrar), malt av KORN, mjölbehandlingsmedel (askorbinsyra). Brödet innehåller 28 % fullkorn och 18 % råg.",
    "storage": "Lägsta förvaringstemperatur 8°C Högsta förvaringstemperatur 25°C",
    "allergens": "",
    "usage": "",
    "nutrition": [
      {
        "Näringsvärde": "Energi (kcal)",
        "100 Gram": "260 kcal"
      },
      {
        "Näringsvärde": "Energi (kJ)",
        "100 Gram": "1100 kJ"
      },
      {
        "Näringsvärde": "Fett",
        "100 Gram": "3.2 g"
      },
      {
        "Näringsvärde": "Varav mättat fett",
        "100 Gram": "0.6 g"
      },
      {
        "Näringsvärde": "Kolhydrat",
        "100 Gram": "46 g"
      },
      {
        "Näringsvärde": "Varav sockerarter",
        "100 Gram": "4.2 g"
      },
      {
        "Näringsvärde": "Fiber",
        "100 Gram": "5.7 g"
      },
      {
        "Näringsvärde": "Protein",
        "100 Gram": "9 g"
      },
      {
        "Näringsvärde": "Salt",
        "100 Gram": "0.8 g"
      }
    ],
    "nutritionUnitText": "",
    "categories": {
      "mainCategory": "Bröd & Kakor",
      "subCategories": [
        {
          "name": "Matbröd",
          "subSubCategories": [
            "Ljust bröd",
            "Rostbröd"
          ]
        }
      ]
    }
  },
  {
    "name": "Ciabatta 2-p 150g ICA",
    "weightText": "0.15 kg",
    "caPart": "",
    "weightValue": 0.15,
    "weightUnit": "kg",
    "comparePrice": "110,00 kr/kg",
    "currentPrice": 16.5,
    "attributes": [],
    "imgUrl": "https://handlaprivatkund.ica.se/images-v3/bf7a00ca-390e-4769-865f-dc369586872e/9a9dbce0-fe7d-485e-8700-508dec432340/500x500.jpg",
    "productInformation": "ICA Ciabatta är nygräddade efter 6-8 minuter i ugnen.",
    "countryText": "",
    "companyText": "ICA",
    "ingrediensText": "INGREDIENSER: VETEMJÖL, vatten, olivolja, jäst, salt, VETESURDEG, rismjöl.",
    "storage": "Oöppnad förpacking förvaras i rumstemperatur. Öppnad förpackning försluts och förvaras i kylskåp +8°C i max två dygn.",
    "allergens": "Kan innehålla Lupin Innehåller Spannmål som innehåller gluten Kan innehålla Nötter (eng: tree nuts) Kan innehålla Senap Kan innehålla Sesamfrön Kan innehålla Mjölk",
    "usage": "",
    "nutrition": [],
    "nutritionUnitText": "",
    "categories": {
      "mainCategory": "Bröd & Kakor",
      "subCategories": [
        {
          "name": "Matbröd",
          "subSubCategories": [
            "Grädda hemma"
          ]
        }
      ]
    }
  },
  {
    "name": "Chia God Fiberrikt 360g Hatting",
    "weightText": "0.36 kg",
    "caPart": "",
    "weightValue": 0.36,
    "weightUnit": "kg",
    "comparePrice": "74,86 kr/kg",
    "currentPrice": 26.95,
    "attributes": [
      "Nyckelhålet"
    ],
    "imgUrl": "https://handlaprivatkund.ica.se/images-v3/bf7a00ca-390e-4769-865f-dc369586872e/1d181e3d-bcbf-47d6-b64f-d532add52daf/500x500.jpg",
    "productInformation": "Ett gott och mjukt bröd med högt proteininnehåll. Brödet är nyckelhålsmärkt och fiberrikt, innehåller 22% fullkorn och 3% chiafrön. 6 st skurna bröd. Rosta gärna brödet för ännu godare smak.",
    "countryText": "",
    "companyText": "Hatting",
    "ingrediensText": "INGREDIENSER: Vatten, VETEMJÖL, fullkornsmjöl av VETE, kikärtor, VETEGLUTEN, HAVREFLINGOR, chiafrö (Salvia hispanica) 3 %, VETEKLI, rapsolja, sirap, linfrö, jäst, HAVREKLI, maltmjöl av KORN, salt, fermenterat VETE, hirsfrö, mjölbehandlingsmedel (E300), vegetabiliskt emulgeringsmedel (E471), förtjockningsmedel (E466). Kan innehålla spår av sesamfrö.",
    "storage": "",
    "allergens": "",
    "usage": "Brödet är färdigt att servera. Rosta gärna brödet för ännu bättre smak.",
    "nutrition": [
      {
        "Näringsvärde": "Energi (kcal)",
        "100 Gram": "274 kcal"
      },
      {
        "Näringsvärde": "Energi (kJ)",
        "100 Gram": "1156 kJ"
      },
      {
        "Näringsvärde": "Fett",
        "100 Gram": "6.6 g"
      },
      {
        "Näringsvärde": "Varav mättat fett",
        "100 Gram": "0.8 g"
      },
      {
        "Näringsvärde": "Kolhydrat",
        "100 Gram": "36 g"
      },
      {
        "Näringsvärde": "Varav sockerarter",
        "100 Gram": "2.5 g"
      },
      {
        "Näringsvärde": "Fiber",
        "100 Gram": "7.8 g"
      },
      {
        "Näringsvärde": "Protein",
        "100 Gram": "14 g"
      },
      {
        "Näringsvärde": "Salt",
        "100 Gram": "0.9 g"
      }
    ],
    "nutritionUnitText": "Näringsvärde per 100 gram",
    "categories": {
      "mainCategory": "Bröd & Kakor",
      "subCategories": [
        {
          "name": "Matbröd",
          "subSubCategories": [
            "Mörkt & Grovt bröd",
            "Mörkt styckpackat bröd"
          ]
        }
      ]
    }
  },
  {
    "name": "Tacobröd Tortilla Glutenfri 6-p Old el Paso",
    "weightText": "0.216 kg",
    "caPart": "",
    "weightValue": 0.216,
    "weightUnit": "kg",
    "comparePrice": "141,20 kr/kg",
    "currentPrice": 30.5,
    "attributes": [
      "Glutenfritt"
    ],
    "imgUrl": "https://handlaprivatkund.ica.se/images-v3/bf7a00ca-390e-4769-865f-dc369586872e/203e6e72-b87b-4308-8766-718da044cdb0/500x500.jpg",
    "productInformation": "",
    "countryText": "",
    "companyText": "Old el Paso",
    "ingrediensText": "Ingredienser: Tapiokastärkelse (53 %), vatten, vitt majsmjöl (8 %), stabiliseringsmedel (glycerol, xantangummi), quinoamjöl (4 %), amaranthmjöl, emulgeringsmedel (mono- och diglycerider av fettsyror), salt.",
    "storage": "",
    "allergens": "",
    "usage": "",
    "nutrition": [
      {
        "Näringsvärde": "Energi (kcal)",
        "100 Gram": "268 kcal"
      },
      {
        "Näringsvärde": "Energi (kJ)",
        "100 Gram": "1136 kJ"
      },
      {
        "Näringsvärde": "Fett",
        "100 Gram": "2.2 g"
      },
      {
        "Näringsvärde": "Varav mättat fett",
        "100 Gram": "0.7 g"
      },
      {
        "Näringsvärde": "Kolhydrat",
        "100 Gram": "58 g"
      },
      {
        "Näringsvärde": "Varav sockerarter",
        "100 Gram": "0.3 g"
      },
      {
        "Näringsvärde": "Fiber",
        "100 Gram": "3.8 g"
      },
      {
        "Näringsvärde": "Protein",
        "100 Gram": "1.9 g"
      },
      {
        "Näringsvärde": "Salt",
        "100 Gram": "1.31 g"
      }
    ],
    "nutritionUnitText": "Näringsvärde per 100 gram",
    "categories": {
      "mainCategory": "Bröd & Kakor",
      "subCategories": [
        {
          "name": "Glutenfritt bröd & Kakor",
          "subSubCategories": [
            "Glutenfria maträttsbröd"
          ]
        }
      ]
    }
  },
  {
    "name": "Kardemummaskorpor 225g ICA",
    "weightText": "0.225 kg",
    "caPart": "",
    "weightValue": 0.225,
    "weightUnit": "kg",
    "comparePrice": "70,89 kr/kg",
    "currentPrice": 15.95,
    "attributes": [
      "Från Sverige"
    ],
    "imgUrl": "https://handlaprivatkund.ica.se/images-v3/bf7a00ca-390e-4769-865f-dc369586872e/05fe7ab1-b1e6-4418-981b-760c61db5a04/500x500.jpg",
    "productInformation": "ICA Kardemummaskorpor är goda och spröda skorpor kryddade med kardemumma som passar perfekt till testunden.",
    "countryText": "",
    "companyText": "ICA",
    "ingrediensText": "VETEMJÖL*, vatten, socker*, vegetabilisk olja (raps), jäst, kardemumma 0,8%, salt. *Ursprung Sverige",
    "storage": "",
    "allergens": "",
    "usage": "",
    "nutrition": [
      {
        "Näringsvärde": "Energi (kcal)",
        "100 Gram": "420 kcal"
      },
      {
        "Näringsvärde": "Energi (kJ)",
        "100 Gram": "1750 kJ"
      },
      {
        "Näringsvärde": "Fett",
        "100 Gram": "8.9 g"
      },
      {
        "Näringsvärde": "Varav mättat fett",
        "100 Gram": "1.2 g"
      },
      {
        "Näringsvärde": "Kolhydrat",
        "100 Gram": "70 g"
      },
      {
        "Näringsvärde": "Varav sockerarter",
        "100 Gram": "11 g"
      },
      {
        "Näringsvärde": "Fiber",
        "100 Gram": "4.1 g"
      },
      {
        "Näringsvärde": "Protein",
        "100 Gram": "10 g"
      },
      {
        "Näringsvärde": "Salt",
        "100 Gram": "0.9 g"
      }
    ],
    "nutritionUnitText": "Näringsvärde per 100 gram",
    "categories": {
      "mainCategory": "Bröd & Kakor",
      "subCategories": [
        {
          "name": "Knäckebröd & Skorpor",
          "subSubCategories": [
            "Skorpor"
          ]
        }
      ]
    }
  },
  {
    "name": "Majskakor ost 125 g ICA",
    "weightText": "0.125 kg",
    "caPart": "",
    "weightValue": 0.125,
    "weightUnit": "kg",
    "comparePrice": "143,60 kr/kg",
    "currentPrice": 17.95,
    "attributes": [],
    "imgUrl": "https://handlaprivatkund.ica.se/images-v3/bf7a00ca-390e-4769-865f-dc369586872e/c291e836-a12c-4bac-a450-4577b2258a28/500x500.jpg",
    "productInformation": "",
    "countryText": "",
    "companyText": "ICA",
    "ingrediensText": "Majs* 78%, rapsolja, kryddblandning 9,8% (vasslepulver (från MJÖLK), ostpulver (från MJÖLK), salt, jästextrakt (jästextrakt, salt, solrosfröolja), arom (MJÖLK), syra (E270, E327), extrakt av gurkmeja, färgämne (E160c)). Kan innehålla spår av soja och sesamfrö. *Ursprung EU.",
    "storage": "Förvaras torrt, ej över normal rumstemperatur.",
    "allergens": "",
    "usage": "",
    "nutrition": [
      {
        "Näringsvärde": "Energi (kcal)",
        "100 Gram": "442 kcal"
      },
      {
        "Näringsvärde": "Energi (kJ)",
        "100 Gram": "1862 kJ"
      },
      {
        "Näringsvärde": "Fett",
        "100 Gram": "14 g"
      },
      {
        "Näringsvärde": "Varav mättat fett",
        "100 Gram": "1.6 g"
      },
      {
        "Näringsvärde": "Kolhydrat",
        "100 Gram": "71 g"
      },
      {
        "Näringsvärde": "Varav sockerarter",
        "100 Gram": "4.7 g"
      },
      {
        "Näringsvärde": "Fiber",
        "100 Gram": "1.8 g"
      },
      {
        "Näringsvärde": "Protein",
        "100 Gram": "7.2 g"
      },
      {
        "Näringsvärde": "Salt",
        "100 Gram": "1.6 g"
      }
    ],
    "nutritionUnitText": "Näringsvärde per 100 gram",
    "categories": {
      "mainCategory": "Bröd & Kakor",
      "subCategories": [
        {
          "name": "Knäckebröd & Skorpor",
          "subSubCategories": [
            "Riskakor"
          ]
        }
      ]
    }
  },
  {
    "name": "Hamburgerbröd Brioche 4-p 200g ICA",
    "weightText": "0.2 kg",
    "caPart": "",
    "weightValue": 0.2,
    "weightUnit": "kg",
    "comparePrice": "114,75 kr/kg",
    "currentPrice": 22.95,
    "attributes": [],
    "imgUrl": "https://handlaprivatkund.ica.se/images-v3/bf7a00ca-390e-4769-865f-dc369586872e/1577d5bf-f025-47fb-83ca-d5b8c0011be7/500x500.jpg",
    "productInformation": "Franskt hamburgerbröd Brioche bakat med ägg och smör.",
    "countryText": "",
    "companyText": "ICA",
    "ingrediensText": "VETEMJÖL*, ÄGG** 18%, socker, rapsolja, SKUMMJÖLKSPULVER, jäst, koncentrerat SMÖR** 1,4%, naturlig arom (innehåller etylalkohol), emulgeringsmedel (E471), salt, VETEGLUTEN, deaktiverad jäst, MJÖLKPROTEIN, färgämne (E160a), acerolajuicepulver. Kan innehålla spår av soja och sesamfrön. *Ursprung Frankrike. **Ursprung EU/Storbritannien.",
    "storage": "Förvaras torrt och svalt, ej över normal rums- . temperatur.",
    "allergens": "",
    "usage": "",
    "nutrition": [
      {
        "Näringsvärde": "Energi (kcal)",
        "100 Gram": "339 kcal"
      },
      {
        "Näringsvärde": "Energi (kJ)",
        "100 Gram": "1429 kJ"
      },
      {
        "Näringsvärde": "Fett",
        "100 Gram": "9.7 g"
      },
      {
        "Näringsvärde": "Varav mättat fett",
        "100 Gram": "2.5 g"
      },
      {
        "Näringsvärde": "Kolhydrat",
        "100 Gram": "52 g"
      },
      {
        "Näringsvärde": "Varav sockerarter",
        "100 Gram": "9.9 g"
      },
      {
        "Näringsvärde": "Fiber",
        "100 Gram": "2.4 g"
      },
      {
        "Näringsvärde": "Protein",
        "100 Gram": "9.8 g"
      },
      {
        "Näringsvärde": "Salt",
        "100 Gram": "1.1 g"
      }
    ],
    "nutritionUnitText": "Näringsvärde per 100 gram",
    "categories": {
      "mainCategory": "Bröd & Kakor",
      "subCategories": [
        {
          "name": "Korvbröd, Hamburgerbröd & Maträttsbröd",
          "subSubCategories": [
            "Hamburgerbröd"
          ]
        }
      ]
    }
  },
  {
    "name": "Korvbröd Fiber & Fullkorn 300g Korvbrödsbagarn",
    "weightText": "0.3 kg",
    "caPart": "",
    "weightValue": 0.3,
    "weightUnit": "kg",
    "comparePrice": "86,50 kr/kg",
    "currentPrice": 25.95,
    "attributes": [
      "Från Sverige",
      "Nyckelhålet"
    ],
    "imgUrl": "https://handlaprivatkund.ica.se/images-v3/bf7a00ca-390e-4769-865f-dc369586872e/91bcc358-ea01-4a5c-a107-846caa7023eb/500x500.jpg",
    "productInformation": "Korvbröd rikt på fiber & fullkorn och med låg sockermängd. Ett gott och mjukt bröd som ger en längre mättnadskänsla.",
    "countryText": "",
    "companyText": "Korvbrödsbagarn",
    "ingrediensText": "INGREDIENSER: Vatten, VETEMJÖL, FULLKORNSVETEMJÖL, invertsocker, groddat HAVREMJÖL (3,5%), rapsolja, VETEKLI, jäst, VETEGLUTEN, vegetabilisk fiber (potatis, psyllium, HAVRE), salt, fermenterat VETEMJÖL, maltmjöl av KORN, vegetabiliskt emulgeringsmedel (E471), mjölbehandlingsmedel (E300).Brödet innehåller 24% fullkorn. Kan innehålla spår av sesamfrö.",
    "storage": "Upptinad produkt lagras i rumstemperatur",
    "allergens": "",
    "usage": "",
    "nutrition": [
      {
        "Näringsvärde": "Energi (kcal)",
        "100 Gram": "265 kcal"
      },
      {
        "Näringsvärde": "Energi (kJ)",
        "100 Gram": "1115 kJ"
      },
      {
        "Näringsvärde": "Fett",
        "100 Gram": "5 g"
      },
      {
        "Näringsvärde": "Varav mättat fett",
        "100 Gram": "0.6 g"
      },
      {
        "Näringsvärde": "Kolhydrat",
        "100 Gram": "43 g"
      },
      {
        "Näringsvärde": "Varav sockerarter",
        "100 Gram": "4.5 g"
      },
      {
        "Näringsvärde": "Fiber",
        "100 Gram": "6.5 g"
      },
      {
        "Näringsvärde": "Protein",
        "100 Gram": "9.6 g"
      },
      {
        "Näringsvärde": "Salt",
        "100 Gram": "0.85 g"
      }
    ],
    "nutritionUnitText": "Näringsvärde per 100 gram",
    "categories": {
      "mainCategory": "Bröd & Kakor",
      "subCategories": [
        {
          "name": "Korvbröd, Hamburgerbröd & Maträttsbröd",
          "subSubCategories": [
            "Korvbröd"
          ]
        }
      ]
    }
  },
  {
    "name": "Sandwich Chives 37g Wasa",
    "weightText": "0.037 kg",
    "caPart": "",
    "weightValue": 0.037,
    "weightUnit": "kg",
    "comparePrice": "256,76 kr/kg",
    "currentPrice": 9.5,
    "attributes": [],
    "imgUrl": "https://handlaprivatkund.ica.se/images-v3/bf7a00ca-390e-4769-865f-dc369586872e/bfc20762-bb2e-464b-8b82-83182b58b1af/500x500.jpg",
    "productInformation": "Wasa Sandwich Chives är ett gott knäckebröd med fyllning gjord av ost och gräslök. Det är en fräsch knäckemacka med en smak som för tankarna till sommaren. Brödet består av rågknäcke med mycket fullkorn och kostfiber. Våra färdiga knäckebröd med krämig fyllning kommer i smidiga portionsförpackningar som du enkelt kan ta med dig. Avnjut detta mellanmål även om du är på språng. Förpackningen innehåller två halvor av vårt fullkornsknäckebröd med krämig fyllning med smak av gräslök. Wasa Sandwich Chives är 100% klimatkompenserad.",
    "countryText": "",
    "companyText": "Wasa",
    "ingrediensText": "INGREDIENSER: RÅGknäckebröd (fullkornsRÅGmjöl 50%, RÅGmjöl 19%, jäst, salt), ostfyllning 36,5% (rapsolja, maltodextrin, ostpulver 8,3% (MJÖLK), sheasmör, KÄRNMJÖLKSpulver, arom (MJÖLK), torkad gräslök 0,3%). Kan innehålla spår av SESAMFRÖN, SOJA, LUPIN, SELLERI och SENAP.",
    "storage": "Förvaras torrt och mörkt.",
    "allergens": "Kan innehålla Sesamfrön Kan innehålla Lupin Innehåller Spannmål som innehåller gluten Kan innehålla Sojabönor Innehåller Mjölk",
    "usage": "",
    "nutrition": [
      {
        "Näringsvärde": "Energi (kcal)",
        "100 Gram": "472 kcal"
      },
      {
        "Näringsvärde": "Energi (kJ)",
        "100 Gram": "1970 kJ"
      },
      {
        "Näringsvärde": "Fett",
        "100 Gram": "24 g"
      },
      {
        "Näringsvärde": "Varav mättat fett",
        "100 Gram": "8.5 g"
      },
      {
        "Näringsvärde": "Kolhydrat",
        "100 Gram": "49 g"
      },
      {
        "Näringsvärde": "Varav sockerarter",
        "100 Gram": "2 g"
      },
      {
        "Näringsvärde": "Fiber",
        "100 Gram": "12 g"
      },
      {
        "Näringsvärde": "Protein",
        "100 Gram": "9 g"
      },
      {
        "Näringsvärde": "Salt",
        "100 Gram": "1.3 g"
      }
    ],
    "nutritionUnitText": "Näringsvärde per 100 gram",
    "categories": {
      "mainCategory": "Bröd & Kakor",
      "subCategories": [
        {
          "name": "Knäckebröd & Skorpor",
          "subSubCategories": [
            "Knäckebröd",
            "Knäcke med pålägg"
          ]
        }
      ]
    }
  },
  {
    "name": "Guld Marie 200g Göteborgs",
    "weightText": "0.2 kg",
    "caPart": "",
    "weightValue": 0.2,
    "weightUnit": "kg",
    "comparePrice": "64,75 kr/kg",
    "currentPrice": 12.95,
    "attributes": [],
    "imgUrl": "https://handlaprivatkund.ica.se/images-v3/bf7a00ca-390e-4769-865f-dc369586872e/fb00b704-1dff-49d1-8188-476b17508c8d/500x500.jpg",
    "productInformation": "Våra klassiska mariekex, Guld Marie, har bakats ända sedan Göteborgs Kex startades år 1888. Det är Göteborgs Kex äldsta produkt, länge var det också den största. Än idag har Guld Marie en speciell plats i mångas hjärtan. Möra, spröda och underbart goda mördegskex bakade av vetemjöl. Perfekt till utflykten eller fikapausen. Bakade utan palmolja.",
    "countryText": "",
    "companyText": "Göteborgs",
    "ingrediensText": "Ingredienser: VETEMJÖL/HVEDEMEL, socker, solrosolja/solsikkeolie, glukos-fruktossirap, bakpulver/hævemiddel (natriumbikarbonat E500, hjorthornssalt E503), salt, aromer.",
    "storage": "",
    "allergens": "",
    "usage": "",
    "nutrition": [
      {
        "Näringsvärde": "Energi (kcal)",
        "100 Gram": "460 kcal"
      },
      {
        "Näringsvärde": "Energi (kJ)",
        "100 Gram": "1950 kJ"
      },
      {
        "Näringsvärde": "Fett",
        "100 Gram": "14 g"
      },
      {
        "Näringsvärde": "Varav mättat fett",
        "100 Gram": "1.1 g"
      },
      {
        "Näringsvärde": "Kolhydrat",
        "100 Gram": "75 g"
      },
      {
        "Näringsvärde": "Varav sockerarter",
        "100 Gram": "19 g"
      },
      {
        "Näringsvärde": "Fiber",
        "100 Gram": "2.8 g"
      },
      {
        "Näringsvärde": "Protein",
        "100 Gram": "8.4 g"
      },
      {
        "Näringsvärde": "Salt",
        "100 Gram": "1.1 g"
      }
    ],
    "nutritionUnitText": "Näringsvärde per 100 gram",
    "categories": {
      "mainCategory": "Bröd & Kakor",
      "subCategories": [
        {
          "name": "Kaffebröd",
          "subSubCategories": [
            "Kex & kakor",
            "Söta kex & Kakor",
            "Söta kex"
          ]
        }
      ]
    }
  },
  {
    "name": "Knäckebröd Falu Råg-Rut 235g Wasa",
    "weightText": "0.235 kg",
    "caPart": "",
    "weightValue": 0.235,
    "weightUnit": "kg",
    "comparePrice": "63,62 kr/kg",
    "currentPrice": 14.95,
    "attributes": [
      "Nyckelhålet"
    ],
    "imgUrl": "https://handlaprivatkund.ica.se/images-v3/bf7a00ca-390e-4769-865f-dc369586872e/f3ede8fd-3782-4808-9e75-d3b3bbd20097/500x500.jpg",
    "productInformation": "Wasa Knäckebröd Falu Råg-rut är vår klassiker som finns i många svenska hem. Detta rågknäcke med 100% fullkorn är bakat på fullkornsmjöl av råg. Falu Rågrut består av lätta och frasiga luftkuddar som kan brytas var för sig och användas som frukostflingor eller i soppan. Dela rågknäckebrödet på mitten om du vill få två knäckemackor. Wasa fullkornsknäckebröd innehåller mycket kostfiber och är 100% klimatkompenserat. Avnjut ett knäckebröd av kuddar för ett krispigt och smakrikt mellanmål.",
    "countryText": "",
    "companyText": "Wasa",
    "ingrediensText": "Ingredienser: FullkornsRÅGmjöl 105 g*, jäst, salt, mältat KORN. *i g per 100 g produkt.",
    "storage": "",
    "allergens": "",
    "usage": "",
    "nutrition": [
      {
        "Näringsvärde": "Energi (kcal)",
        "100 Gram": "332 kcal"
      },
      {
        "Näringsvärde": "Energi (kJ)",
        "100 Gram": "1397 kJ"
      },
      {
        "Näringsvärde": "Fett",
        "100 Gram": "1.5 g"
      },
      {
        "Näringsvärde": "Varav mättat fett",
        "100 Gram": "0.3 g"
      },
      {
        "Näringsvärde": "Kolhydrat",
        "100 Gram": "60 g"
      },
      {
        "Näringsvärde": "Varav sockerarter",
        "100 Gram": "1 g"
      },
      {
        "Näringsvärde": "Fiber",
        "100 Gram": "20 g"
      },
      {
        "Näringsvärde": "Protein",
        "100 Gram": "9.5 g"
      },
      {
        "Näringsvärde": "Salt",
        "100 Gram": "1.2 g"
      }
    ],
    "nutritionUnitText": "Näringsvärde per 100 gram",
    "categories": {
      "mainCategory": "Bröd & Kakor",
      "subCategories": [
        {
          "name": "Knäckebröd & Skorpor",
          "subSubCategories": [
            "Knäckebröd",
            "Mörkt knäckebröd"
          ]
        }
      ]
    }
  },
  {
    "name": "Knäckebröd Din Stund Chia & Havssalt 260g Wasa",
    "weightText": "0.26 kg",
    "caPart": "",
    "weightValue": 0.26,
    "weightUnit": "kg",
    "comparePrice": "103,65 kr/kg",
    "currentPrice": 26.95,
    "attributes": [
      "Nyckelhålet"
    ],
    "imgUrl": "https://handlaprivatkund.ica.se/images-v3/bf7a00ca-390e-4769-865f-dc369586872e/7324991e-b37a-4a3d-adb4-051b51ec1853/500x500.jpg",
    "productInformation": "Wasa Knäckebröd Din Stund Chia & Havssalt är ett gott och krispigt knäcke gjort på fullkornsrågmjöl. Njut av detta chiaknäckebröd med havssalt när du har en stund för dig själv. Förutom en ljuvlig rund smak och mycket kostfiber får du en harmonisk stund. Ett runt knäckebröd kan enkelt brytas i så stora bitar du vill ha. Använd hårdbrödet som krutonger eller servera till ostbrickan. Chiafrön ger detta fiberknäckebröd en nötig smak som lyfter ditt påläggs smaker. Wasa Knäckebröd Din Stund Chia & Havssalt är 100% klimatkompenserat.",
    "countryText": "",
    "companyText": "Wasa",
    "ingrediensText": "Ingredienser: FullkornsRÅGmjöl 100 g*, chiafrön (Salvia hispanica) 5,0 g*, jäst, havssalt 0,6 g*, salt. *g för 100 g produkt.",
    "storage": "",
    "allergens": "",
    "usage": "",
    "nutrition": [
      {
        "Näringsvärde": "Energi (kcal)",
        "100 Gram": "350 kcal"
      },
      {
        "Näringsvärde": "Energi (kJ)",
        "100 Gram": "1472 kJ"
      },
      {
        "Näringsvärde": "Fett",
        "100 Gram": "4 g"
      },
      {
        "Näringsvärde": "Varav mättat fett",
        "100 Gram": "0.5 g"
      },
      {
        "Näringsvärde": "Kolhydrat",
        "100 Gram": "58 g"
      },
      {
        "Näringsvärde": "Varav sockerarter",
        "100 Gram": "0.5 g"
      },
      {
        "Näringsvärde": "Fiber",
        "100 Gram": "21 g"
      },
      {
        "Näringsvärde": "Protein",
        "100 Gram": "10 g"
      },
      {
        "Näringsvärde": "Salt",
        "100 Gram": "1.2 g"
      },
      {
        "Näringsvärde": "Järn",
        "100 Gram": "3 mg",
        "% av DRI(*)": "21"
      }
    ],
    "nutritionUnitText": "Näringsvärde per 100 gram",
    "categories": {
      "mainCategory": "Bröd & Kakor",
      "subCategories": [
        {
          "name": "Knäckebröd & Skorpor",
          "subSubCategories": [
            "Knäckebröd",
            "Mörkt knäckebröd"
          ]
        }
      ]
    }
  },
  {
    "name": "Trekant Frön Havssalt 200g Leksands Knäcke",
    "weightText": "0.2 kg",
    "caPart": "",
    "weightValue": 0.2,
    "weightUnit": "kg",
    "comparePrice": "99,75 kr/kg",
    "currentPrice": 19.95,
    "attributes": [
      "Från Sverige",
      "Nyckelhålet"
    ],
    "imgUrl": "https://handlaprivatkund.ica.se/images-v3/bf7a00ca-390e-4769-865f-dc369586872e/ec1f8402-8eaf-4a44-bb13-d031d10cc0e5/500x500.jpg",
    "productInformation": "",
    "countryText": "",
    "companyText": "Leksands Knäcke",
    "ingrediensText": "Ingredienser: FULLKORNSRÅGMJÖL/FULLKORNSRUGMEL/FULDKORNSRUGMEL**, vatten/vann/vand**, bruna linfrön/brune linfrø** 4%, hirsfrön/hirsefrø 4%, rostade rapsfrön/ristede rapsfrø**4%, havssalt 1,2%, jäst/gjær/gær**, KAN INNEHÅLLA SPÅR AV SOJA, SENAP/KAN INDEHOLDESPOR AF SOJA, SENNEP. **Från Sverige",
    "storage": "",
    "allergens": "",
    "usage": "Torrt och mörkt",
    "nutrition": [
      {
        "Näringsvärde": "Energi (kcal)",
        "100 Gram": "360 kcal"
      },
      {
        "Näringsvärde": "Energi (kJ)",
        "100 Gram": "1500 kJ"
      },
      {
        "Näringsvärde": "Fett",
        "100 Gram": "3.9 g"
      },
      {
        "Näringsvärde": "Varav mättat fett",
        "100 Gram": "0.6 g"
      },
      {
        "Näringsvärde": "Kolhydrat",
        "100 Gram": "63 g"
      },
      {
        "Näringsvärde": "Varav sockerarter",
        "100 Gram": "0.4 g"
      },
      {
        "Näringsvärde": "Fiber",
        "100 Gram": "15.5 g"
      },
      {
        "Näringsvärde": "Protein",
        "100 Gram": "10 g"
      },
      {
        "Näringsvärde": "Salt",
        "100 Gram": "1.2 g"
      }
    ],
    "nutritionUnitText": "Näringsvärde per 100 gram",
    "categories": {
      "mainCategory": "Bröd & Kakor",
      "subCategories": [
        {
          "name": "Knäckebröd & Skorpor",
          "subSubCategories": [
            "Knäckebröd",
            "Mörkt knäckebröd"
          ]
        }
      ]
    }
  },
  {
    "name": "Minibaguetter 300g ICA Basic",
    "weightText": "0.3 kg",
    "caPart": "",
    "weightValue": 0.3,
    "weightUnit": "kg",
    "comparePrice": "33,17 kr/kg",
    "currentPrice": 9.95,
    "attributes": [],
    "imgUrl": "https://handlaprivatkund.ica.se/images-v3/bf7a00ca-390e-4769-865f-dc369586872e/9d99f8a1-992a-4376-9646-8e9f73453121/500x500.jpg",
    "productInformation": "ICA Basic minibaguetter är nygräddade efter 8–10 minuter i ugnen.",
    "countryText": "",
    "companyText": "ICA Basic",
    "ingrediensText": "VETEMJÖL*, vatten, jäst, joderat salt, mältat VETEMJÖL, mjölbehandlingsmedel (E300), enzymer (VETE). Kan innehålla spår av mjölk, soja och sesamfrön. *Ursprung EU.",
    "storage": "Förvaras torrt, ej över normal rumstemperatur. Öppnad förpackning förvaras i kyla (max +8°C). Kan förvaras max 1 dygn i kylskåp efter öppnandet. Förpackad i en skyddande atmosfär.",
    "allergens": "",
    "usage": "",
    "nutrition": [
      {
        "Näringsvärde": "Energi (kcal)",
        "100 Gram": "255 kcal"
      },
      {
        "Näringsvärde": "Energi (kJ)",
        "100 Gram": "1078 kJ"
      },
      {
        "Näringsvärde": "Fett",
        "100 Gram": "1.3 g"
      },
      {
        "Näringsvärde": "Varav mättat fett",
        "100 Gram": "0.5 g"
      },
      {
        "Näringsvärde": "Kolhydrat",
        "100 Gram": "51 g"
      },
      {
        "Näringsvärde": "Varav sockerarter",
        "100 Gram": "3 g"
      },
      {
        "Näringsvärde": "Fiber",
        "100 Gram": "2.6 g"
      },
      {
        "Näringsvärde": "Protein",
        "100 Gram": "8.3 g"
      },
      {
        "Näringsvärde": "Salt",
        "100 Gram": "1.1 g"
      }
    ],
    "nutritionUnitText": "Näringsvärde per 100 gram",
    "categories": {
      "mainCategory": "Bröd & Kakor",
      "subCategories": [
        {
          "name": "Matbröd",
          "subSubCategories": [
            "Grädda hemma"
          ]
        }
      ]
    }
  },
  {
    "name": "Pärlan Vetekaka 600g Polarbröd",
    "weightText": "0.6 kg",
    "caPart": "",
    "weightValue": 0.6,
    "weightUnit": "kg",
    "comparePrice": "54,17 kr/kg",
    "currentPrice": 32.5,
    "attributes": [
      "Från Sverige",
      "Ursprungsland Sverige"
    ],
    "imgUrl": "https://handlaprivatkund.ica.se/images-v3/bf7a00ca-390e-4769-865f-dc369586872e/a19621c3-b570-4161-97a4-c2960184ca58/500x500.jpg",
    "productInformation": "Ett fluffigt, matigt och gyllengräddat bröd från Polarbröd.",
    "countryText": "Sverige",
    "companyText": "Polarbröd",
    "ingrediensText": "Ingredienser: VETEmjöl¹, vatten, socker¹, rapsolja¹, fermenterat VETEmjöl, jäst¹, VETEGLUTEN, salt, HAVREfiber, vegetabiliskt emulgeringsmedel (mono- och diglycerider av fettsyror, mono- och diglyceriders mono- och diacetylvinsyraestrar), bakpulver (hjorthornssalt), maltmjöl (KORN). 1Ursprungsland: Sverige.",
    "storage": "Frys gärna in en del av bröden hemma och ta fram efter behov, så maxar du njutningen och minskar svinnet på en och samma gång. Lägsta förvaringstemperatur 15°C Högsta förvaringstemperatur 25°C",
    "allergens": "",
    "usage": "",
    "nutrition": [
      {
        "Näringsvärde": "Energi (kcal)",
        "100 Gram": "270 kcal"
      },
      {
        "Näringsvärde": "Energi (kJ)",
        "100 Gram": "1100 kJ"
      },
      {
        "Näringsvärde": "Fett",
        "100 Gram": "3.5 g"
      },
      {
        "Näringsvärde": "Varav mättat fett",
        "100 Gram": "0.7 g"
      },
      {
        "Näringsvärde": "Kolhydrat",
        "100 Gram": "48 g"
      },
      {
        "Näringsvärde": "Varav sockerarter",
        "100 Gram": "7.9 g"
      },
      {
        "Näringsvärde": "Fiber",
        "100 Gram": "2.9 g"
      },
      {
        "Näringsvärde": "Protein",
        "100 Gram": "8.1 g"
      },
      {
        "Näringsvärde": "Salt",
        "100 Gram": "0.6 g"
      }
    ],
    "nutritionUnitText": "Näringsvärde per 100 gram",
    "categories": {
      "mainCategory": "Bröd & Kakor",
      "subCategories": [
        {
          "name": "Matbröd",
          "subSubCategories": [
            "Mjukt tunnbröd & Vetekakor",
            "Vetekakor"
          ]
        }
      ]
    }
  },
  {
    "name": "Surdegsbaguette 250g ICA",
    "weightText": "0.25 kg",
    "caPart": "",
    "weightValue": 0.25,
    "weightUnit": "kg",
    "comparePrice": "59,80 kr/kg",
    "currentPrice": 14.95,
    "attributes": [],
    "imgUrl": "https://handlaprivatkund.ica.se/images-v3/bf7a00ca-390e-4769-865f-dc369586872e/75c134ea-b8aa-41ee-8644-937860004dab/500x500.jpg",
    "productInformation": "ICA Surdegsbaguett är nygräddade efter 8–10 minuter i ugnen.",
    "countryText": "",
    "companyText": "ICA",
    "ingrediensText": "VETEMJÖL, vatten, RÅGMJÖL, VETESURDEG, 2%, salt, jäst, VETEGLUTEN, rismjöl, VETEGRODDAR, VETEMALT.",
    "storage": "Oöppnad förpacking förvaras i rumstemperatur. Öppnad förpackning försluts och förvaras i kylskåp +8°C i max två dygn. Lägsta förvaringstemperatur 5°C Högsta förvaringstemperatur 25°C",
    "allergens": "Innehåller Spannmål som innehåller gluten Kan innehålla Sesamfrön Kan innehålla Mjölk Kan innehålla Nötter (eng: tree nuts) Kan innehålla Senap Kan innehålla Lupin",
    "usage": "",
    "nutrition": [
      {
        "Näringsvärde": "Energi (kcal)",
        "100 Gram": "240 kcal"
      },
      {
        "Näringsvärde": "Energi (kJ)",
        "100 Gram": "1000 kJ"
      },
      {
        "Näringsvärde": "Fett",
        "100 Gram": "0.5 g"
      },
      {
        "Näringsvärde": "Varav mättat fett",
        "100 Gram": "0.5 g"
      },
      {
        "Näringsvärde": "Kolhydrat",
        "100 Gram": "48 g"
      },
      {
        "Näringsvärde": "Varav sockerarter",
        "100 Gram": "2.6 g"
      },
      {
        "Näringsvärde": "Fiber",
        "100 Gram": "3.5 g"
      },
      {
        "Näringsvärde": "Protein",
        "100 Gram": "8.1 g"
      },
      {
        "Näringsvärde": "Salt",
        "100 Gram": "0.9 g"
      }
    ],
    "nutritionUnitText": "",
    "categories": {
      "mainCategory": "Bröd & Kakor",
      "subCategories": [
        {
          "name": "Matbröd",
          "subSubCategories": [
            "Grädda hemma"
          ]
        }
      ]
    }
  },
  {
    "name": "Original 200g Finn Crisp",
    "weightText": "0.2 kg",
    "caPart": "",
    "weightValue": 0.2,
    "weightUnit": "kg",
    "comparePrice": "69,75 kr/kg",
    "currentPrice": 13.95,
    "attributes": [],
    "imgUrl": "https://handlaprivatkund.ica.se/images-v3/bf7a00ca-390e-4769-865f-dc369586872e/164f8c11-377a-4d76-90ad-cd3d27f0dda4/500x500.jpg",
    "productInformation": "Krispiga, tunna knäckebröd bakade på fullkornsmjöl av råg. Passar lika bra till vardagens mellanmål som till helgens kalas och ostbrickor.",
    "countryText": "",
    "companyText": "Finn Crisp",
    "ingrediensText": "FullkornsRÅGmjöl, surdeg 25 % (fullkornsRÅGmjöl, vatten), salt och jäst. Innehåller 95 % fullkornsråg. Kan innehålla spår av sesamfrön.",
    "storage": "Förvaras torrt",
    "allergens": "Kan innehålla spår av Sesamfrön.",
    "usage": "",
    "nutrition": [
      {
        "Näringsvärde": "Energi (kcal)",
        "6 Gram": "21 kcal"
      },
      {
        "Näringsvärde": "Energi (kJ)",
        "6 Gram": "88 kJ"
      },
      {
        "Näringsvärde": "Fett",
        "6 Gram": "0.5 g"
      },
      {
        "Näringsvärde": "Varav mättat fett",
        "6 Gram": "0.1 g"
      },
      {
        "Näringsvärde": "Kolhydrat",
        "6 Gram": "3.7 g"
      },
      {
        "Näringsvärde": "Varav sockerarter",
        "6 Gram": "0.5 g"
      },
      {
        "Näringsvärde": "Fiber",
        "6 Gram": "1.2 g"
      },
      {
        "Näringsvärde": "Protein",
        "6 Gram": "0.6 g"
      },
      {
        "Näringsvärde": "Salt",
        "6 Gram": "0 g"
      }
    ],
    "nutritionUnitText": "Näringsvärde per 6 gram",
    "categories": {
      "mainCategory": "Bröd & Kakor",
      "subCategories": [
        {
          "name": "Knäckebröd & Skorpor",
          "subSubCategories": [
            "Knäckebröd",
            "Mörkt knäckebröd"
          ]
        }
      ]
    }
  },
  {
    "name": "Tunnbröd Njalla 250g Polarbröd",
    "weightText": "0.25 kg",
    "caPart": "",
    "weightValue": 0.25,
    "weightUnit": "kg",
    "comparePrice": "83,80 kr/kg",
    "currentPrice": 20.95,
    "attributes": [
      "Från Sverige",
      "Ursprungsland Sverige"
    ],
    "imgUrl": "https://handlaprivatkund.ica.se/images-v3/bf7a00ca-390e-4769-865f-dc369586872e/383cabc9-3c9e-4d2c-b854-5dc86068302d/500x500.jpg",
    "productInformation": "Polarbröds Njalla är det mjuka, mättande tunnbrödet som vunnit mångas hjärtan. Älskat för sin goda smak och härliga konsistens som får pålägget att smaka ännu bättre. Njalla fungerar lika bra till frukost och mellanmål som till kvällsfikat. Självklart också på skolutflykten och i picknickkorgen.",
    "countryText": "Sverige",
    "companyText": "Polarbröd",
    "ingrediensText": "Ingredienser: VETEmjöl, vatten, socker, VETEGLUTEN, sirap, rapsolja, salt, surdegspulver (RÅG), vegetabiliskt emulgeringsmedel (mono- och diglycerider av fettsyror, mono- och diglyceriders mono- och diacetylvinsyraestrar), bakpulver (hjorthornssalt), jäst, maltmjöl (KORN). Bakat i Norrland.",
    "storage": "Frys gärna in en del av bröden hemma och ta fram efter behov, så maxar du njutningen och minskar svinnet på en och samma gång.",
    "allergens": "",
    "usage": "Vi fryser vårt bröd så fort det kommer rykande ur ugnen, och tinar det på väg till dig. Hållbar i 7 dagar i rumstemperatur, se bäst-före-märkning på förpackningen.",
    "nutrition": [
      {
        "Näringsvärde": "Energi (kcal)",
        "100 Gram": "300 kcal"
      },
      {
        "Näringsvärde": "Energi (kJ)",
        "100 Gram": "1250 kJ"
      },
      {
        "Näringsvärde": "Fett",
        "100 Gram": "3 g"
      },
      {
        "Näringsvärde": "Varav mättat fett",
        "100 Gram": "0.6 g"
      },
      {
        "Näringsvärde": "Kolhydrat",
        "100 Gram": "56 g"
      },
      {
        "Näringsvärde": "Varav sockerarter",
        "100 Gram": "8.7 g"
      },
      {
        "Näringsvärde": "Fiber",
        "100 Gram": "2.2 g"
      },
      {
        "Näringsvärde": "Protein",
        "100 Gram": "9.9 g"
      },
      {
        "Näringsvärde": "Salt",
        "100 Gram": "0.88 g"
      }
    ],
    "nutritionUnitText": "Näringsvärde per 100 gram",
    "categories": {
      "mainCategory": "Bröd & Kakor",
      "subCategories": [
        {
          "name": "Matbröd",
          "subSubCategories": [
            "Mjukt tunnbröd & Vetekakor",
            "Mjukt tunnbröd"
          ]
        }
      ]
    }
  },
  {
    "name": "Kex Rye snack Sour creme & onion 150g Finn crisp",
    "weightText": "0.15 kg",
    "caPart": "",
    "weightValue": 0.15,
    "weightUnit": "kg",
    "comparePrice": "163,33 kr/kg",
    "currentPrice": 24.5,
    "attributes": [],
    "imgUrl": "https://handlaprivatkund.ica.se/images-v3/bf7a00ca-390e-4769-865f-dc369586872e/3e8c42ea-43f5-4d6a-9d31-e7ccb5a4cb4d/500x500.jpg",
    "productInformation": "Rye Snacks Sourcream & Onion är bakade med 100% fullkornsråg, solrosolja och toppade med kryddor. De innehåller 60% mindre fett jämfört med vanliga potatischips och perfekta till fredagsmyset, festliga tillfällen med familj och vänner, som mellanmål, med eller utan dipp eller varför inte på språng!",
    "countryText": "",
    "companyText": "Finn Crisp",
    "ingrediensText": "FullkornsRÅGmjöl 79 %, solrosolja, kryddblandning [maltodextrin, salt, druvsocker, torkad lök, naturlig arom, jästpulver, torkad persilja, jästextrakt, gräddfilspulver (MJÖLK), surhetsreglerande medel (mjölksyra, kalciumlaktat), torkad vitlök, antioxidanter (rosmarinextrakt, askorbylpalmitat)], vatten, jäst. Kan innehålla spår av sesamfrön.",
    "storage": "Förvaras torrt och mörkt. Lägsta förvaringstemperatur 15°C Högsta förvaringstemperatur 25°C",
    "allergens": "Innehåller Mjölk Kan innehålla Sesamfrön Innehåller Spannmål som innehåller gluten",
    "usage": "",
    "nutrition": [
      {
        "Näringsvärde": "Energi (kcal)",
        "100 Gram": "399 kcal"
      },
      {
        "Näringsvärde": "Energi (kJ)",
        "100 Gram": "1668 kJ"
      },
      {
        "Näringsvärde": "Fett",
        "100 Gram": "11 g"
      },
      {
        "Näringsvärde": "Varav mättat fett",
        "100 Gram": "1.1 g"
      },
      {
        "Näringsvärde": "Kolhydrat",
        "100 Gram": "57 g"
      },
      {
        "Näringsvärde": "Varav sockerarter",
        "100 Gram": "2.3 g"
      },
      {
        "Näringsvärde": "Fiber",
        "100 Gram": "17 g"
      },
      {
        "Näringsvärde": "Protein",
        "100 Gram": "9.2 g"
      },
      {
        "Näringsvärde": "Salt",
        "100 Gram": "1.4 g"
      }
    ],
    "nutritionUnitText": "Näringsvärde per 100 gram",
    "categories": {
      "mainCategory": "Bröd & Kakor",
      "subCategories": [
        {
          "name": "Knäckebröd & Skorpor",
          "subSubCategories": [
            "Knäckebröd",
            "Knäckesnacks"
          ]
        }
      ]
    }
  },
  {
    "name": "Knäckebröd Sesam Havssalt Glutenfri 240g Wasa",
    "weightText": "0.24 kg",
    "caPart": "",
    "weightValue": 0.24,
    "weightUnit": "kg",
    "comparePrice": "108,13 kr/kg",
    "currentPrice": 25.95,
    "attributes": [
      "Glutenfritt",
      "Laktosfritt"
    ],
    "imgUrl": "https://handlaprivatkund.ica.se/images-v3/bf7a00ca-390e-4769-865f-dc369586872e/2ada01dd-ebca-4185-8a1d-ab92a97ce426/500x500.jpg",
    "productInformation": "Wasa Knäckebröd Sesam & Havssalt Glutenfri är ett läckert knäcke med en delikat smak. Detta är både ett laktosfritt och glutenfritt knäckebröd, som dessutom är helt veganskt och 100% klimatkompenserat. Med en hint av havssalt samt läckert rostade sesamfrön ger det brödet en lätt nötig smak. Wasa Knäckebröd Sesam & Havssalt Glutenfri kommer i praktiska portionsförpackningar så att brödet håller sig krispigt och färskt.",
    "countryText": "",
    "companyText": "Wasa",
    "ingrediensText": "Ingredienser: Potatisstärkelse, SESAMFRÖN 9%, amarantmjöl, rismjöl, solrosolja, sockerrörfiber, socker, rissurdegspulver (rismjöl, vatten), jäst, förtjockningsmedel (hydroxipropylmetylcellulosa), emulgeringsmedel (mono- och diglycerider av fettsyror), risprotein, salt, havssalt 0,4%. Kan innehålla spår av SOJABÖNOR, SENAP och laktosfri MJÖLK.",
    "storage": "",
    "allergens": "Kan innehålla Mjölk Innehåller Sesamfrön",
    "usage": "",
    "nutrition": [
      {
        "Näringsvärde": "Energi (kcal)",
        "100 Gram": "414 kcal"
      },
      {
        "Näringsvärde": "Energi (kJ)",
        "100 Gram": "1740 kJ"
      },
      {
        "Näringsvärde": "Fett",
        "100 Gram": "12 g"
      },
      {
        "Näringsvärde": "Varav mättat fett",
        "100 Gram": "1.6 g"
      },
      {
        "Näringsvärde": "Kolhydrat",
        "100 Gram": "66 g"
      },
      {
        "Näringsvärde": "Varav sockerarter",
        "100 Gram": "2 g"
      },
      {
        "Näringsvärde": "Fiber",
        "100 Gram": "9 g"
      },
      {
        "Näringsvärde": "Protein",
        "100 Gram": "6 g"
      },
      {
        "Näringsvärde": "Salt",
        "100 Gram": "1.4 g"
      }
    ],
    "nutritionUnitText": "Näringsvärde per 100 gram",
    "categories": {
      "mainCategory": "Bröd & Kakor",
      "subCategories": [
        {
          "name": "Glutenfritt bröd & Kakor",
          "subSubCategories": [
            "Glutenfritt knäckebröd"
          ]
        }
      ]
    }
  },
  {
    "name": "Knäckebröd Falu Råg-Rut Chia & Havssalt 235g Wasa",
    "weightText": "0.235 kg",
    "caPart": "",
    "weightValue": 0.235,
    "weightUnit": "kg",
    "comparePrice": "110,43 kr/kg",
    "currentPrice": 25.95,
    "attributes": [
      "Nyckelhålet"
    ],
    "imgUrl": "https://handlaprivatkund.ica.se/images-v3/bf7a00ca-390e-4769-865f-dc369586872e/401adf21-dde0-4147-a32e-610b6f524cd1/500x500.jpg",
    "productInformation": "Knäckebrödet Falu Råg-rut är ett klassiskt knäckebröd som blivit mångas favorit. Falu Rågrut Chia & Havssalt är ett smakrikt och spännande alternativ med en rund, nötig karaktär. Vårt knäcke är bakat på fullkornsmjöl av råg med mycket fiber. Falu Rågrut Chia & Havssalt erbjuder förutom en helt ny smakupplevelse, självklart samma frasiga luftkuddar i perfekta rader. Bryt det på mitten för att få två bröd, eller använd kuddarna som krutonger i soppan eller salladen. Chiaknäcke blir en näringsrik start på dagen eller ett gott mellanmål. Wasa 100% klimatkompenserat.",
    "countryText": "",
    "companyText": "Wasa",
    "ingrediensText": "FULLKORNSRÅGMJÖL/FULLKORNSRUGMEL (101 g*), chiafrön/frø (Salvia hispanica) (3,8 g*), jäst/gjær, havssalt (0,9 g*), mältat KORN/maltet BYGG, salt. *g för/for 100 g produkt. Kan innehålla spår av SESAMFRÖN./Kan indeholde spor av SESAMFRØ.",
    "storage": "",
    "allergens": "",
    "usage": "",
    "nutrition": [
      {
        "Näringsvärde": "Energi (kcal)",
        "100 Gram": "343 kcal"
      },
      {
        "Näringsvärde": "Energi (kJ)",
        "100 Gram": "1444 kJ"
      },
      {
        "Näringsvärde": "Fett",
        "100 Gram": "3 g"
      },
      {
        "Näringsvärde": "Varav mättat fett",
        "100 Gram": "0.4 g"
      },
      {
        "Näringsvärde": "Kolhydrat",
        "100 Gram": "59 g"
      },
      {
        "Näringsvärde": "Varav sockerarter",
        "100 Gram": "1 g"
      },
      {
        "Näringsvärde": "Fiber",
        "100 Gram": "20 g"
      },
      {
        "Näringsvärde": "Protein",
        "100 Gram": "10 g"
      },
      {
        "Näringsvärde": "Salt",
        "100 Gram": "1.2 g"
      }
    ],
    "nutritionUnitText": "Näringsvärde per 100 gram",
    "categories": {
      "mainCategory": "Bröd & Kakor",
      "subCategories": [
        {
          "name": "Knäckebröd & Skorpor",
          "subSubCategories": [
            "Knäckebröd",
            "Mörkt knäckebröd"
          ]
        }
      ]
    }
  },
  {
    "name": "Korvbröd Stora Durum 8-p 400g Korvbrödsbagarn",
    "weightText": "0.4 kg",
    "caPart": "",
    "weightValue": 0.4,
    "weightUnit": "kg",
    "comparePrice": "86,25 kr/kg",
    "currentPrice": 34.5,
    "attributes": [
      "Från Sverige",
      "Ursprungsland Sverige",
      "Laktosfritt"
    ],
    "imgUrl": "https://handlaprivatkund.ica.se/images-v3/bf7a00ca-390e-4769-865f-dc369586872e/d810cb47-9f29-46cc-9986-3c3791cd74f3/500x500.jpg",
    "productInformation": "Durum korvbröd är ett lite större bröd med mycket smak. Det är bakat på durumvete och toppat med mannagryn och psylliumfrö.",
    "countryText": "Sverige",
    "companyText": "Korvbrödsbagarn",
    "ingrediensText": "Ingredienser: VETEMJÖL*, vatten*, DURUMVETEMJÖL (10%)*, invertsocker*, VETEGLUTEN, rapsolja*, potatisflingor (1,8 % DE), potatisstärkelse* (1,7%), jäst*, mannagryn (VETE)*, salt, VETESKÅLLNING*, psylliumfrön, vegetabiliskt emulgeringsmedel (E471, E481), fermenterat VETEMJÖL, arom, maltmjöl av KORN, mjölbehandlingsmedel (E300), stabiliseringsmedel (E466).Kan innehålla spår av SESAMFRÖ.*Råvaran har svenskt ursprung.",
    "storage": "Förvara i sin förpackning i rumstemperatur.",
    "allergens": "",
    "usage": "Rosta gärna innan servering.",
    "nutrition": [
      {
        "Näringsvärde": "Energi (kcal)",
        "100 Gram": "285 kcal"
      },
      {
        "Näringsvärde": "Energi (kJ)",
        "100 Gram": "1208 kJ"
      },
      {
        "Näringsvärde": "Fett",
        "100 Gram": "5.2 g"
      },
      {
        "Näringsvärde": "Varav mättat fett",
        "100 Gram": "0.9 g"
      },
      {
        "Näringsvärde": "Kolhydrat",
        "100 Gram": "48 g"
      },
      {
        "Näringsvärde": "Varav sockerarter",
        "100 Gram": "4.8 g"
      },
      {
        "Näringsvärde": "Fiber",
        "100 Gram": "2.5 g"
      },
      {
        "Näringsvärde": "Protein",
        "100 Gram": "10 g"
      },
      {
        "Näringsvärde": "Salt",
        "100 Gram": "1.37 g"
      }
    ],
    "nutritionUnitText": "Näringsvärde per 100 gram",
    "categories": {
      "mainCategory": "Bröd & Kakor",
      "subCategories": [
        {
          "name": "Korvbröd, Hamburgerbröd & Maträttsbröd",
          "subSubCategories": [
            "Korvbröd"
          ]
        }
      ]
    }
  },
  {
    "name": "Knäckebröd Runda Sesam & Havssalt 290g Wasa",
    "weightText": "0.29 kg",
    "caPart": "",
    "weightValue": 0.29,
    "weightUnit": "kg",
    "comparePrice": "91,38 kr/kg",
    "currentPrice": 26.5,
    "attributes": [],
    "imgUrl": "https://handlaprivatkund.ica.se/images-v3/bf7a00ca-390e-4769-865f-dc369586872e/95a0e488-5ddd-4c65-8551-ca80c95a01ea/500x500.jpg",
    "productInformation": "Wasa Knäckebröd Runda Sesam & Havssalt är ett ljust knäckebröd med en lätt nötig smak från de rostade sesamfröna. Det här är ett lite mindre och runt veteknäcke med mild smak, toppat med havssalt. Du kan avnjuta detta knäckebröd med frön precis som det är eller med ett gott pålägg. Wasa hårdbröd med sesamfrö och havssalt är ett ljuvligt tillbehör till lite lyxigare varor från delikatessdisken. Servera det som förrätt, till ostbrickan eller avnjut som ett mellanmål. Wasas veteknäckebröd med sesam och havssalt är 100% klimatkompenserat.",
    "countryText": "",
    "companyText": "Wasa",
    "ingrediensText": "ngredienser: VETEmjöl 87%, SESAMFRÖN 7,2%, solrosfröolja, jäst, socker, salt, havssalt 0,5%. Kan innehålla spår av LUPIN, MJÖLK, SENAP och SOJABÖNOR.",
    "storage": "",
    "allergens": "",
    "usage": "",
    "nutrition": [
      {
        "Näringsvärde": "Energi (kcal)",
        "100 Gram": "409 kcal"
      },
      {
        "Näringsvärde": "Energi (kJ)",
        "100 Gram": "1721 kJ"
      },
      {
        "Näringsvärde": "Fett",
        "100 Gram": "11 g"
      },
      {
        "Näringsvärde": "Varav mättat fett",
        "100 Gram": "1.2 g"
      },
      {
        "Näringsvärde": "Kolhydrat",
        "100 Gram": "62 g"
      },
      {
        "Näringsvärde": "Varav sockerarter",
        "100 Gram": "2 g"
      },
      {
        "Näringsvärde": "Fiber",
        "100 Gram": "7 g"
      },
      {
        "Näringsvärde": "Protein",
        "100 Gram": "12 g"
      },
      {
        "Näringsvärde": "Salt",
        "100 Gram": "1.2 g"
      }
    ],
    "nutritionUnitText": "Näringsvärde per 100 gram",
    "categories": {
      "mainCategory": "Bröd & Kakor",
      "subCategories": [
        {
          "name": "Knäckebröd & Skorpor",
          "subSubCategories": [
            "Knäckebröd",
            "Ljust knäckebröd"
          ]
        }
      ]
    }
  },
  {
    "name": "Grova Glutenfri Fryst 500g Fria",
    "weightText": "0.5 kg",
    "caPart": "",
    "weightValue": 0.5,
    "weightUnit": "kg",
    "comparePrice": "65,90 kr/kg",
    "currentPrice": 32.95,
    "attributes": [
      "Glutenfritt",
      "Laktosfritt"
    ],
    "imgUrl": "https://handlaprivatkund.ica.se/images-v3/bf7a00ca-390e-4769-865f-dc369586872e/0933fafe-eba8-41fa-b311-3d882a092622/500x500.jpg",
    "productInformation": "Ett lätt kumminkryddat grovt bröd med linfrön. En Friaklassiker med mycket smak som också är riktigt god att rosta. Grova är ett av våra mest omtyckta bröd och har hängt med sedan starten 1996. Gluten-, laktos och mjölkproteinfritt.",
    "countryText": "",
    "companyText": "Fria",
    "ingrediensText": "GLUTENFRI VETESTÄRKELSE, vatten, sirap, GLUTENFRITT MALTEXTRAKT (KORN), jäst, förtjockningsmedel (cellulosagummi, guarkärnmjöl, xantangummi), maltodextrin (majs), rapsolja, sockerbetsfiber, linfrö 1,4 %, psylliumfröskal, kummin, emulgeringsmedel (lecitin [raps], mono- och diglycerider av fettsyror [veg.]), majsstärkelse, salt, aromer. KAN INNEHÅLLA SPÅR AV ÄGG.",
    "storage": "Lägsta förvaringstemperatur -30°C Högsta förvaringstemperatur -18°C",
    "allergens": "Kan innehålla Ägg",
    "usage": "",
    "nutrition": [
      {
        "Näringsvärde": "Energi (kcal)",
        "100 Gram": "260 kcal"
      },
      {
        "Näringsvärde": "Energi (kJ)",
        "100 Gram": "1100 kJ"
      },
      {
        "Näringsvärde": "Fett",
        "100 Gram": "3.8 g"
      },
      {
        "Näringsvärde": "Varav mättat fett",
        "100 Gram": "0.6 g"
      },
      {
        "Näringsvärde": "Kolhydrat",
        "100 Gram": "53 g"
      },
      {
        "Näringsvärde": "Varav sockerarter",
        "100 Gram": "8.3 g"
      },
      {
        "Näringsvärde": "Fiber",
        "100 Gram": "5.4 g"
      },
      {
        "Näringsvärde": "Protein",
        "100 Gram": "1.2 g"
      },
      {
        "Näringsvärde": "Salt",
        "100 Gram": "1.3 g"
      }
    ],
    "nutritionUnitText": "Näringsvärde per 100 gram",
    "categories": {
      "mainCategory": "Bröd & Kakor",
      "subCategories": [
        {
          "name": "Glutenfritt bröd & Kakor",
          "subSubCategories": [
            "Glutenfritt bröd",
            "Glutenfritt fryst bröd"
          ]
        }
      ]
    }
  },
  {
    "name": "Croissanter 8-p 480g Hatting",
    "weightText": "0.48 kg",
    "caPart": "",
    "weightValue": 0.48,
    "weightUnit": "kg",
    "comparePrice": "92,71 kr/kg",
    "currentPrice": 44.5,
    "attributes": [],
    "imgUrl": "https://handlaprivatkund.ica.se/images-v3/bf7a00ca-390e-4769-865f-dc369586872e/8e5348db-5474-4fbf-81bd-7a35242e9425/500x500.jpg",
    "productInformation": "",
    "countryText": "",
    "companyText": "Hatting",
    "ingrediensText": "VETEMJÖL, vatten, SMÖR 16%, socker, jäst, salt, VETEGLUTEN, torrjäst, mjölbehandlingsmedel (E300, enzymer), ÄGG. Dekoration: ÄGG. Kan innehålla spår av hasselnötter och mandel.",
    "storage": "Högsta förvaringstemperatur -18°C",
    "allergens": "Innehåller Spannmål som innehåller gluten Kan innehålla Nötter (eng: tree nuts) Innehåller Ägg Innehåller Mjölk",
    "usage": "",
    "nutrition": [
      {
        "Näringsvärde": "Energi (kcal)",
        "100 Gram": "319 kcal"
      },
      {
        "Näringsvärde": "Energi (kJ)",
        "100 Gram": "1335 kJ"
      },
      {
        "Näringsvärde": "Fett",
        "100 Gram": "14 g"
      },
      {
        "Näringsvärde": "Varav mättat fett",
        "100 Gram": "9.3 g"
      },
      {
        "Näringsvärde": "Kolhydrat",
        "100 Gram": "41 g"
      },
      {
        "Näringsvärde": "Varav sockerarter",
        "100 Gram": "6.7 g"
      },
      {
        "Näringsvärde": "Fiber",
        "100 Gram": "1.7 g"
      },
      {
        "Näringsvärde": "Protein",
        "100 Gram": "6.9 g"
      },
      {
        "Näringsvärde": "Salt",
        "100 Gram": "1 g"
      }
    ],
    "nutritionUnitText": "Näringsvärde per 100 gram",
    "categories": {
      "mainCategory": "Bröd & Kakor",
      "subCategories": [
        {
          "name": "Kaffebröd",
          "subSubCategories": [
            "Fryst fikabröd"
          ]
        }
      ]
    }
  },
  {
    "name": "Daimtårta Glutenfri Fryst 400g Almondy",
    "weightText": "0.4 kg",
    "caPart": "",
    "weightValue": 0.4,
    "weightUnit": "kg",
    "comparePrice": "137,38 kr/kg",
    "currentPrice": 54.95,
    "attributes": [
      "Glutenfritt"
    ],
    "imgUrl": "https://handlaprivatkund.ica.se/images-v3/bf7a00ca-390e-4769-865f-dc369586872e/d398f585-cafd-45bf-9780-cdcc1a4c97b2/500x500.jpg",
    "productInformation": "",
    "countryText": "",
    "companyText": "Almondy",
    "ingrediensText": "INGREDIENSER: Socker, ÄGGVITA, GRÄDDE, vegetabiliskt fett (palm, raps, shea), ÄGGULA, KÄRNMJÖLKSPULVER, MANDEL (4,5%), solroskärnor, kakaosmör, aprikoskärnor, vasslepulver (från MJÖLK), kakaomassa, SKUMMJÖLKSPULVER, SMÖRFETT, sockrad kondenserad SKUMMJÖLK, invertsockersirap, farinsocker, salt, emulgeringsmedel (SOJALECITIN), arom. KAN INNEHÅLLA SPÅR AV JORDNÖTTER OCH ANDRA NÖTTER.",
    "storage": "Högsta förvaringstemperatur -18°C",
    "allergens": "Kan innehålla spår av Nötter, Jordnötter.",
    "usage": "",
    "nutrition": [],
    "nutritionUnitText": "",
    "categories": {
      "mainCategory": "Bröd & Kakor",
      "subCategories": [
        {
          "name": "Kaffebröd",
          "subSubCategories": [
            "Tårtor & Pajer",
            "Frysta tårtor & Pajer"
          ]
        }
      ]
    }
  },
  {
    "name": "TranbärsLycka 650g Pågen",
    "weightText": "0.65 kg",
    "caPart": "",
    "weightValue": 0.65,
    "weightUnit": "kg",
    "comparePrice": "55,31 kr/kg",
    "currentPrice": 35.95,
    "attributes": [],
    "imgUrl": "https://handlaprivatkund.ica.se/images-v3/bf7a00ca-390e-4769-865f-dc369586872e/b209c022-3ee5-48e5-88cc-a53227b6fbbd/500x500.jpg",
    "productInformation": "Ett härligt luftigt bröd där den fylliga, söta smaken av tranbär möter den nötiga karaktären av klippt råg och solrosfrön. Tranbärslycka är ett smakrikt bröd som passar perfekt till frukost, mellis eller när du behöver fylla på med energi – en favorit för både små och stora. Glädje i varje skiva! \n \n Fullkornshalten i brödet är 16% vilket motsvarar 24% av torrvikten. SVENSKT MJÖL Mer än 90% mjöl från svenskodlat spannmål malt i egen kvarn.",
    "countryText": "",
    "companyText": "Pågen",
    "ingrediensText": "VETEmjöl, vatten, klippt fullkornsRÅG* (7%), fullkornsVETEmjöl*, siktat RÅGmjöl, surdeg på VETE, VETEgluten, tranbär (3%), socker, solrosfrö (2%), rapsolja, HAVREgryn*, äpple, malt av KORN, jäst, salt, surhetsreglerande medel (citronsyra), mjölbehandlingsmedel (askorbinsyra). * Fullkornsingrediens.",
    "storage": "Lägsta förvaringstemperatur 10°C Högsta förvaringstemperatur 40°C",
    "allergens": "",
    "usage": "",
    "nutrition": [
      {
        "Näringsvärde": "Energi (kcal)",
        "100 Gram": "271 kcal"
      },
      {
        "Näringsvärde": "Energi (kJ)",
        "100 Gram": "1144 kJ"
      },
      {
        "Näringsvärde": "Fett",
        "100 Gram": "4 g"
      },
      {
        "Näringsvärde": "Varav mättat fett",
        "100 Gram": "0.6 g"
      },
      {
        "Näringsvärde": "Kolhydrat",
        "100 Gram": "45 g"
      },
      {
        "Näringsvärde": "Varav sockerarter",
        "100 Gram": "8.4 g"
      },
      {
        "Näringsvärde": "Fiber",
        "100 Gram": "4.4 g"
      },
      {
        "Näringsvärde": "Protein",
        "100 Gram": "12 g"
      },
      {
        "Näringsvärde": "Salt",
        "100 Gram": "0.95 g"
      }
    ],
    "nutritionUnitText": "Näringsvärde per 100 gram",
    "categories": {
      "mainCategory": "Bröd & Kakor",
      "subCategories": [
        {
          "name": "Matbröd",
          "subSubCategories": [
            "Mörkt & Grovt bröd",
            "Mörkt skivat bröd"
          ]
        }
      ]
    }
  },
  {
    "name": "Vita toast formbröd Glutenfri Fryst 500g Fria",
    "weightText": "0.5 kg",
    "caPart": "",
    "weightValue": 0.5,
    "weightUnit": "kg",
    "comparePrice": "65,90 kr/kg",
    "currentPrice": 32.95,
    "attributes": [
      "Glutenfritt",
      "Laktosfritt"
    ],
    "imgUrl": "https://handlaprivatkund.ica.se/images-v3/bf7a00ca-390e-4769-865f-dc369586872e/d04ac887-1025-4659-9e14-6c264595df13/500x500.jpg",
    "productInformation": "Frias mjuka formfranska. Perfekt som rostbröd eller som sandwich tillsammans med ditt favoritpålägg. Vita Toast är en favorit för hela familjen. Gluten-, laktos och mjölkproteinfri.",
    "countryText": "",
    "companyText": "Fria",
    "ingrediensText": "GLUTENFRI VETESTÄRKELSE, vatten, GLUTENFRITT MALTEXTRAKT (KORN), förtjockningsmedel (cellulosagummi, guarkärnmjöl, xantangummi), jäst, rapsolja, socker, maltodextrin (majs), psylliumfröskal, majsstärkelse, ärtprotein, emulgeringsmedel (lecitin [raps], mono- och diglycerider av fettsyror [veg.]), salt, aromer. KAN INNEHÅLLA SPÅR AV ÄGG.",
    "storage": "Lägsta förvaringstemperatur -30°C Högsta förvaringstemperatur -18°C",
    "allergens": "Kan innehålla Ägg",
    "usage": "",
    "nutrition": [
      {
        "Näringsvärde": "Energi (kcal)",
        "100 Gram": "260 kcal"
      },
      {
        "Näringsvärde": "Energi (kJ)",
        "100 Gram": "1100 kJ"
      },
      {
        "Näringsvärde": "Fett",
        "100 Gram": "3.8 g"
      },
      {
        "Näringsvärde": "Varav mättat fett",
        "100 Gram": "0.6 g"
      },
      {
        "Näringsvärde": "Kolhydrat",
        "100 Gram": "52 g"
      },
      {
        "Näringsvärde": "Varav sockerarter",
        "100 Gram": "4.3 g"
      },
      {
        "Näringsvärde": "Fiber",
        "100 Gram": "4.1 g"
      },
      {
        "Näringsvärde": "Protein",
        "100 Gram": "1.5 g"
      },
      {
        "Näringsvärde": "Salt",
        "100 Gram": "1.3 g"
      }
    ],
    "nutritionUnitText": "Näringsvärde per 100 gram",
    "categories": {
      "mainCategory": "Bröd & Kakor",
      "subCategories": [
        {
          "name": "Glutenfritt bröd & Kakor",
          "subSubCategories": [
            "Glutenfritt bröd",
            "Glutenfritt fryst bröd"
          ]
        }
      ]
    }
  },
  {
    "name": "Tuc Paprika 100g Lu",
    "weightText": "0.1 kg",
    "caPart": "",
    "weightValue": 0.1,
    "weightUnit": "kg",
    "comparePrice": "139,50 kr/kg",
    "currentPrice": 13.95,
    "attributes": [],
    "imgUrl": "https://handlaprivatkund.ica.se/images-v3/bf7a00ca-390e-4769-865f-dc369586872e/5bc65621-cb40-4eec-a364-6cbe62d2f15f/500x500.jpg",
    "productInformation": "Tuc Paprika- Tunna, spröda ugnsbakade kex med paprikasmak. Goda att äta bara som de är, som snacks eller till ostbrickan.",
    "countryText": "",
    "companyText": "Lu",
    "ingrediensText": "Ingredienser: VETEMJÖL/HVEDEMEL, palmolja/palmeolie, glukossirap bakpulver/hævemidler (ammoniumkarbonater, natriumkarbonater), salt, kryddor/krydderier (paprika 0,8 %, peppar/peber), smakförstärkare/smagsforstærker (mononatriumglutamat), lök-/løgpulver, hydrolyserad vegetabilisk protein, vitlöks-/hvidløgspulver, arom, mjölbehandlingsmedel/melbehandlingsmiddel (NATRIUMDISULFIT), jästextrakt/gærekstrakt, rökarom/røykaroma.KAN INNEHÅLLA ÄGG, SOJA, MJÖLK. KAN INDEHOLDE ÆG, SOJA, MÆLK. KAN INNEHOLDE EGG, SOYA, MELK.",
    "storage": "",
    "allergens": "",
    "usage": "",
    "nutrition": [
      {
        "Näringsvärde": "Energi (kcal)",
        "100 Gram": "494 kcal"
      },
      {
        "Näringsvärde": "Energi (kJ)",
        "100 Gram": "2071 kJ"
      },
      {
        "Näringsvärde": "Fett",
        "100 Gram": "23 g"
      },
      {
        "Näringsvärde": "Varav mättat fett",
        "100 Gram": "10 g"
      },
      {
        "Näringsvärde": "Kolhydrat",
        "100 Gram": "63 g"
      },
      {
        "Näringsvärde": "Varav sockerarter",
        "100 Gram": "4.3 g"
      },
      {
        "Näringsvärde": "Fiber",
        "100 Gram": "2.5 g"
      },
      {
        "Näringsvärde": "Protein",
        "100 Gram": "8 g"
      },
      {
        "Näringsvärde": "Salt",
        "100 Gram": "2 g"
      }
    ],
    "nutritionUnitText": "Näringsvärde per 100 gram",
    "categories": {
      "mainCategory": "Bröd & Kakor",
      "subCategories": [
        {
          "name": "Kaffebröd",
          "subSubCategories": [
            "Kex & kakor",
            "Matkex",
            "Kex till ost"
          ]
        }
      ]
    }
  },
  {
    "name": "Mjuka Fröbitar 360 g Fazer",
    "weightText": "0.36 kg",
    "caPart": "",
    "weightValue": 0.36,
    "weightUnit": "kg",
    "comparePrice": "87,50 kr/kg",
    "currentPrice": 31.5,
    "attributes": [
      "Från Sverige",
      "Nyckelhålet",
      "Ursprungsland Sverige"
    ],
    "imgUrl": "https://handlaprivatkund.ica.se/images-v3/bf7a00ca-390e-4769-865f-dc369586872e/87186c79-1709-471b-a1a7-8e9bb2fddad8/500x500.jpg",
    "productInformation": "Mjuka Fröbitar är precis som namnet säger, mjuka och saftiga portionsbröd bakade på vår egen surdeg, solrosfrön och linfrön. Ett bröd rikt på smak och en källa till kostfiber och protein.",
    "countryText": "Sverige",
    "companyText": "Fazer",
    "ingrediensText": "Mjöl (VETE1, siktad RÅG1, fullkorn av VETE1, fullkorn av RÅG1), vatten, surdeg av fullkornsRÅGmjöl1 11 %, VETEkärnor1, VETEgluten, jäst1, RÅGkärnor1, linfrö2 2,0 %, solrosfrö2 1,8%, malt av KORN, havssalt, sirap1,2, konserveringsmedel (sorbinsyra), mjölbehandlingsmedel (askorbinsyra). 1Ursprung Sverige. 2Ursprung EU/Icke EU",
    "storage": "",
    "allergens": "",
    "usage": "",
    "nutrition": [
      {
        "Näringsvärde": "Energi (kcal)",
        "100 Gram": "210 kcal"
      },
      {
        "Näringsvärde": "Energi (kJ)",
        "100 Gram": "850 kJ"
      },
      {
        "Näringsvärde": "Fett",
        "100 Gram": "3.1 g"
      },
      {
        "Näringsvärde": "Varav mättat fett",
        "100 Gram": "0.5 g"
      },
      {
        "Näringsvärde": "Kolhydrat",
        "100 Gram": "34 g"
      },
      {
        "Näringsvärde": "Varav sockerarter",
        "100 Gram": "4.5 g"
      },
      {
        "Näringsvärde": "Fiber",
        "100 Gram": "5.2 g"
      },
      {
        "Näringsvärde": "Protein",
        "100 Gram": "8.8 g"
      },
      {
        "Näringsvärde": "Salt",
        "100 Gram": "1 g"
      }
    ],
    "nutritionUnitText": "Näringsvärde per 100 gram",
    "categories": {
      "mainCategory": "Bröd & Kakor",
      "subCategories": [
        {
          "name": "Matbröd",
          "subSubCategories": [
            "Mörkt & Grovt bröd",
            "Mörkt styckpackat bröd"
          ]
        }
      ]
    }
  },
  {
    "name": "Mjölkchoklad cookies 184g Marabou",
    "weightText": "0.184 kg",
    "caPart": "",
    "weightValue": 0.184,
    "weightUnit": "kg",
    "comparePrice": "189,95 kr/kg",
    "currentPrice": 34.95,
    "attributes": [],
    "imgUrl": "https://handlaprivatkund.ica.se/images-v3/bf7a00ca-390e-4769-865f-dc369586872e/69273c5c-2868-468b-9705-cabe22737a90/500x500.jpg",
    "productInformation": "Marabou Cookies Mjölkchoklad- Spröda kakor med härlig mjölkchoklad som fungerar lika bra vid fikabordet, mysstunden eller när du vill ha en härlig stund för dig själv.",
    "countryText": "",
    "companyText": "Marabou",
    "ingrediensText": "Ingredienser: Socker, VETEMJÖL, palmolja, HELMJÖLKSPULVER, kakaomassa, kakaosmör, vasslepulver (MJÖLK), bakpulver (ammoniumvätekarbonat, natriumvätekarbonat, dinatriumdifosfat), salt, emulgeringsmedel (SOJALECITIN), aromer, färgämne (betakaroten). KAN INNEHÅLLA NÖTTER OCH ÄGG.",
    "storage": "",
    "allergens": "",
    "usage": "",
    "nutrition": [
      {
        "Näringsvärde": "Energi (kcal)",
        "100 Gram": "510 kcal"
      },
      {
        "Näringsvärde": "Energi (kJ)",
        "100 Gram": "2131 kJ"
      },
      {
        "Näringsvärde": "Fett",
        "100 Gram": "27 g"
      },
      {
        "Näringsvärde": "Varav mättat fett",
        "100 Gram": "14 g"
      },
      {
        "Näringsvärde": "Kolhydrat",
        "100 Gram": "60 g"
      },
      {
        "Näringsvärde": "Varav sockerarter",
        "100 Gram": "37 g"
      },
      {
        "Näringsvärde": "Fiber",
        "100 Gram": "1.8 g"
      },
      {
        "Näringsvärde": "Protein",
        "100 Gram": "5.3 g"
      },
      {
        "Näringsvärde": "Salt",
        "100 Gram": "1.04 g"
      }
    ],
    "nutritionUnitText": "Näringsvärde per 100 gram",
    "categories": {
      "mainCategory": "Bröd & Kakor",
      "subCategories": [
        {
          "name": "Kaffebröd",
          "subSubCategories": [
            "Kex & kakor",
            "Söta kex & Kakor",
            "Cookies"
          ]
        }
      ]
    }
  },
  {
    "name": "Vaniljmunk 63g Dafgårds",
    "weightText": "0.063 kg",
    "caPart": "",
    "weightValue": 0.063,
    "weightUnit": "kg",
    "comparePrice": "157,94 kr/kg",
    "currentPrice": 9.95,
    "attributes": [],
    "imgUrl": "https://handlaprivatkund.ica.se/images-v3/bf7a00ca-390e-4769-865f-dc369586872e/86d53d69-6d71-4147-9a03-22637cb51ff4/500x500.jpg",
    "productInformation": "63g. Munk med fyllning av vaniljcrème.",
    "countryText": "",
    "companyText": "Dafgård",
    "ingrediensText": "VETEMJÖL, vatten, vegetabiliskt fett (palmolja, rapsolja), socker, jäst, ÄGGPULVER, emulgeringsmedel (E471, E472e, E322 solroslecitin), margarin [vegetabiliskt fett (palmolja, rapsolja, sheaolja), vatten, emulgeringsmedel E471, salt, arom, surhetsreglerande medel E330], LAKTOS, salt, vit sirap, VETEGLUTEN, ÄGGVITEPULVER, klumpförebyggande medel E170, glukossirap, bakpulver (E450, E500, E341), druvsocker, VETESTÄRKELSE, antioxidationsmedel E300. Vaniljfyllning 20% [vatten, socker, kokosfett, KÄRNMJÖLKSPULVER, modifierad stärkelse E1442, konserveringsmedel E202, salt, naturlig vaniljarom, färgämne (E160a, E101)]. Kan innehålla spår av hasselnötter och mandel. Upptinad",
    "storage": "Lägsta förvaringstemperatur -25°C Högsta förvaringstemperatur -18°C",
    "allergens": "",
    "usage": "",
    "nutrition": [
      {
        "Näringsvärde": "Energi (kcal)",
        "100 Gram": "313 kcal"
      },
      {
        "Näringsvärde": "Energi (kJ)",
        "100 Gram": "1302 kJ"
      },
      {
        "Näringsvärde": "Fett",
        "100 Gram": "15.5 g"
      },
      {
        "Näringsvärde": "Varav fleromättat fett",
        "100 Gram": "2.6 g"
      },
      {
        "Näringsvärde": "Varav mättat fett",
        "100 Gram": "6.3 g"
      },
      {
        "Näringsvärde": "Varav enkelomättat fett",
        "100 Gram": "6.6 g"
      },
      {
        "Näringsvärde": "Kolhydrat",
        "100 Gram": "36.8 g"
      },
      {
        "Näringsvärde": "Varav sockerarter",
        "100 Gram": "13.3 g"
      },
      {
        "Näringsvärde": "Fiber",
        "100 Gram": "1.3 g"
      },
      {
        "Näringsvärde": "Protein",
        "100 Gram": "5.6 g"
      },
      {
        "Näringsvärde": "Salt",
        "100 Gram": "0.7 g"
      }
    ],
    "nutritionUnitText": "",
    "categories": {
      "mainCategory": "Bröd & Kakor",
      "subCategories": [
        {
          "name": "Kaffebröd",
          "subSubCategories": [
            "Mjuka kakor & Muffins",
            "Muffins"
          ]
        }
      ]
    }
  },
  {
    "name": "Pitabröd 350g 5-p Schysst käk",
    "weightText": "0.35 kg",
    "caPart": "",
    "weightValue": 0.35,
    "weightUnit": "kg",
    "comparePrice": "45,57 kr/kg",
    "currentPrice": 15.95,
    "attributes": [
      "Från Sverige"
    ],
    "imgUrl": "https://handlaprivatkund.ica.se/images-v3/bf7a00ca-390e-4769-865f-dc369586872e/27b060d3-b3c1-4719-94f0-ccbaa2f1cb0c/500x500.jpg",
    "productInformation": "Ett mjukt och följsamt pitabröd som smakar nybakat efter uppvärmning i brödrosten.",
    "countryText": "",
    "companyText": "Schysst käk",
    "ingrediensText": "VETEMJÖL*, vatten, socker, salt med jod, jäst. *Ursprung: Sverige",
    "storage": "Rumstemperatur",
    "allergens": "",
    "usage": "",
    "nutrition": [
      {
        "Näringsvärde": "Energi (kcal)",
        "100 Gram": "250 kcal"
      },
      {
        "Näringsvärde": "Energi (kJ)",
        "100 Gram": "1046 kJ"
      },
      {
        "Näringsvärde": "Fett",
        "100 Gram": "1 g"
      },
      {
        "Näringsvärde": "Varav mättat fett",
        "100 Gram": "0.1 g"
      },
      {
        "Näringsvärde": "Kolhydrat",
        "100 Gram": "50 g"
      },
      {
        "Näringsvärde": "Varav sockerarter",
        "100 Gram": "2.5 g"
      },
      {
        "Näringsvärde": "Protein",
        "100 Gram": "8.3 g"
      },
      {
        "Näringsvärde": "Salt",
        "100 Gram": "1.2 g"
      }
    ],
    "nutritionUnitText": "Näringsvärde per 100 gram",
    "categories": {
      "mainCategory": "Bröd & Kakor",
      "subCategories": [
        {
          "name": "Korvbröd, Hamburgerbröd & Maträttsbröd",
          "subSubCategories": [
            "Övriga maträttsbröd"
          ]
        }
      ]
    }
  },
  {
    "name": "Tunnbröd Abisko Mjölkfri 8-p 360g Polarbröd",
    "weightText": "0.36 kg",
    "caPart": "",
    "weightValue": 0.36,
    "weightUnit": "kg",
    "comparePrice": "70,83 kr/kg",
    "currentPrice": 25.5,
    "attributes": [
      "Från Sverige",
      "Ursprungsland Sverige"
    ],
    "imgUrl": "https://handlaprivatkund.ica.se/images-v3/bf7a00ca-390e-4769-865f-dc369586872e/27efe1f5-1f76-4ea2-ab42-43569d4dfc2c/500x500.jpg",
    "productInformation": "Ett mjukt surdegstunnbröd perfekt att rulla, vika, snitta eller wrappa. Abisko kan beskrivas som ett bröd med viss seghet, rostade toner och en mild surdegssmak. 8 st tunnbröd per förpackning. Mjölkfri och fri från konserveringsmedel, bakat i Norrland. Mjölkfri och fri från konserveringsmedel.Från Sverige, bakat i Norrland.PolarmetodenTM – Fryst direkt efter bakning. Vi vill göra världen lite godare: egen vindkraft, återvinningsbara förpackningar, mer hållbara transporter, 100% från växtriket.Tips: Det är supersmart att förvara bröd i frysen och tina efter behov!",
    "countryText": "Sverige",
    "companyText": "Polarbröd",
    "ingrediensText": "Ingredienser: VETEmjöl, siktat RÅGmjöl, vatten, surdeg (RÅG) (11%), sirap, socker, rapsolja, VETEGLUTEN, salt, vegetabiliskt emulgeringsmedel (mono- och diglycerider av fettsyror, mono- och diglyceriders mono- och diacetylvinsyraestrar), jäst, bakpulver (hjorthornssalt), maltmjöl (KORN). BAKAT I NORRLAND.",
    "storage": "Frys gärna in en del av bröden hemma och ta fram efter behov, så maxar du njutningen och minskar svinnet på en och samma gång.",
    "allergens": "",
    "usage": "Vi fryser vårt bröd så fort det kommer rykande ur ugnen, och tinar det på väg till dig. Hållbar i 7 dagar i rumstemperatur, se bäst-före-märkning på förpackningen.",
    "nutrition": [
      {
        "Näringsvärde": "Energi (kcal)",
        "100 Gram": "300 kcal"
      },
      {
        "Näringsvärde": "Energi (kJ)",
        "100 Gram": "1260 kJ"
      },
      {
        "Näringsvärde": "Fett",
        "100 Gram": "3.9 g"
      },
      {
        "Näringsvärde": "Varav mättat fett",
        "100 Gram": "0.7 g"
      },
      {
        "Näringsvärde": "Kolhydrat",
        "100 Gram": "55 g"
      },
      {
        "Näringsvärde": "Varav sockerarter",
        "100 Gram": "9.8 g"
      },
      {
        "Näringsvärde": "Fiber",
        "100 Gram": "3.9 g"
      },
      {
        "Näringsvärde": "Protein",
        "100 Gram": "8.9 g"
      },
      {
        "Näringsvärde": "Salt",
        "100 Gram": "0.88 g"
      }
    ],
    "nutritionUnitText": "Näringsvärde per 100 gram",
    "categories": {
      "mainCategory": "Bröd & Kakor",
      "subCategories": [
        {
          "name": "Matbröd",
          "subSubCategories": [
            "Mjukt tunnbröd & Vetekakor",
            "Mjukt tunnbröd"
          ]
        }
      ]
    }
  },
  {
    "name": "Riskakor med Ostsmak 125g Friggs",
    "weightText": "0.125 kg",
    "caPart": "",
    "weightValue": 0.125,
    "weightUnit": "kg",
    "comparePrice": "175,60 kr/kg",
    "currentPrice": 21.95,
    "attributes": [],
    "imgUrl": "https://handlaprivatkund.ica.se/images-v3/bf7a00ca-390e-4769-865f-dc369586872e/b993f02c-6cc4-438e-bd35-4e1c8de8425e/500x500.jpg",
    "productInformation": "Friggs Riskakor Ost har en god och mild smak av ost. Goda att njuta som de är eller med pålägg. Naturligt glutenfria och rika på fullkorn. Passar perfekt som snack eller mellanmål.",
    "countryText": "",
    "companyText": "Friggs",
    "ingrediensText": "Råris (fullkorn) (78 %), rapsolja, kryddblandning (9,8 %) (vasslepulver (från MJÖLK), OSTPULVER (13 %), salt, jästextrakt (jästextrakt, salt, solrosolja), arom (MJÖLK), surhetsreglerande medel (mjölksyra, kalciumlaktat), kryddextrakt (gurkmeja), färgämne (paprikaoleoresin)). Kan innehålla spår av soja och sesamfrön.",
    "storage": "Torrt, ej över normal rumstemperatur. Lägsta förvaringstemperatur 15°C Högsta förvaringstemperatur 25°C",
    "allergens": "Kan innehålla spår av Sesamfrön.",
    "usage": "",
    "nutrition": [
      {
        "Näringsvärde": "Energi (kcal)",
        "100 Gram": "440 kcal"
      },
      {
        "Näringsvärde": "Energi (kJ)",
        "100 Gram": "1850 kJ"
      },
      {
        "Näringsvärde": "Fett",
        "100 Gram": "16 g"
      },
      {
        "Näringsvärde": "Varav mättat fett",
        "100 Gram": "2 g"
      },
      {
        "Näringsvärde": "Kolhydrat",
        "100 Gram": "65 g"
      },
      {
        "Näringsvärde": "Varav sockerarter",
        "100 Gram": "5 g"
      },
      {
        "Näringsvärde": "Fiber",
        "100 Gram": "2.9 g"
      },
      {
        "Näringsvärde": "Protein",
        "100 Gram": "8.5 g"
      },
      {
        "Näringsvärde": "Salt",
        "100 Gram": "1.6 g"
      }
    ],
    "nutritionUnitText": "Näringsvärde per 100 gram",
    "categories": {
      "mainCategory": "Bröd & Kakor",
      "subCategories": [
        {
          "name": "Knäckebröd & Skorpor",
          "subSubCategories": [
            "Riskakor"
          ]
        }
      ]
    }
  },
  {
    "name": "Digestivekex 400g ICA Basic",
    "weightText": "0.4 kg",
    "caPart": "",
    "weightValue": 0.4,
    "weightUnit": "kg",
    "comparePrice": "24,88 kr/kg",
    "currentPrice": 9.95,
    "attributes": [],
    "imgUrl": "https://handlaprivatkund.ica.se/images-v3/bf7a00ca-390e-4769-865f-dc369586872e/db1bff1f-ac85-4e71-905d-33f87b7ca458/500x500.jpg",
    "productInformation": "Digestivekex passar till ostbrickan, på utflykten eller som mellanmål. Passar också i en cheesecake med syrlig ostfyllning och söta frukter.",
    "countryText": "",
    "companyText": "ICA Basic",
    "ingrediensText": "vetemjöl, palmolja, socker, fullkornsvetemjöl, glukosfruktossirap, bakpulver/hevemiddel (E500,E503,E334), salt.",
    "storage": "",
    "allergens": "",
    "usage": "",
    "nutrition": [
      {
        "Näringsvärde": "Energi (kcal)",
        "100 Gram": "490 kcal"
      },
      {
        "Näringsvärde": "Energi (kJ)",
        "100 Gram": "2050 kJ"
      },
      {
        "Näringsvärde": "Fett",
        "100 Gram": "22 g"
      },
      {
        "Näringsvärde": "Varav mättat fett",
        "100 Gram": "11 g"
      },
      {
        "Näringsvärde": "Kolhydrat",
        "100 Gram": "65 g"
      },
      {
        "Näringsvärde": "Varav sockerarter",
        "100 Gram": "18 g"
      },
      {
        "Näringsvärde": "Fiber",
        "100 Gram": "4 g"
      },
      {
        "Näringsvärde": "Protein",
        "100 Gram": "6.5 g"
      },
      {
        "Näringsvärde": "Salt",
        "100 Gram": "1.6 g"
      },
      {
        "Näringsvärde": "Natrium",
        "100 Gram": "640 mg"
      }
    ],
    "nutritionUnitText": "Näringsvärde per 100 gram",
    "categories": {
      "mainCategory": "Bröd & Kakor",
      "subCategories": [
        {
          "name": "Kaffebröd",
          "subSubCategories": [
            "Kex & kakor",
            "Matkex",
            "Digestivekex"
          ]
        }
      ]
    }
  },
  {
    "name": "Lussekatter Pågen",
    "weightText": "0.21 kg",
    "caPart": "",
    "weightValue": 0.21,
    "weightUnit": "kg",
    "comparePrice": "169,05 kr/kg",
    "currentPrice": 35.5,
    "attributes": [],
    "imgUrl": "https://handlaprivatkund.ica.se/images-v3/bf7a00ca-390e-4769-865f-dc369586872e/0ecf88c8-6b0a-42f6-b370-c08127e52f44/500x500.jpg",
    "productInformation": "Bjud på små, goda lussekatter till adventsfika. Bakade med vår finaste saffran och utan russin. Så goda när du vill ha något litet, är sugen på en till eller vill bjuda på flera. God jul!",
    "countryText": "",
    "companyText": "Pågen",
    "ingrediensText": "VETEmjöl, vatten, socker, vegetabilisk olja (raps), skumMJÖLK, ÄGG, surdeg på VETE, VETEgluten, jäst, malt av KORN, salt, bakpulver (E450, E500), vegetabiliskt emulgeringsmedel (E471), konserveringsmedel (E200, E282), saffran (0,04%), arom. Kan innehålla spår av MANDEL.",
    "storage": "Lägsta förvaringstemperatur 10°C Högsta förvaringstemperatur 40°C",
    "allergens": "Innehåller Spannmål som innehåller gluten Innehåller Mjölk Innehåller Ägg",
    "usage": "",
    "nutrition": [
      {
        "Näringsvärde": "Energi (kcal)",
        "100 Gram": "353 kcal"
      },
      {
        "Näringsvärde": "Energi (kJ)",
        "100 Gram": "1490 kJ"
      },
      {
        "Näringsvärde": "Fett",
        "100 Gram": "9.9 g"
      },
      {
        "Näringsvärde": "Varav mättat fett",
        "100 Gram": "1.3 g"
      },
      {
        "Näringsvärde": "Kolhydrat",
        "100 Gram": "54 g"
      },
      {
        "Näringsvärde": "Varav sockerarter",
        "100 Gram": "12 g"
      },
      {
        "Näringsvärde": "Protein",
        "100 Gram": "11 g"
      },
      {
        "Näringsvärde": "Salt",
        "100 Gram": "0.78 g"
      }
    ],
    "nutritionUnitText": "Näringsvärde per 100 gram",
    "categories": {
      "mainCategory": "Bröd & Kakor",
      "subCategories": [
        {
          "name": "Kaffebröd",
          "subSubCategories": [
            "Bullar & Vetelängder",
            "Bullar"
          ]
        }
      ]
    }
  },
  {
    "name": "Digestive Fullkorn 400g ICA",
    "weightText": "0.4 kg",
    "caPart": "",
    "weightValue": 0.4,
    "weightUnit": "kg",
    "comparePrice": "36,25 kr/kg",
    "currentPrice": 14.5,
    "attributes": [],
    "imgUrl": "https://handlaprivatkund.ica.se/images-v3/bf7a00ca-390e-4769-865f-dc369586872e/80c1e3db-235a-46c4-86d8-0e00a57bac8c/500x500.jpg",
    "productInformation": "ICA Digestive är ett gott fullkornskex. Det perfekta sällskap till osten på ostbrickan",
    "countryText": "",
    "companyText": "ICA",
    "ingrediensText": "FULLKORNSVETEMJÖL 37%, VETEMJÖL 22%, socker, solrosolja 17%, VETEFLINGOR 12%, invertsockersirap, bakpulver (E500, E330, E503), salt.",
    "storage": "Förvaras torrt och svalt, ej över normal rumstemperatur.",
    "allergens": "",
    "usage": "",
    "nutrition": [
      {
        "Näringsvärde": "Energi (kcal)",
        "100 Gram": "459 kcal"
      },
      {
        "Näringsvärde": "Energi (kJ)",
        "100 Gram": "1925 kJ"
      },
      {
        "Näringsvärde": "Fett",
        "100 Gram": "18 g"
      },
      {
        "Näringsvärde": "Varav mättat fett",
        "100 Gram": "1.6 g"
      },
      {
        "Näringsvärde": "Kolhydrat",
        "100 Gram": "65 g"
      },
      {
        "Näringsvärde": "Varav sockerarter",
        "100 Gram": "19 g"
      },
      {
        "Näringsvärde": "Fiber",
        "100 Gram": "5.8 g"
      },
      {
        "Näringsvärde": "Protein",
        "100 Gram": "7 g"
      },
      {
        "Näringsvärde": "Salt",
        "100 Gram": "1.2 g"
      }
    ],
    "nutritionUnitText": "Näringsvärde per 100 gram",
    "categories": {
      "mainCategory": "Bröd & Kakor",
      "subCategories": [
        {
          "name": "Kaffebröd",
          "subSubCategories": [
            "Kex & kakor",
            "Matkex",
            "Digestivekex"
          ]
        }
      ]
    }
  },
  {
    "name": "Choco moment 180g Marabou",
    "weightText": "0.18 kg",
    "caPart": "",
    "weightValue": 0.18,
    "weightUnit": "kg",
    "comparePrice": "194,17 kr/kg",
    "currentPrice": 34.95,
    "attributes": [],
    "imgUrl": "https://handlaprivatkund.ica.se/images-v3/bf7a00ca-390e-4769-865f-dc369586872e/6b59eab5-66ae-4377-ab47-70728dfcae0c/500x500.jpg",
    "productInformation": "Marabou Choco Moment Mjölkchoklad- Får vi lov att presentera en chokladig medlem i vår kexfamilj. Marabou Choco Moment med krispiga wafers och chokladkräm, täckta av härlig mjölkchoklad. Varje kaka är individuellt inslagen och fungerar lika bra vid fikabordet, mysstunden eller när du vill ha en härlig stund för dig själv.",
    "countryText": "",
    "companyText": "Marabou",
    "ingrediensText": "Ingredienser: MJÖLKCHOKLAD 60% (socker, kakaosmör, kakaomassa, SKUMMJÖLKSPULVER, vasslepulver (MJÖLK), MJÖLKFETT, emulgeringsmedel (SOJALECITIN), arom (vanillin)), VETEMJÖL, vegetabiliskt fett och vegetabilisk olja (palm, raps, kokosnöt), socker, vasslepulver (MJÖLK), fettreducerat kakao 2 %, emulgeringsmedel (SOJALECITIN), bakpulver (natriumvetekarbonat), salt, arom. KAN INNEHÅLLA ÄGG, NÖTTER",
    "storage": "",
    "allergens": "",
    "usage": "",
    "nutrition": [
      {
        "Näringsvärde": "Energi (kcal)",
        "100 Gram": "540 kcal"
      },
      {
        "Näringsvärde": "Energi (kJ)",
        "100 Gram": "2245 kJ"
      },
      {
        "Näringsvärde": "Fett",
        "100 Gram": "31 g"
      },
      {
        "Näringsvärde": "Varav mättat fett",
        "100 Gram": "17.5 g"
      },
      {
        "Näringsvärde": "Kolhydrat",
        "100 Gram": "56 g"
      },
      {
        "Näringsvärde": "Varav sockerarter",
        "100 Gram": "43 g"
      },
      {
        "Näringsvärde": "Fiber",
        "100 Gram": "2.3 g"
      },
      {
        "Näringsvärde": "Protein",
        "100 Gram": "6.7 g"
      },
      {
        "Näringsvärde": "Salt",
        "100 Gram": "0.45 g"
      }
    ],
    "nutritionUnitText": "Näringsvärde per 100 gram",
    "categories": {
      "mainCategory": "Bröd & Kakor",
      "subCategories": [
        {
          "name": "Kaffebröd",
          "subSubCategories": [
            "Kex & kakor",
            "Söta kex & Kakor",
            "Cookies"
          ]
        }
      ]
    }
  },
  {
    "name": "Sandwich Paprika 37g Wasa",
    "weightText": "0.037 kg",
    "caPart": "",
    "weightValue": 0.037,
    "weightUnit": "kg",
    "comparePrice": "256,76 kr/kg",
    "currentPrice": 9.5,
    "attributes": [],
    "imgUrl": "https://handlaprivatkund.ica.se/images-v3/bf7a00ca-390e-4769-865f-dc369586872e/56dbbbab-20c4-4b9e-b6d9-f4ae75e9ecdb/500x500.jpg",
    "productInformation": "Wasa Sandwich Paprika är en knäckemacka gjord på två skivor bröd med en krämig fyllning emellan. Vårt färdiga knäckebröd kommer i en smidig portionsförpackning med två knäckehalvor så att du enkelt kan avnjuta knäcket även på språng. Rågknäckebrödet är rikt på fibrer och fullkorn och kompletterar fyllningens milda smak av ost och paprika. Detta knäckebröd med fyllning är ett utmärkt mellanmål att alltid ha med i väskan. Vårt fullkornsknäckebröd med ost och paprika är även perfekt till frukost när du inte riktigt hinner med men vill ha ett näringsrikt alternativ. Wasa Sandwich Paprika är 100% klimatkompenserad.",
    "countryText": "",
    "companyText": "Wasa",
    "ingrediensText": "INGREDIENSER: RÅGknäckebröd (fullkornsRÅGmjöl 50%, RÅGmjöl 18,5%, jäst, salt), fyllning 36,5% (ostpulver 11% (MJÖLK), rapsolja, maltodextrin, sheasmör, KÄRNMJÖLKSpulver, naturlig paprika arom 1,5% (MJÖLK), naturlig arom (MJÖLK)). Kan innehålla spår av LUPIN, SENAP, SESAMFRÖN och SOJA.",
    "storage": "Förvaras torrt och mörkt.",
    "allergens": "Kan innehålla Lupin Kan innehålla Sesamfrön Kan innehålla Sojabönor Innehåller Mjölk Innehåller Spannmål som innehåller gluten",
    "usage": "",
    "nutrition": [
      {
        "Näringsvärde": "Energi (kcal)",
        "100 Gram": "451 kcal"
      },
      {
        "Näringsvärde": "Energi (kJ)",
        "100 Gram": "1884 kJ"
      },
      {
        "Näringsvärde": "Fett",
        "100 Gram": "21 g"
      },
      {
        "Näringsvärde": "Varav mättat fett",
        "100 Gram": "8 g"
      },
      {
        "Näringsvärde": "Kolhydrat",
        "100 Gram": "49 g"
      },
      {
        "Näringsvärde": "Varav sockerarter",
        "100 Gram": "2 g"
      },
      {
        "Näringsvärde": "Fiber",
        "100 Gram": "13 g"
      },
      {
        "Näringsvärde": "Protein",
        "100 Gram": "10 g"
      },
      {
        "Näringsvärde": "Salt",
        "100 Gram": "1.4 g"
      }
    ],
    "nutritionUnitText": "Näringsvärde per 100 gram",
    "categories": {
      "mainCategory": "Bröd & Kakor",
      "subCategories": [
        {
          "name": "Knäckebröd & Skorpor",
          "subSubCategories": [
            "Knäckebröd",
            "Knäcke med pålägg"
          ]
        }
      ]
    }
  },
  {
    "name": "Riskakor med smak av Gräddfil & lök 125g Friggs",
    "weightText": "0.125 kg",
    "caPart": "",
    "weightValue": 0.125,
    "weightUnit": "kg",
    "comparePrice": "175,60 kr/kg",
    "currentPrice": 21.95,
    "attributes": [],
    "imgUrl": "https://handlaprivatkund.ica.se/images-v3/bf7a00ca-390e-4769-865f-dc369586872e/2ce4cf7c-cb1c-49bf-8353-a7f0d452a23b/500x500.jpg",
    "productInformation": "Friggs Riskakor Gräddfil & Lök har en god smak av gräddfil och lök. Goda att njuta som de är eller med pålägg. Naturligt glutenfria och rika på fullkorn. Passar perfekt som snack eller mellanmål.",
    "countryText": "",
    "companyText": "Friggs",
    "ingrediensText": "Ingredienser: Råris (fullkorn) (80%), rapsolja, kryddblandning (7,9 %) (vasslepulver (MJÖLK), salt, KÄRNMJÖLKSPULVER, OSTPULVER, lökpulver (12 %), tomatpulver, dextros, vitlökspulver, arom, syra (äppelsyra), jästextrakt, persilja, surhetsreglerande medel (natriumdiacetat), cayennepeppar, färgämne (paprikaoleoresin)). Kan innehålla spår av soja och sesamfrön.",
    "storage": "Torrt, ej över normal rumstemperatur.",
    "allergens": "Kan innehålla spår av Sesamfrön, Sojabönor.",
    "usage": "",
    "nutrition": [
      {
        "Näringsvärde": "Energi (kcal)",
        "100 Gram": "440 kcal"
      },
      {
        "Näringsvärde": "Energi (kJ)",
        "100 Gram": "1850 kJ"
      },
      {
        "Näringsvärde": "Fett",
        "100 Gram": "15 g"
      },
      {
        "Näringsvärde": "Varav mättat fett",
        "100 Gram": "1.8 g"
      },
      {
        "Näringsvärde": "Kolhydrat",
        "100 Gram": "66 g"
      },
      {
        "Näringsvärde": "Varav sockerarter",
        "100 Gram": "3.2 g"
      },
      {
        "Näringsvärde": "Fiber",
        "100 Gram": "3.3 g"
      },
      {
        "Näringsvärde": "Protein",
        "100 Gram": "8.2 g"
      },
      {
        "Näringsvärde": "Salt",
        "100 Gram": "1.3 g"
      }
    ],
    "nutritionUnitText": "Näringsvärde per 100 gram",
    "categories": {
      "mainCategory": "Bröd & Kakor",
      "subCategories": [
        {
          "name": "Knäckebröd & Skorpor",
          "subSubCategories": [
            "Riskakor"
          ]
        }
      ]
    }
  },
  {
    "name": "Delicatoboll 6-p 240g Delicato",
    "weightText": "0.24 kg",
    "caPart": "",
    "weightValue": 0.24,
    "weightUnit": "kg",
    "comparePrice": "89,58 kr/kg",
    "currentPrice": 21.5,
    "attributes": [],
    "imgUrl": "https://handlaprivatkund.ica.se/images-v3/bf7a00ca-390e-4769-865f-dc369586872e/62e06686-9c35-4b2b-b4f5-764933836dd7/500x500.jpg",
    "productInformation": "Chokladboll med smak av mocka täckt med kakaoöverdrag och rullad i kokos. Passar till fikarasten och kalaset.",
    "countryText": "",
    "companyText": "Delicato",
    "ingrediensText": "Socker, HAVREGRYN, vegetabilisk olja (palm*, shea, raps), vatten, kokosflingor, kakaopulver, salt, arom (bl.a. mocka), konserveringsmedel (kaliumsorbat), emulgeringsmedel (vegetabiliskt E471, lecitin), färgämne (sockerkulör). Kan innehålla spår av MJÖLKPROTEIN. *Hållbart producerad från certifierade odlare.",
    "storage": "Rumstemperatur. Håller bättre i kyl och går att frysa!.",
    "allergens": "Kan innehålla Mjölk Innehåller Sojabönor Innehåller Spannmål som innehåller gluten",
    "usage": "",
    "nutrition": [
      {
        "Näringsvärde": "Energi (kcal)",
        "100 Gram": "480 kcal"
      },
      {
        "Näringsvärde": "Energi (kJ)",
        "100 Gram": "2000 kJ"
      },
      {
        "Näringsvärde": "Fett",
        "100 Gram": "30 g"
      },
      {
        "Näringsvärde": "Varav mättat fett",
        "100 Gram": "18 g"
      },
      {
        "Näringsvärde": "Kolhydrat",
        "100 Gram": "49 g"
      },
      {
        "Näringsvärde": "Varav sockerarter",
        "100 Gram": "30 g"
      },
      {
        "Näringsvärde": "Protein",
        "100 Gram": "5 g"
      },
      {
        "Näringsvärde": "Salt",
        "100 Gram": "0.4 g"
      }
    ],
    "nutritionUnitText": "Näringsvärde per 100 gram",
    "categories": {
      "mainCategory": "Bröd & Kakor",
      "subCategories": [
        {
          "name": "Kaffebröd",
          "subSubCategories": [
            "Kondisbitar & Bakelser"
          ]
        }
      ]
    }
  },
  {
    "name": "Knäckebröd Rågi 550g Wasa",
    "weightText": "0.55 kg",
    "caPart": "",
    "weightValue": 0.55,
    "weightUnit": "kg",
    "comparePrice": "50,00 kr/kg",
    "currentPrice": 27.5,
    "attributes": [
      "Nyckelhålet"
    ],
    "imgUrl": "https://handlaprivatkund.ica.se/images-v3/bf7a00ca-390e-4769-865f-dc369586872e/d59a1488-01fe-4675-b407-a5b55d0fa5ad/500x500.jpg",
    "productInformation": "Wasa Knäckebröd Rågi är bakat på rågmjöl och innehåller 77% fullkorn. Det är precis lika gott som våra andra rågknäckebröd, men något tunnare. Den milda smaken gör Rågi knäcke till ett perfekt tillbehör till alla måltider. Njut av en god knäckemacka med valfritt pålägg som mättar bra. Det här är ett knäckebröd rikt på fiber och järn, vilket ger dig ett näringsrikt mellanmål. Wasas rågknäcke Rågi är nyckelhålsmärkt och 100% klimatkompenserat.",
    "countryText": "",
    "companyText": "Wasa",
    "ingrediensText": "Ingredienser: fullkornsRÅGmjöl 77 g*, RÅGmjöl 28 g*, jäst, salt. *i g för 100 g produkt.",
    "storage": "Förvaras torrt och mörkt. Högsta förvaringstemperatur 25°C",
    "allergens": "Innehåller Spannmål som innehåller gluten",
    "usage": "",
    "nutrition": [
      {
        "Näringsvärde": "Energi (kcal)",
        "100 Gram": "336 kcal"
      },
      {
        "Näringsvärde": "Energi (kJ)",
        "100 Gram": "1415 kJ"
      },
      {
        "Näringsvärde": "Fett",
        "100 Gram": "1.5 g"
      },
      {
        "Näringsvärde": "Varav mättat fett",
        "100 Gram": "0.4 g"
      },
      {
        "Näringsvärde": "Kolhydrat",
        "100 Gram": "62 g"
      },
      {
        "Näringsvärde": "Varav sockerarter",
        "100 Gram": "1 g"
      },
      {
        "Näringsvärde": "Fiber",
        "100 Gram": "19 g"
      },
      {
        "Näringsvärde": "Protein",
        "100 Gram": "9 g"
      },
      {
        "Näringsvärde": "Salt",
        "100 Gram": "1 g"
      },
      {
        "Näringsvärde": "Järn",
        "100 Gram": "2.6 mg",
        "% av DRI(*)": "19"
      },
      {
        "Näringsvärde": "Magnesium",
        "100 Gram": "95 mg",
        "% av DRI(*)": "25"
      },
      {
        "Näringsvärde": "Zink",
        "100 Gram": "3.2 mg",
        "% av DRI(*)": "32"
      }
    ],
    "nutritionUnitText": "Näringsvärde per 100 gram",
    "categories": {
      "mainCategory": "Bröd & Kakor",
      "subCategories": [
        {
          "name": "Knäckebröd & Skorpor",
          "subSubCategories": [
            "Knäckebröd",
            "Mörkt knäckebröd"
          ]
        }
      ]
    }
  },
  {
    "name": "Majskakor Havssalt Glutenfri 130g Friggs",
    "weightText": "0.13 kg",
    "caPart": "",
    "weightValue": 0.13,
    "weightUnit": "kg",
    "comparePrice": "153,46 kr/kg",
    "currentPrice": 19.95,
    "attributes": [
      "Glutenfritt",
      "Nyckelhålet"
    ],
    "imgUrl": "https://handlaprivatkund.ica.se/images-v3/bf7a00ca-390e-4769-865f-dc369586872e/ca901495-1302-44ed-bb7a-65ecc4210ee0/500x500.jpg",
    "productInformation": "",
    "countryText": "",
    "companyText": "Friggs",
    "ingrediensText": "Ingredienser: Majs* (99,7%), havssalt (0,3%). *varav 51% fullkorn.",
    "storage": "Torrt, ej över normal rumstemperatur.",
    "allergens": "Kan innehålla spår av Sesamfrön, Sojabönor.",
    "usage": "",
    "nutrition": [
      {
        "Näringsvärde": "Energi (kcal)",
        "100 Gram": "387 kcal"
      },
      {
        "Näringsvärde": "Energi (kJ)",
        "100 Gram": "1637 kJ"
      },
      {
        "Näringsvärde": "Fett",
        "100 Gram": "2.3 g"
      },
      {
        "Näringsvärde": "Varav mättat fett",
        "100 Gram": "0.5 g"
      },
      {
        "Näringsvärde": "Kolhydrat",
        "100 Gram": "79 g"
      },
      {
        "Näringsvärde": "Varav sockerarter",
        "100 Gram": "1.3 g"
      },
      {
        "Näringsvärde": "Fiber",
        "100 Gram": "4.9 g"
      },
      {
        "Näringsvärde": "Protein",
        "100 Gram": "9.5 g"
      },
      {
        "Näringsvärde": "Salt",
        "100 Gram": "0.32 g"
      }
    ],
    "nutritionUnitText": "Näringsvärde per 100 gram",
    "categories": {
      "mainCategory": "Bröd & Kakor",
      "subCategories": [
        {
          "name": "Knäckebröd & Skorpor",
          "subSubCategories": [
            "Riskakor"
          ]
        }
      ]
    }
  },
  {
    "name": "Majskakor Ranch 125g ICA",
    "weightText": "0.125 kg",
    "caPart": "",
    "weightValue": 0.125,
    "weightUnit": "kg",
    "comparePrice": "143,60 kr/kg",
    "currentPrice": 17.95,
    "attributes": [],
    "imgUrl": "https://handlaprivatkund.ica.se/images-v3/bf7a00ca-390e-4769-865f-dc369586872e/db24bb6e-56a7-4bca-9b6d-b330772d010c/500x500.jpg",
    "productInformation": "ICA Majskakor Ranch är spröda majskakor. De har en god smak av vitlök, paprika och tomat. Passar utmärkt som mellanmål.",
    "countryText": "",
    "companyText": "ICA",
    "ingrediensText": "Majs* 80%, rapsolja, kryddblandning 7,9% (vasslepulver (från MJÖLK), salt, socker, druvsocker, lökpulver, tomatpulver, ostpulver (från MJÖLK), paprikapulver, surhetsreglerande medel (E270, E296, E330), jästextrakt, vitlökspulver, persilja, paprikaextrakt, arom). Kan innehålla spår av soja och sesamfrö. *Ursprung EU.",
    "storage": "Förvaras torrt och svalt, ej över normal rumstemperatur.",
    "allergens": "",
    "usage": "",
    "nutrition": [
      {
        "Näringsvärde": "Energi (kcal)",
        "100 Gram": "438 kcal"
      },
      {
        "Näringsvärde": "Energi (kJ)",
        "100 Gram": "1845 kJ"
      },
      {
        "Näringsvärde": "Fett",
        "100 Gram": "13 g"
      },
      {
        "Näringsvärde": "Varav mättat fett",
        "100 Gram": "1.3 g"
      },
      {
        "Näringsvärde": "Kolhydrat",
        "100 Gram": "73 g"
      },
      {
        "Näringsvärde": "Varav sockerarter",
        "100 Gram": "3.5 g"
      },
      {
        "Näringsvärde": "Fiber",
        "100 Gram": "2 g"
      },
      {
        "Näringsvärde": "Protein",
        "100 Gram": "6.3 g"
      },
      {
        "Näringsvärde": "Salt",
        "100 Gram": "1.4 g"
      }
    ],
    "nutritionUnitText": "Näringsvärde per 100 gram",
    "categories": {
      "mainCategory": "Bröd & Kakor",
      "subCategories": [
        {
          "name": "Knäckebröd & Skorpor",
          "subSubCategories": [
            "Riskakor"
          ]
        }
      ]
    }
  },
  {
    "name": "Original 300g Finn Crisp",
    "weightText": "0.3 kg",
    "caPart": "",
    "weightValue": 0.3,
    "weightUnit": "kg",
    "comparePrice": "75,00 kr/kg",
    "currentPrice": 22.5,
    "attributes": [],
    "imgUrl": "https://handlaprivatkund.ica.se/images-v3/bf7a00ca-390e-4769-865f-dc369586872e/1c44338d-c6d3-4497-abb4-20719a7e547b/500x500.jpg",
    "productInformation": "Delikat tunn surdegsskorpa med fyllig rågsmak och knaprig munkänsla",
    "countryText": "",
    "companyText": "Finn Crisp",
    "ingrediensText": "fullkornsRÅGmjöl, surdeg 25 % (fullkornsRÅGmjöl, vatten), salt och jäst. Innehåller 95 % fullkornsråg. Kan innehålla spår av sesamfrön.",
    "storage": "Förvaras torrt.",
    "allergens": "Kan innehålla spår av Sesamfrön.",
    "usage": "",
    "nutrition": [
      {
        "Näringsvärde": "Energi (kcal)",
        "100 Gram": "348 kcal"
      },
      {
        "Näringsvärde": "Energi (kJ)",
        "100 Gram": "1454 kJ"
      },
      {
        "Näringsvärde": "Fett",
        "100 Gram": "1.9 g"
      },
      {
        "Näringsvärde": "Varav mättat fett",
        "100 Gram": "0.4 g"
      },
      {
        "Näringsvärde": "Kolhydrat",
        "100 Gram": "61 g"
      },
      {
        "Näringsvärde": "Varav sockerarter",
        "100 Gram": "1.1 g"
      },
      {
        "Näringsvärde": "Fiber",
        "100 Gram": "20 g"
      },
      {
        "Näringsvärde": "Protein",
        "100 Gram": "11 g"
      },
      {
        "Näringsvärde": "Salt",
        "100 Gram": "1.2 g"
      }
    ],
    "nutritionUnitText": "Näringsvärde per 100 gram",
    "categories": {
      "mainCategory": "Bröd & Kakor",
      "subCategories": [
        {
          "name": "Knäckebröd & Skorpor",
          "subSubCategories": [
            "Knäckebröd",
            "Mörkt knäckebröd"
          ]
        }
      ]
    }
  },
  {
    "name": "Kakor Choklad 176g Brago",
    "weightText": "0.175 kg",
    "caPart": "",
    "weightValue": 0.175,
    "weightUnit": "kg",
    "comparePrice": "142,57 kr/kg",
    "currentPrice": 24.95,
    "attributes": [
      "Rainforest Alliance certifierad"
    ],
    "imgUrl": "https://handlaprivatkund.ica.se/images-v3/bf7a00ca-390e-4769-865f-dc369586872e/6daf6399-3e5a-4202-b200-39904d14a21f/500x500.jpg",
    "productInformation": "Brago Choklad är spröda mördegskex doppade i mjölkchoklad. Brago är svenska folkets vardagsfavorit bland kexen. Det spröda mördegskexen med den milda vaniljsmaken har funnits sedan 1953.",
    "countryText": "",
    "companyText": "Göteborgs",
    "ingrediensText": "Ingredienser: VETEMJÖL/HVEDEMEL, mjölkchoklad 23 % (socker, kakaosmör¹, MJÖLKPULVER/MӔLKEPULVER, kakaomassa¹, emulgeringsmedel (SOJALECITIN), arom), socker, vegetabilisk olja (raps, shea, kokos), VETESTÄRKELSE/HVEDESTIVELSE, sirap, bakpulver/hævemiddel (hjorthornssalt E503, natriumbikarbonat), salt, emulgeringsmedel (lecitin), aromer. Kan innehålla spår av HASSELNÖTTER/HASSELNØDDER. Mjölkchokladen innehåller minst 35 % kakao. ¹Rainforest Alliance Certified. För mer info se ra.org.",
    "storage": "",
    "allergens": "",
    "usage": "",
    "nutrition": [
      {
        "Näringsvärde": "Energi (kcal)",
        "100 Gram": "486 kcal"
      },
      {
        "Näringsvärde": "Energi (kJ)",
        "100 Gram": "2040 kJ"
      },
      {
        "Näringsvärde": "Fett",
        "100 Gram": "21 g"
      },
      {
        "Näringsvärde": "Varav mättat fett",
        "100 Gram": "8 g"
      },
      {
        "Näringsvärde": "Kolhydrat",
        "100 Gram": "67 g"
      },
      {
        "Näringsvärde": "Varav sockerarter",
        "100 Gram": "30 g"
      },
      {
        "Näringsvärde": "Fiber",
        "100 Gram": "2.6 g"
      },
      {
        "Näringsvärde": "Protein",
        "100 Gram": "6.9 g"
      },
      {
        "Näringsvärde": "Salt",
        "100 Gram": "0.6 g"
      }
    ],
    "nutritionUnitText": "Näringsvärde per 100 gram",
    "categories": {
      "mainCategory": "Bröd & Kakor",
      "subCategories": [
        {
          "name": "Kaffebröd",
          "subSubCategories": [
            "Kex & kakor",
            "Söta kex & Kakor",
            "Söta kex"
          ]
        }
      ]
    }
  },
  {
    "name": "Kladdkaka Fryst 400g Frödinge",
    "weightText": "0.4 kg",
    "caPart": "",
    "weightValue": 0.4,
    "weightUnit": "kg",
    "comparePrice": "82,38 kr/kg",
    "currentPrice": 32.95,
    "attributes": [
      "Rainforest Alliance certifierad"
    ],
    "imgUrl": "https://handlaprivatkund.ica.se/images-v3/bf7a00ca-390e-4769-865f-dc369586872e/2806fb2b-d8e0-4de4-aa39-1ce84f7e3eed/500x500.jpg",
    "productInformation": "Kladdkaka med mjuk chokladbotten och precis så kladdig och chokladig som en kladdkaka ska vara.",
    "countryText": "",
    "companyText": "Frödinge",
    "ingrediensText": "Socker, VETEMJÖL, ÄGG, vegetabilisk olja (raps), fettreducerat kakaopulver*, vatten, dextros, salt, stärkelse (VETE, potatis), VETEMALT, arom, salt, mjölbehandlingsmedel (askorbinsyra). *Rainforest Alliance-certifierad. Läs mer på ra.org",
    "storage": "I frysutrymme (-18° eller kallare): Se Bäst före-märkning. I kylskåp eller vid rumstemperatur: Tinad vara hanteras som färskvara. Lägsta förvaringstemperatur -25°C Högsta förvaringstemperatur -18°C",
    "allergens": "Innehåller Ägg Innehåller Spannmål som innehåller gluten",
    "usage": "",
    "nutrition": [
      {
        "Näringsvärde": "Energi (kcal)",
        "100 Gram": "386 kcal"
      },
      {
        "Näringsvärde": "Energi (kJ)",
        "100 Gram": "1613 kJ"
      },
      {
        "Näringsvärde": "Fett",
        "100 Gram": "14 g"
      },
      {
        "Näringsvärde": "Varav mättat fett",
        "100 Gram": "1.8 g"
      },
      {
        "Näringsvärde": "Kolhydrat",
        "100 Gram": "58 g"
      },
      {
        "Näringsvärde": "Varav sockerarter",
        "100 Gram": "37 g"
      },
      {
        "Näringsvärde": "Fiber",
        "100 Gram": "2 g"
      },
      {
        "Näringsvärde": "Protein",
        "100 Gram": "5 g"
      },
      {
        "Näringsvärde": "Salt",
        "100 Gram": "0.32 g"
      }
    ],
    "nutritionUnitText": "Näringsvärde per 100 gram",
    "categories": {
      "mainCategory": "Bröd & Kakor",
      "subCategories": [
        {
          "name": "Kaffebröd",
          "subSubCategories": [
            "Tårtor & Pajer",
            "Frysta tårtor & Pajer"
          ]
        }
      ]
    }
  },
  {
    "name": "Halländskt Bondbröd 1kg ICA Selection",
    "weightText": "1 kg",
    "caPart": "",
    "weightValue": 1,
    "weightUnit": "kg",
    "comparePrice": "37,50 kr/kg",
    "currentPrice": 37.5,
    "attributes": [
      "Från Sverige",
      "Ursprungsland Sverige"
    ],
    "imgUrl": "https://handlaprivatkund.ica.se/images-v3/bf7a00ca-390e-4769-865f-dc369586872e/113f4baf-d3c2-4a1d-adc7-067ce691f9ba/500x500.jpg",
    "productInformation": "ICA Selection Halländskt bondbröd har inga kryddor utan skållningen och surdeg skapar ett milt balanserat bröd. Den välgräddade mjuka skorpan på toppen tillför en kombination av sötma och lite beska.",
    "countryText": "Sverige",
    "companyText": "ICA Selection",
    "ingrediensText": "VETEMJÖL*, RÅGMJÖL*, vatten, skållat VETE*- och RÅGMJÖL*, surdeg (RÅGMJÖL*, VETEMJÖL*, vatten, KORNMALT), KORNMALT, sirap*, rapsolja, jäst, salt.",
    "storage": "",
    "allergens": "",
    "usage": "",
    "nutrition": [
      {
        "Näringsvärde": "Energi (kcal)",
        "100 Gram": "261 kcal"
      },
      {
        "Näringsvärde": "Energi (kJ)",
        "100 Gram": "1105 kJ"
      },
      {
        "Näringsvärde": "Fett",
        "100 Gram": "2 g"
      },
      {
        "Näringsvärde": "Varav mättat fett",
        "100 Gram": "0.5 g"
      },
      {
        "Näringsvärde": "Kolhydrat",
        "100 Gram": "52 g"
      },
      {
        "Näringsvärde": "Varav sockerarter",
        "100 Gram": "4.7 g"
      },
      {
        "Näringsvärde": "Fiber",
        "100 Gram": "3.9 g"
      },
      {
        "Näringsvärde": "Protein",
        "100 Gram": "6.8 g"
      },
      {
        "Näringsvärde": "Salt",
        "100 Gram": "0.7 g"
      }
    ],
    "nutritionUnitText": "Näringsvärde per 100 gram",
    "categories": {
      "mainCategory": "Bröd & Kakor",
      "subCategories": [
        {
          "name": "Matbröd",
          "subSubCategories": [
            "Ljust bröd",
            "Limpa"
          ]
        }
      ]
    }
  },
  {
    "name": "Mini rut Brungräddat 200g Leksands Knäckebröd",
    "weightText": "0.2 kg",
    "caPart": "",
    "weightValue": 0.2,
    "weightUnit": "kg",
    "comparePrice": "79,75 kr/kg",
    "currentPrice": 15.95,
    "attributes": [
      "Från Sverige",
      "Nyckelhålet",
      "Ursprungsland Sverige"
    ],
    "imgUrl": "https://handlaprivatkund.ica.se/images-v3/bf7a00ca-390e-4769-865f-dc369586872e/7f116393-922b-466c-8c8c-4b755fe0a9a2/500x500.jpg",
    "productInformation": "Mini Rut brungräddat från LEKSANDS KNÄCKEBRÖD är bakat enligt vårt gamla familjerecept med enbart naturliga råvaror: Närodlad fullkornsråg och vatten från egen källa. Degen naggas med en speciell kavel som gör brödet rutigt. Dessutom gräddas Minirut brungräddat lite längre och blir då mörkare och får en rikare smak. Äkta njutning sedan 1817.",
    "countryText": "Sverige",
    "companyText": "Leksands Knäcke",
    "ingrediensText": "Ingredienser: FULLKORNSRÅGMJÖL/FULDKORNSRUGMEL**, vatten/vand**, jäst/gær**, salt. **Från Sverige",
    "storage": "",
    "allergens": "",
    "usage": "",
    "nutrition": [
      {
        "Näringsvärde": "Energi (kcal)",
        "100 Gram": "350 kcal"
      },
      {
        "Näringsvärde": "Energi (kJ)",
        "100 Gram": "1400 kJ"
      },
      {
        "Näringsvärde": "Fett",
        "100 Gram": "1.6 g"
      },
      {
        "Näringsvärde": "Varav mättat fett",
        "100 Gram": "0.3 g"
      },
      {
        "Näringsvärde": "Kolhydrat",
        "100 Gram": "60 g"
      },
      {
        "Näringsvärde": "Varav sockerarter",
        "100 Gram": "0.5 g"
      },
      {
        "Näringsvärde": "Fiber",
        "100 Gram": "20 g"
      },
      {
        "Näringsvärde": "Protein",
        "100 Gram": "8.9 g"
      },
      {
        "Näringsvärde": "Salt",
        "100 Gram": "1.2 g"
      }
    ],
    "nutritionUnitText": "Näringsvärde per 100 gram",
    "categories": {
      "mainCategory": "Bröd & Kakor",
      "subCategories": [
        {
          "name": "Knäckebröd & Skorpor",
          "subSubCategories": [
            "Knäckebröd",
            "Mörkt knäckebröd"
          ]
        }
      ]
    }
  },
  {
    "name": "Knäckebröd Din Stund Mini Chia & Havssalt 270g Wasa",
    "weightText": "0.27 kg",
    "caPart": "",
    "weightValue": 0.27,
    "weightUnit": "kg",
    "comparePrice": "127,78 kr/kg",
    "currentPrice": 34.5,
    "attributes": [
      "Nyckelhålet"
    ],
    "imgUrl": "https://handlaprivatkund.ica.se/images-v3/bf7a00ca-390e-4769-865f-dc369586872e/286b52fb-bd72-4f69-b5a3-e794a7d751f7/500x500.jpg",
    "productInformation": "Wasa Din Stund Mini Chia och & Havssalt är ett knäckebröd som är bakat med endast tre ingredienser; rågmjöl, jäst och salt som sedan toppats med chiafrön och havssalt. Detta chiaknäckebröd har precis samma recept och innehåll som Din Stund men finns nu alltså även i ett mindre format. Din Stund Mini är ett krispigt knäcke med en rund och nötig karaktär samt mycket kostfiber. Ett perfekt hårdbröd till frukosten med ditt favoritpålägg eller som mellanmål under dagen. Wasa Din Stund Mini är 100% klimatkompenserat.",
    "countryText": "",
    "companyText": "Wasa",
    "ingrediensText": "Ingredienser: FullkornsRÅGmjöl 100 g*, chiafrön (Salvia hispanica) 5,0 g*, jäst, havssalt 0,6 g*, salt. *g för 100 g produkt. Kan innehålla spår av LUPIN, MJÖLK, SENAP, SESAMFRÖN och SOJABÖNOR.",
    "storage": "",
    "allergens": "",
    "usage": "",
    "nutrition": [
      {
        "Näringsvärde": "Energi (kcal)",
        "100 Gram": "350 kcal"
      },
      {
        "Näringsvärde": "Energi (kJ)",
        "100 Gram": "1472 kJ"
      },
      {
        "Näringsvärde": "Fett",
        "100 Gram": "4 g"
      },
      {
        "Näringsvärde": "Varav mättat fett",
        "100 Gram": "0.5 g"
      },
      {
        "Näringsvärde": "Kolhydrat",
        "100 Gram": "58 g"
      },
      {
        "Näringsvärde": "Varav sockerarter",
        "100 Gram": "0.5 g"
      },
      {
        "Näringsvärde": "Fiber",
        "100 Gram": "21 g"
      },
      {
        "Näringsvärde": "Protein",
        "100 Gram": "10 g"
      },
      {
        "Näringsvärde": "Salt",
        "100 Gram": "1.2 g"
      }
    ],
    "nutritionUnitText": "Näringsvärde per 100 gram",
    "categories": {
      "mainCategory": "Bröd & Kakor",
      "subCategories": [
        {
          "name": "Knäckebröd & Skorpor",
          "subSubCategories": [
            "Knäckebröd",
            "Ljust knäckebröd"
          ]
        }
      ]
    }
  },
  {
    "name": "Pizzabotten 2-p 360g 360g ICA",
    "weightText": "0.36 kg",
    "caPart": "",
    "weightValue": 0.36,
    "weightUnit": "kg",
    "comparePrice": "97,08 kr/kg",
    "currentPrice": 34.95,
    "attributes": [],
    "imgUrl": "https://handlaprivatkund.ica.se/images-v3/bf7a00ca-390e-4769-865f-dc369586872e/bdb44c8b-5bed-4190-a937-6df3c9ddb512/500x500.jpg",
    "productInformation": "ICAs stenungsbakade pizzabotten blir klar i ett nafs. Bred bara på tomatsås, strössla över dina favoritingredienser och grädda i ugnen. Klart!",
    "countryText": "",
    "companyText": "ICA",
    "ingrediensText": "Ingredienser: VETEMJÖL, vatten, olivolja, salt, jäst, konserveringsmedel: E282.",
    "storage": "",
    "allergens": "",
    "usage": "",
    "nutrition": [
      {
        "Näringsvärde": "Energi (kcal)",
        "100 Gram": "300 kcal"
      },
      {
        "Näringsvärde": "Energi (kJ)",
        "100 Gram": "1250 kJ"
      },
      {
        "Näringsvärde": "Fett",
        "100 Gram": "6.6 g"
      },
      {
        "Näringsvärde": "Varav mättat fett",
        "100 Gram": "1 g"
      },
      {
        "Näringsvärde": "Kolhydrat",
        "100 Gram": "49 g"
      },
      {
        "Näringsvärde": "Varav sockerarter",
        "100 Gram": "2 g"
      },
      {
        "Näringsvärde": "Fiber",
        "100 Gram": "2.8 g"
      },
      {
        "Näringsvärde": "Protein",
        "100 Gram": "9.5 g"
      },
      {
        "Näringsvärde": "Salt",
        "100 Gram": "1.2 g"
      }
    ],
    "nutritionUnitText": "Näringsvärde per 100 gram",
    "categories": {
      "mainCategory": "Bröd & Kakor",
      "subCategories": [
        {
          "name": "Korvbröd, Hamburgerbröd & Maträttsbröd",
          "subSubCategories": [
            "Pizzabotten"
          ]
        }
      ]
    }
  },
  {
    "name": "Mariekex 200g ICA",
    "weightText": "0.2 kg",
    "caPart": "",
    "weightValue": 0.2,
    "weightUnit": "kg",
    "comparePrice": "54,75 kr/kg",
    "currentPrice": 10.95,
    "attributes": [],
    "imgUrl": "https://handlaprivatkund.ica.se/images-v3/bf7a00ca-390e-4769-865f-dc369586872e/c54ea018-6648-4fd8-a35e-23fb5e81d0b2/500x500.jpg",
    "productInformation": "ICA Mariekex är spröda och möra kex bakade på vetemjöl. Perfekta till utflykten!",
    "countryText": "",
    "companyText": "ICA",
    "ingrediensText": "VETEMJÖL, socker, solrosolja 11%, salt, glukosfruktossirap, bakpulver/hevemidler (E500, E503), arom.",
    "storage": "",
    "allergens": "",
    "usage": "",
    "nutrition": [],
    "nutritionUnitText": "",
    "categories": {
      "mainCategory": "Bröd & Kakor",
      "subCategories": [
        {
          "name": "Kaffebröd",
          "subSubCategories": [
            "Kex & kakor",
            "Söta kex & Kakor",
            "Söta kex"
          ]
        }
      ]
    }
  },
  {
    "name": "Småbröd med topping 6-p 300g ICA",
    "weightText": "0.3 kg",
    "caPart": "",
    "weightValue": 0.3,
    "weightUnit": "kg",
    "comparePrice": "93,17 kr/kg",
    "currentPrice": 27.95,
    "attributes": [],
    "imgUrl": "https://handlaprivatkund.ica.se/images-v3/bf7a00ca-390e-4769-865f-dc369586872e/69e2cafc-072b-4204-92f1-f38cbb32541f/500x500.jpg",
    "productInformation": "ICA Småbröd är nygräddade efter 8–10 minuter i ugnen.",
    "countryText": "",
    "companyText": "ICA",
    "ingrediensText": "VETEMJÖL, vatten, RÅGMJÖL, jäst, SESAMFRÖ 2%, vallmofrö 2%, VETEGLUTEN, VETESURDEG, salt, VETEMALT, rismjöl.",
    "storage": "Oöppnad förpacking förvaras i rumstemperatur. Öppnad förpackning försluts och förvaras i kylskåp +8°C i max två dygn.",
    "allergens": "",
    "usage": "",
    "nutrition": [
      {
        "Näringsvärde": "Energi (kcal)",
        "100 Gram": "300 kcal"
      },
      {
        "Näringsvärde": "Energi (kJ)",
        "100 Gram": "1250 kJ"
      },
      {
        "Näringsvärde": "Fett",
        "100 Gram": "2.6 g"
      },
      {
        "Näringsvärde": "Varav mättat fett",
        "100 Gram": "0.5 g"
      },
      {
        "Näringsvärde": "Kolhydrat",
        "100 Gram": "54 g"
      },
      {
        "Näringsvärde": "Varav sockerarter",
        "100 Gram": "4.9 g"
      },
      {
        "Näringsvärde": "Fiber",
        "100 Gram": "3.8 g"
      },
      {
        "Näringsvärde": "Protein",
        "100 Gram": "12 g"
      },
      {
        "Näringsvärde": "Salt",
        "100 Gram": "1 g"
      }
    ],
    "nutritionUnitText": "Näringsvärde per 100 gram",
    "categories": {
      "mainCategory": "Bröd & Kakor",
      "subCategories": [
        {
          "name": "Matbröd",
          "subSubCategories": [
            "Grädda hemma"
          ]
        }
      ]
    }
  },
  {
    "name": "Havre formbröd Glutenfritt 500g Fria",
    "weightText": "0.5 kg",
    "caPart": "",
    "weightValue": 0.5,
    "weightUnit": "kg",
    "comparePrice": "65,90 kr/kg",
    "currentPrice": 32.95,
    "attributes": [
      "Glutenfritt",
      "Nyckelhålet",
      "Laktosfritt"
    ],
    "imgUrl": "https://handlaprivatkund.ica.se/images-v3/bf7a00ca-390e-4769-865f-dc369586872e/5b8385fd-fdc9-4e26-a6ad-7542258befd8/500x500.jpg",
    "productInformation": "Havre är ett osötat, nyckelhålsmärkt, havrebröd med 5,7 % fibrer. Bakat på ren, glutenfri fullkornshavre med en fyllig, rund och god smak. Nyckelhålet är en garant för att du får i dig mindre socker och salt och mer fullkorn och fibrer.",
    "countryText": "",
    "companyText": "Fria",
    "ingrediensText": "GLUTENFRI VETESTÄRKELSE, vatten, GLUTENFRIA FULLKORNSHAVREFLINGOR (13%), GLUTENFRITT MALTEXTRAKT (KORN), förtjockningsmedel (cellulosagummi, guarkärnmjöl, xantangummi), maltodextrin (majs), sirap (endast som jästnäring), jäst, rapsolja, psylliumfröskal, majsstärkelse, emulgeringsmedel (lecitin [raps], mono- och diglycerider av fettsyror [veg.]), salt, aromer. Innehåller 13% fullkorn, motsvarar 22% av torrvikten. KAN INNEHÅLLA SPÅR AV ÄGG.",
    "storage": "Lägsta förvaringstemperatur -30°C Högsta förvaringstemperatur -18°C",
    "allergens": "Kan innehålla Ägg",
    "usage": "",
    "nutrition": [
      {
        "Näringsvärde": "Energi (kcal)",
        "100 Gram": "240 kcal"
      },
      {
        "Näringsvärde": "Energi (kJ)",
        "100 Gram": "1000 kJ"
      },
      {
        "Näringsvärde": "Fett",
        "100 Gram": "3.4 g"
      },
      {
        "Näringsvärde": "Varav mättat fett",
        "100 Gram": "0.7 g"
      },
      {
        "Näringsvärde": "Kolhydrat",
        "100 Gram": "46 g"
      },
      {
        "Näringsvärde": "Varav sockerarter",
        "100 Gram": "3.6 g"
      },
      {
        "Näringsvärde": "Fiber",
        "100 Gram": "6.1 g"
      },
      {
        "Näringsvärde": "Protein",
        "100 Gram": "2.2 g"
      },
      {
        "Näringsvärde": "Salt",
        "100 Gram": "1 g"
      }
    ],
    "nutritionUnitText": "Näringsvärde per 100 gram",
    "categories": {
      "mainCategory": "Bröd & Kakor",
      "subCategories": [
        {
          "name": "Glutenfritt bröd & Kakor",
          "subSubCategories": [
            "Glutenfritt bröd",
            "Glutenfritt fryst bröd"
          ]
        }
      ]
    }
  },
  {
    "name": "Gifflar Vanilj 280g Pågen",
    "weightText": "0.28 kg",
    "caPart": "",
    "weightValue": 0.28,
    "weightUnit": "kg",
    "comparePrice": "89,11 kr/kg",
    "currentPrice": 24.95,
    "attributes": [],
    "imgUrl": "https://handlaprivatkund.ica.se/images-v3/bf7a00ca-390e-4769-865f-dc369586872e/b0adf911-c4ad-4c8e-9b81-2ee79d49d042/500x500.jpg",
    "productInformation": "Vi vet, det är omöjligt att öppna en påse gifflar och bara äta en. Det är som att det är något magiskt i den här påsen som drar handen till sig, igen och igen. Det är faktiskt inte magi, det är bara oemotståndligt goda gifflar med härlig, virvlande fyllning. Så lagom små och goda att du bara vill ta en till. Gifflar Vanilj är bakade i Sverige på svenskt mjöl från Pågens egna kvarn.",
    "countryText": "",
    "companyText": "Pågen",
    "ingrediensText": "VETEmjöl, vatten, socker, vegetabilisk olja (raps), MANDEL (3,5%), MJÖLK, skumMJÖLK, ÄGG, glukossirap, invertsocker, malt av KORN, jäst, salt, modifierad stärkelse (potatis), bakpulver (E450, E500), vegetabiliskt emulgeringsmedel (E471), konserveringsmedel (E200, E202, E282), mjölbehandlingsmedel (askorbinsyra), vaniljaromer, naturlig vaniljarom.Gifflar Vanilj innehåller 25% mandel- och vaniljfyllning.",
    "storage": "",
    "allergens": "",
    "usage": "",
    "nutrition": [
      {
        "Näringsvärde": "Energi (kcal)",
        "100 Gram": "350 kcal"
      },
      {
        "Näringsvärde": "Energi (kJ)",
        "100 Gram": "1471 kJ"
      },
      {
        "Näringsvärde": "Fett",
        "100 Gram": "11 g"
      },
      {
        "Näringsvärde": "Varav mättat fett",
        "100 Gram": "1.2 g"
      },
      {
        "Näringsvärde": "Kolhydrat",
        "100 Gram": "54 g"
      },
      {
        "Näringsvärde": "Varav sockerarter",
        "100 Gram": "17 g"
      },
      {
        "Näringsvärde": "Protein",
        "100 Gram": "7.6 g"
      },
      {
        "Näringsvärde": "Salt",
        "100 Gram": "0.46 g"
      }
    ],
    "nutritionUnitText": "Näringsvärde per 100 gram",
    "categories": {
      "mainCategory": "Bröd & Kakor",
      "subCategories": [
        {
          "name": "Kaffebröd",
          "subSubCategories": [
            "Bullar & Vetelängder",
            "Bullar"
          ]
        }
      ]
    }
  },
  {
    "name": "Chokladbollar 6-p 240g ICA",
    "weightText": "0.24 kg",
    "caPart": "",
    "weightValue": 0.24,
    "weightUnit": "kg",
    "comparePrice": "78,96 kr/kg",
    "currentPrice": 18.95,
    "attributes": [
      "Rainforest Alliance certifierad"
    ],
    "imgUrl": "https://handlaprivatkund.ica.se/images-v3/bf7a00ca-390e-4769-865f-dc369586872e/956c5109-35e2-4142-b939-3f602e5fcf71/500x500.jpg",
    "productInformation": "Chokladbollar toppade med kokos. Passar för kaffestunden eller picknicken. Även passande att ha hemma i skafferiet om du får trevligt sällskap!",
    "countryText": "",
    "companyText": "ICA",
    "ingrediensText": "HAVREGRYN, socker, margarin (vegetabiliskt fett (palm*, kokos), rapsolja, vatten, salt, emulgeringsmedel (E471), arom, färgämne (E160a)), kakaoglasyr (socker, vegetabilisk fett (palmkärn*), fettreducerat kakao- pulver**, emulgeringsmedel (E322, E492)), kokosflingor, fettreducerat kakaopulver**, aromer, konserveringsmedel (E202). Kan innehålla spår av mjölk. *Läs om hållbarhets-certifierad palmolja på ica.se. **Rainforest Alliance-certifierad. Läs mer på www.ra.org.",
    "storage": "",
    "allergens": "",
    "usage": "",
    "nutrition": [
      {
        "Näringsvärde": "Energi (kcal)",
        "100 Gram": "481 kcal"
      },
      {
        "Näringsvärde": "Energi (kJ)",
        "100 Gram": "2006 kJ"
      },
      {
        "Näringsvärde": "Fett",
        "100 Gram": "27 g"
      },
      {
        "Näringsvärde": "Varav mättat fett",
        "100 Gram": "13 g"
      },
      {
        "Näringsvärde": "Kolhydrat",
        "100 Gram": "51 g"
      },
      {
        "Näringsvärde": "Varav sockerarter",
        "100 Gram": "31 g"
      },
      {
        "Näringsvärde": "Fiber",
        "100 Gram": "5 g"
      },
      {
        "Näringsvärde": "Protein",
        "100 Gram": "5.7 g"
      },
      {
        "Näringsvärde": "Salt",
        "100 Gram": "0.43 g"
      }
    ],
    "nutritionUnitText": "Näringsvärde per 100 gram",
    "categories": {
      "mainCategory": "Bröd & Kakor",
      "subCategories": [
        {
          "name": "Kaffebröd",
          "subSubCategories": [
            "Kondisbitar & Bakelser"
          ]
        }
      ]
    }
  },
  {
    "name": "Rågbitar Soft 360g Hatting",
    "weightText": "0.36 kg",
    "caPart": "",
    "weightValue": 0.36,
    "weightUnit": "kg",
    "comparePrice": "66,53 kr/kg",
    "currentPrice": 23.95,
    "attributes": [
      "Nyckelhålet"
    ],
    "imgUrl": "https://handlaprivatkund.ica.se/images-v3/bf7a00ca-390e-4769-865f-dc369586872e/8fa66822-92ff-4efe-aba0-1d16d1c2c373/500x500.jpg",
    "productInformation": "",
    "countryText": "",
    "companyText": "Hatting",
    "ingrediensText": "Ingredienser: FULLKORNSRÅG (mjöl, flingor, malt), vatten, RÅGMJÖL, VETEMJÖL, sirap, VETEGLUTEN, jäst, vegetabilisk fiber (potatis, psyllium), salt, förtjockningsmedel (E412), emulgeringsmedel (E471), konserveringsmedel (E200), mjölbehandlingsmedel (E300).",
    "storage": "",
    "allergens": "",
    "usage": "",
    "nutrition": [
      {
        "Näringsvärde": "Energi (kcal)",
        "100 Gram": "234 kcal"
      },
      {
        "Näringsvärde": "Energi (kJ)",
        "100 Gram": "989 kJ"
      },
      {
        "Näringsvärde": "Fett",
        "100 Gram": "1.6 g"
      },
      {
        "Näringsvärde": "Varav mättat fett",
        "100 Gram": "0.4 g"
      },
      {
        "Näringsvärde": "Kolhydrat",
        "100 Gram": "42 g"
      },
      {
        "Näringsvärde": "Varav sockerarter",
        "100 Gram": "2.5 g"
      },
      {
        "Näringsvärde": "Fiber",
        "100 Gram": "11 g"
      },
      {
        "Näringsvärde": "Protein",
        "100 Gram": "7.5 g"
      },
      {
        "Näringsvärde": "Salt",
        "100 Gram": "1.1 g"
      }
    ],
    "nutritionUnitText": "Näringsvärde per 100 gram",
    "categories": {
      "mainCategory": "Bröd & Kakor",
      "subCategories": [
        {
          "name": "Matbröd",
          "subSubCategories": [
            "Mörkt & Grovt bröd",
            "Mörkt styckpackat bröd"
          ]
        }
      ]
    }
  },
  {
    "name": "Mini rut Normalgräddat 200g Leksands Knäckebröd",
    "weightText": "0.2 kg",
    "caPart": "",
    "weightValue": 0.2,
    "weightUnit": "kg",
    "comparePrice": "79,75 kr/kg",
    "currentPrice": 15.95,
    "attributes": [
      "Från Sverige",
      "Nyckelhålet",
      "Ursprungsland Sverige"
    ],
    "imgUrl": "https://handlaprivatkund.ica.se/images-v3/bf7a00ca-390e-4769-865f-dc369586872e/22b0c2af-e333-47c3-835e-0eeb767bc424/500x500.jpg",
    "productInformation": "Mini Rut från LEKSANDS KNÄCKEBRÖD är bakat enligt vårt gamla familjerecept med enbart naturliga råvaror: Närodlad fullkornsråg och vatten från egen källa. Degen naggas med en speciell kavel som gör brödet rutigt. Äkta njutning sedan 1817.",
    "countryText": "Sverige",
    "companyText": "Leksands Knäcke",
    "ingrediensText": "Ingredienser: FULLKORNSRÅGMJÖL/FULDKORNSRUGMEL**, vatten/vand**, jäst/gær**, salt **Från Sverige",
    "storage": "",
    "allergens": "",
    "usage": "",
    "nutrition": [
      {
        "Näringsvärde": "Energi (kcal)",
        "100 Gram": "350 kcal"
      },
      {
        "Näringsvärde": "Energi (kJ)",
        "100 Gram": "1400 kJ"
      },
      {
        "Näringsvärde": "Fett",
        "100 Gram": "1.6 g"
      },
      {
        "Näringsvärde": "Varav mättat fett",
        "100 Gram": "0.3 g"
      },
      {
        "Näringsvärde": "Kolhydrat",
        "100 Gram": "60 g"
      },
      {
        "Näringsvärde": "Varav sockerarter",
        "100 Gram": "0.5 g"
      },
      {
        "Näringsvärde": "Fiber",
        "100 Gram": "20 g"
      },
      {
        "Näringsvärde": "Protein",
        "100 Gram": "8.9 g"
      },
      {
        "Näringsvärde": "Salt",
        "100 Gram": "1.2 g"
      }
    ],
    "nutritionUnitText": "Näringsvärde per 100 gram",
    "categories": {
      "mainCategory": "Bröd & Kakor",
      "subCategories": [
        {
          "name": "Knäckebröd & Skorpor",
          "subSubCategories": [
            "Knäckebröd",
            "Mörkt knäckebröd"
          ]
        }
      ]
    }
  },
  {
    "name": "Limpan Glutenfri Fryst 500g Fria",
    "weightText": "0.5 kg",
    "caPart": "",
    "weightValue": 0.5,
    "weightUnit": "kg",
    "comparePrice": "65,90 kr/kg",
    "currentPrice": 32.95,
    "attributes": [
      "Glutenfritt",
      "Laktosfritt"
    ],
    "imgUrl": "https://handlaprivatkund.ica.se/images-v3/bf7a00ca-390e-4769-865f-dc369586872e/3bdf8692-b536-45c4-9de8-5c883f4c0f00/500x500.jpg",
    "productInformation": "En svensk klassiker på frukostbordet. En mjuk, saftig Limpa som är lätt pomeranskryddad. Gluten-, laktos och mjölkproteinfri.",
    "countryText": "",
    "companyText": "Fria",
    "ingrediensText": "GLUTENFRI VETESTÄRKELSE, vatten, sirap, jäst, GLUTENFRITT MALTEXTRAKT (KORN), förtjockningsmedel (cellulosagummi, guarkärnmjöl, xantangummi), rapsolja, maltodextrin (majs), psylliumfröskal, äppelfiber, sockerbetsfiber, pomerans, emulgeringsmedel (lecitin [raps], mono- och diglycerider av fettsyror [veg.]), majsstärkelse, salt, aromer. KAN INNEHÅLLA SPÅR AV ÄGG.",
    "storage": "Lägsta förvaringstemperatur -30°C Högsta förvaringstemperatur -18°C",
    "allergens": "Kan innehålla Ägg",
    "usage": "",
    "nutrition": [
      {
        "Näringsvärde": "Energi (kcal)",
        "100 Gram": "270 kcal"
      },
      {
        "Näringsvärde": "Energi (kJ)",
        "100 Gram": "1150 kJ"
      },
      {
        "Näringsvärde": "Fett",
        "100 Gram": "3.7 g"
      },
      {
        "Näringsvärde": "Varav mättat fett",
        "100 Gram": "0.6 g"
      },
      {
        "Näringsvärde": "Kolhydrat",
        "100 Gram": "56 g"
      },
      {
        "Näringsvärde": "Varav sockerarter",
        "100 Gram": "9.4 g"
      },
      {
        "Näringsvärde": "Fiber",
        "100 Gram": "4.7 g"
      },
      {
        "Näringsvärde": "Protein",
        "100 Gram": "0.9 g"
      },
      {
        "Näringsvärde": "Salt",
        "100 Gram": "1.3 g"
      }
    ],
    "nutritionUnitText": "Näringsvärde per 100 gram",
    "categories": {
      "mainCategory": "Bröd & Kakor",
      "subCategories": [
        {
          "name": "Glutenfritt bröd & Kakor",
          "subSubCategories": [
            "Glutenfritt bröd",
            "Glutenfritt fryst bröd"
          ]
        }
      ]
    }
  },
  {
    "name": "Krustader mini 24-p Rahms",
    "weightText": "0.05 kg",
    "caPart": "",
    "weightValue": 0.05,
    "weightUnit": "kg",
    "comparePrice": "819,00 kr/kg",
    "currentPrice": 40.95,
    "attributes": [],
    "imgUrl": "https://handlaprivatkund.ica.se/images-v3/bf7a00ca-390e-4769-865f-dc369586872e/34ba47d1-5e5b-43e5-b387-177dc678d60c/500x500.jpg",
    "productInformation": "",
    "countryText": "",
    "companyText": "Rahms",
    "ingrediensText": "VETEMJÖL, palmolja , MJÖLK ,ÄGG, salt, SKUMMJÖLKSPULVER, GRÄDDE",
    "storage": "Lägsta förvaringstemperatur 20°C Högsta förvaringstemperatur 25°C",
    "allergens": "",
    "usage": "",
    "nutrition": [
      {
        "Näringsvärde": "Energi (kcal)",
        "100 Gram": "520 kcal"
      },
      {
        "Näringsvärde": "Energi (kJ)",
        "100 Gram": "2171 kJ"
      },
      {
        "Näringsvärde": "Fett",
        "100 Gram": "31 g"
      },
      {
        "Näringsvärde": "Varav mättat fett",
        "100 Gram": "15.7 g"
      },
      {
        "Näringsvärde": "Kolhydrat",
        "100 Gram": "49.2 g"
      },
      {
        "Näringsvärde": "Varav sockerarter",
        "100 Gram": "2.5 g"
      },
      {
        "Näringsvärde": "Fiber",
        "100 Gram": "2.8 g"
      },
      {
        "Näringsvärde": "Protein",
        "100 Gram": "9.7 g"
      },
      {
        "Näringsvärde": "Salt",
        "100 Gram": "3.5 g"
      }
    ],
    "nutritionUnitText": "Näringsvärde per 100 gram",
    "categories": {
      "mainCategory": "Bröd & Kakor",
      "subCategories": [
        {
          "name": "Kaffebröd",
          "subSubCategories": [
            "Kex & kakor",
            "Krustader & Krutonger"
          ]
        }
      ]
    }
  },
  {
    "name": "Kex salta 200g ICA",
    "weightText": "0.2 kg",
    "caPart": "",
    "weightValue": 0.2,
    "weightUnit": "kg",
    "comparePrice": "104,75 kr/kg",
    "currentPrice": 20.95,
    "attributes": [],
    "imgUrl": "https://handlaprivatkund.ica.se/images-v3/bf7a00ca-390e-4769-865f-dc369586872e/ae6e4ca2-d6c9-4940-af53-ffeaca3d70be/500x500.jpg",
    "productInformation": "Spröda salta kex. Passar för utflykten, picknicken eller ostbrickan. Ät gärna med en klick tapenade eller pesto som tilltugg till kalla drycker.",
    "countryText": "",
    "companyText": "ICA",
    "ingrediensText": "VETEMJÖL*, solrosolja 21% (antioxidationsmedel (E306, E304)), KORNMALTEXTRAKT, socker, bakpulver (E500, E503), salt 1,2%, glukos-fruktos-sirap, jäst, mjölbehandlingsmedel (NATRIUMMETABISULFIT). Kan innehålla spår av mjölk, senap, soja och ägg. *Ursprung EU.",
    "storage": "",
    "allergens": "Kan innehålla spår av Ägg, Mjölk, Sojabönor.",
    "usage": "",
    "nutrition": [
      {
        "Näringsvärde": "Energi (kcal)",
        "100 Gram": "482 kcal"
      },
      {
        "Näringsvärde": "Energi (kJ)",
        "100 Gram": "2024 kJ"
      },
      {
        "Näringsvärde": "Fett",
        "100 Gram": "20 g"
      },
      {
        "Näringsvärde": "Varav mättat fett",
        "100 Gram": "2 g"
      },
      {
        "Näringsvärde": "Kolhydrat",
        "100 Gram": "67 g"
      },
      {
        "Näringsvärde": "Varav sockerarter",
        "100 Gram": "5.2 g"
      },
      {
        "Näringsvärde": "Protein",
        "100 Gram": "7.3 g"
      },
      {
        "Näringsvärde": "Salt",
        "100 Gram": "1.4 g"
      }
    ],
    "nutritionUnitText": "Näringsvärde per 100 gram",
    "categories": {
      "mainCategory": "Bröd & Kakor",
      "subCategories": [
        {
          "name": "Kaffebröd",
          "subSubCategories": [
            "Kex & kakor",
            "Matkex",
            "Kex till ost"
          ]
        }
      ]
    }
  },
  {
    "name": "Kebabrullebröd 6-p 510g Schysst käk",
    "weightText": "0.51 kg",
    "caPart": "",
    "weightValue": 0.51,
    "weightUnit": "kg",
    "comparePrice": "60,69 kr/kg",
    "currentPrice": 30.95,
    "attributes": [],
    "imgUrl": "https://handlaprivatkund.ica.se/images-v3/bf7a00ca-390e-4769-865f-dc369586872e/82d9b3f0-4c78-4faf-8cff-b09d65296e44/500x500.jpg",
    "productInformation": "Sveriges första kebabrullebröd är snabbgrillade på ena sidan och är extra stora för att få plats med all hemmakebab.",
    "countryText": "",
    "companyText": "Schysst käk",
    "ingrediensText": "VETEMJÖL (67%)*, vatten, rapsolja, stabiliseringsmedel (E422), socker, VETEGLUTEN, salt, surhetsreglerande medel (E296), emulgeringsmedel (E471), bakpulver (E500), konserveringsmedel (E282, E202), mjölbehandlingsmedel (E920). *Ursprung: EU",
    "storage": "Förvaras torrt och svalt. Lägsta förvaringstemperatur 2°C Högsta förvaringstemperatur 8°C",
    "allergens": "",
    "usage": "",
    "nutrition": [
      {
        "Näringsvärde": "Energi (kcal)",
        "100 Gram": "313 kcal"
      },
      {
        "Näringsvärde": "Energi (kJ)",
        "100 Gram": "1319 kJ"
      },
      {
        "Näringsvärde": "Fett",
        "100 Gram": "7.4 g"
      },
      {
        "Näringsvärde": "Varav mättat fett",
        "100 Gram": "1.4 g"
      },
      {
        "Näringsvärde": "Kolhydrat",
        "100 Gram": "54 g"
      },
      {
        "Näringsvärde": "Varav sockerarter",
        "100 Gram": "3.4 g"
      },
      {
        "Näringsvärde": "Protein",
        "100 Gram": "7.8 g"
      },
      {
        "Näringsvärde": "Salt",
        "100 Gram": "1.6 g"
      }
    ],
    "nutritionUnitText": "Näringsvärde per 100 gram",
    "categories": {
      "mainCategory": "Bröd & Kakor",
      "subCategories": [
        {
          "name": "Korvbröd, Hamburgerbröd & Maträttsbröd",
          "subSubCategories": [
            "Övriga maträttsbröd"
          ]
        }
      ]
    }
  },
  {
    "name": "Knäckebröd Frukost 240g Wasa",
    "weightText": "0.24 kg",
    "caPart": "",
    "weightValue": 0.24,
    "weightUnit": "kg",
    "comparePrice": "91,46 kr/kg",
    "currentPrice": 21.95,
    "attributes": [],
    "imgUrl": "https://handlaprivatkund.ica.se/images-v3/bf7a00ca-390e-4769-865f-dc369586872e/6c9ec3d8-51c6-4d5d-9654-43e59b4d5a02/500x500.jpg",
    "productInformation": "Wasa Knäckebröd Frukost är ett milt och sprött knäckebröd med vallmofrön. Det är ett ljust knäckebröd, rikt på både fibrer och protein. Vårt knäckebröd med frön är bakat av vetemjöl och täckt med ett gyllene lager vallmofrö. Den milda smaken gör att vårt veteknäcke passar utmärkt till frukosten tillsammans med valfritt pålägg. Knäcket är givetvis ett gott komplement även till andra måltider. Wasa Frukost är 100% klimatkompenserat.",
    "countryText": "",
    "companyText": "Wasa",
    "ingrediensText": "VETEMJÖL (91%), solrosfröolja, vallmofrö (4,8%), jäst, socker, salt. KAN INNEHÅLLA SPÅR AV MJÖLK OCH SESAMFRÖN.",
    "storage": "Förvaras torrt och mörkt.",
    "allergens": "Kan innehålla spår av Mjölk.",
    "usage": "",
    "nutrition": [
      {
        "Näringsvärde": "Energi (kcal)",
        "100 Gram": "405 kcal"
      },
      {
        "Näringsvärde": "Energi (kJ)",
        "100 Gram": "1707 kJ"
      },
      {
        "Näringsvärde": "Fett",
        "100 Gram": "9 g"
      },
      {
        "Näringsvärde": "Varav mättat fett",
        "100 Gram": "1 g"
      },
      {
        "Näringsvärde": "Kolhydrat",
        "100 Gram": "66 g"
      },
      {
        "Näringsvärde": "Varav sockerarter",
        "100 Gram": "3.5 g"
      },
      {
        "Näringsvärde": "Fiber",
        "100 Gram": "6 g"
      },
      {
        "Näringsvärde": "Protein",
        "100 Gram": "12 g"
      },
      {
        "Näringsvärde": "Salt",
        "100 Gram": "1.1 g"
      }
    ],
    "nutritionUnitText": "Näringsvärde per 100 gram",
    "categories": {
      "mainCategory": "Bröd & Kakor",
      "subCategories": [
        {
          "name": "Knäckebröd & Skorpor",
          "subSubCategories": [
            "Knäckebröd",
            "Ljust knäckebröd"
          ]
        }
      ]
    }
  },
  {
    "name": "Knäckebröd Normalgräddat 830g Leksands Knäckebröd",
    "weightText": "0.83 kg",
    "caPart": "",
    "weightValue": 0.83,
    "weightUnit": "kg",
    "comparePrice": "44,52 kr/kg",
    "currentPrice": 36.95,
    "attributes": [
      "Från Sverige",
      "Nyckelhålet",
      "Ursprungsland Sverige"
    ],
    "imgUrl": "https://handlaprivatkund.ica.se/images-v3/bf7a00ca-390e-4769-865f-dc369586872e/8e72ed0a-f354-4895-b4f4-98461213d964/500x500.jpg",
    "productInformation": "En riktig vardagsfavorit från LEKSANDS KNÄCKEBRÖD bakad på närodlad råg och vatten från egen källa. Äkta njutning sedan 1817.",
    "countryText": "Sverige",
    "companyText": "Leksands Knäcke",
    "ingrediensText": "Ingredienser: FULLKORNSRÅGMJÖL/FULDKORNSRUGMEL**, vatten/vand**, jäst/gær**, salt. **Från Sverige",
    "storage": "Förvaras mörkt och torrt",
    "allergens": "",
    "usage": "",
    "nutrition": [
      {
        "Näringsvärde": "Energi (kcal)",
        "100 Gram": "350 kcal"
      },
      {
        "Näringsvärde": "Energi (kJ)",
        "100 Gram": "1400 kJ"
      },
      {
        "Näringsvärde": "Fett",
        "100 Gram": "1.6 g"
      },
      {
        "Näringsvärde": "Varav mättat fett",
        "100 Gram": "0.3 g"
      },
      {
        "Näringsvärde": "Kolhydrat",
        "100 Gram": "60 g"
      },
      {
        "Näringsvärde": "Varav sockerarter",
        "100 Gram": "0.5 g"
      },
      {
        "Näringsvärde": "Fiber",
        "100 Gram": "20 g"
      },
      {
        "Näringsvärde": "Protein",
        "100 Gram": "8.9 g"
      },
      {
        "Näringsvärde": "Salt",
        "100 Gram": "1.2 g"
      }
    ],
    "nutritionUnitText": "Näringsvärde per 100 gram",
    "categories": {
      "mainCategory": "Bröd & Kakor",
      "subCategories": [
        {
          "name": "Knäckebröd & Skorpor",
          "subSubCategories": [
            "Knäckebröd",
            "Mörkt knäckebröd"
          ]
        }
      ]
    }
  },
  {
    "name": "Majsbröd Spröda Glutenfri 61g Olda",
    "weightText": "0.07 kg",
    "caPart": "",
    "weightValue": 0.07,
    "weightUnit": "kg",
    "comparePrice": "85,00 kr/kg",
    "currentPrice": 5.95,
    "attributes": [
      "Glutenfritt"
    ],
    "imgUrl": "https://handlaprivatkund.ica.se/images-v3/bf7a00ca-390e-4769-865f-dc369586872e/1f6406c2-2a8b-4977-a393-78f9ebf04ba4/500x500.jpg",
    "productInformation": "Klassiska glutenfria spröda bröd med mild smak av majs. Passar till alla pålägg och tillfällen.",
    "countryText": "",
    "companyText": "OLDA",
    "ingrediensText": "SE: Ingredienser: majsgryn, majsstärkelse, salt, kummin",
    "storage": "Produkten även fri från jästKonsumentförpackning 70g = 10 skivorDetaljistförpackning 24 x 70g Lägsta förvaringstemperatur -30°C Högsta förvaringstemperatur 25°C",
    "allergens": "",
    "usage": "",
    "nutrition": [
      {
        "Näringsvärde": "Energi (kcal)",
        "100 Gram": "350 kcal"
      },
      {
        "Näringsvärde": "Energi (kJ)",
        "100 Gram": "1482 kJ"
      },
      {
        "Näringsvärde": "Fett",
        "100 Gram": "1.2 g"
      },
      {
        "Näringsvärde": "Varav mättat fett",
        "100 Gram": "0.1 g"
      },
      {
        "Näringsvärde": "Kolhydrat",
        "100 Gram": "74.2 g"
      },
      {
        "Näringsvärde": "Varav sockerarter",
        "100 Gram": "0.6 g"
      },
      {
        "Näringsvärde": "Fiber",
        "100 Gram": "6.4 g"
      },
      {
        "Näringsvärde": "Protein",
        "100 Gram": "8.4 g"
      },
      {
        "Näringsvärde": "Salt",
        "100 Gram": "0.7 g"
      }
    ],
    "nutritionUnitText": "Näringsvärde per 100 gram",
    "categories": {
      "mainCategory": "Bröd & Kakor",
      "subCategories": [
        {
          "name": "Glutenfritt bröd & Kakor",
          "subSubCategories": [
            "Glutenfria kex"
          ]
        }
      ]
    }
  },
  {
    "name": "Potato Hot dog bun 6-p 270g Korvbrödsbagarn",
    "weightText": "0.27 kg",
    "caPart": "",
    "weightValue": 0.27,
    "weightUnit": "kg",
    "comparePrice": "112,96 kr/kg",
    "currentPrice": 30.5,
    "attributes": [
      "Från Sverige",
      "Ursprungsland Sverige"
    ],
    "imgUrl": "https://handlaprivatkund.ica.se/images-v3/bf7a00ca-390e-4769-865f-dc369586872e/bf314b2a-2322-4bed-bad0-b5ff9b006952/500x500.jpg",
    "productInformation": "Potato hot dog bun är ett amerika-inspirerat korvbröd, bakat med potatis vilket gör brödet unikt saftigt och luftigt. Storleken är lite bigger och känslan är mycket softare.",
    "countryText": "Sverige",
    "companyText": "Korvbrödsbagarn",
    "ingrediensText": "Ingredienser: VETEMJÖL*, vatten*, potatisflingor (6,6 %, EU), invertsocker*, rapsolja*, jäst*, salt, VETEGLUTEN, potatisstärkelse (0,4%), VETESKÅLLNING*, vegetabiliskt protein (ärta), vegetabiliskt emulgeringsmedel (E471, E481), arom, glukossirap, rismjöl, torkad surdeg av VETE, maltmjöl av VETE, mjölbehandlingsmedel (E300). Kan innehålla spår av SESAMFRÖ. *råvaran har svenskt ursprung.",
    "storage": "Förvara i sin förpackning i rumstemperatur.",
    "allergens": "",
    "usage": "Rosta gärna innan servering.",
    "nutrition": [
      {
        "Näringsvärde": "Energi (kcal)",
        "100 Gram": "274 kcal"
      },
      {
        "Näringsvärde": "Energi (kJ)",
        "100 Gram": "1157 kJ"
      },
      {
        "Näringsvärde": "Fett",
        "100 Gram": "5.2 g"
      },
      {
        "Näringsvärde": "Varav mättat fett",
        "100 Gram": "0.8 g"
      },
      {
        "Näringsvärde": "Kolhydrat",
        "100 Gram": "47 g"
      },
      {
        "Näringsvärde": "Varav sockerarter",
        "100 Gram": "5.2 g"
      },
      {
        "Näringsvärde": "Fiber",
        "100 Gram": "2.4 g"
      },
      {
        "Näringsvärde": "Protein",
        "100 Gram": "8.7 g"
      },
      {
        "Näringsvärde": "Salt",
        "100 Gram": "1.07 g"
      }
    ],
    "nutritionUnitText": "Näringsvärde per 100 gram",
    "categories": {
      "mainCategory": "Bröd & Kakor",
      "subCategories": [
        {
          "name": "Korvbröd, Hamburgerbröd & Maträttsbröd",
          "subSubCategories": [
            "Korvbröd"
          ]
        }
      ]
    }
  },
  {
    "name": "Knäcke runda Original 280g Polarbröd",
    "weightText": "0.28 kg",
    "caPart": "",
    "weightValue": 0.28,
    "weightUnit": "kg",
    "comparePrice": "89,11 kr/kg",
    "currentPrice": 24.95,
    "attributes": [
      "Från Sverige",
      "Ursprungsland Sverige"
    ],
    "imgUrl": "https://handlaprivatkund.ica.se/images-v3/bf7a00ca-390e-4769-865f-dc369586872e/26e7bbe1-822a-4c6f-b774-f05a61c0df25/500x500.jpg",
    "productInformation": "Polarknäcke Runda Original är ett norrländskt hårt tunnbröd av knäckebrödskaraktär. Det är gott som det är, med bara en klick smör. Men allra godast smakar det naturligtvis med ditt favoritpålägg. Till frukost, bredvid lunchtallriken, som mellanmål, till kvällsteet eller som nattamat. Kort sagt, Polarknäcke är gott när som helst och med nästan vad som helst.",
    "countryText": "Sverige",
    "companyText": "Polarbröd",
    "ingrediensText": "VETEmjöl¹, siktat KORNmjöl¹, sirap¹, vatten, bakpulver (hjorthornssalt), salt, jäst¹. ¹Ursprungsland: Sverige.",
    "storage": "Förvara brödet mörkt och torrt i sin förpackning.",
    "allergens": "Innehåller Spannmål som innehåller gluten",
    "usage": "Se bäst-före-märkning på förpackningen.",
    "nutrition": [
      {
        "Näringsvärde": "Energi (kcal)",
        "100 Gram": "360 kcal"
      },
      {
        "Näringsvärde": "Energi (kJ)",
        "100 Gram": "1500 kJ"
      },
      {
        "Näringsvärde": "Fett",
        "100 Gram": "1.7 g"
      },
      {
        "Näringsvärde": "Varav mättat fett",
        "100 Gram": "0.4 g"
      },
      {
        "Näringsvärde": "Kolhydrat",
        "100 Gram": "71 g"
      },
      {
        "Näringsvärde": "Varav sockerarter",
        "100 Gram": "2.3 g"
      },
      {
        "Näringsvärde": "Fiber",
        "100 Gram": "3.7 g"
      },
      {
        "Näringsvärde": "Protein",
        "100 Gram": "12 g"
      },
      {
        "Näringsvärde": "Salt",
        "100 Gram": "0.95 g"
      }
    ],
    "nutritionUnitText": "Näringsvärde per 100 gram",
    "categories": {
      "mainCategory": "Bröd & Kakor",
      "subCategories": [
        {
          "name": "Knäckebröd & Skorpor",
          "subSubCategories": [
            "Hårt tunnbröd"
          ]
        }
      ]
    }
  },
  {
    "name": "Majskakor gräddfil & lök 125 g ICA",
    "weightText": "0.125 kg",
    "caPart": "",
    "weightValue": 0.125,
    "weightUnit": "kg",
    "comparePrice": "143,60 kr/kg",
    "currentPrice": 17.95,
    "attributes": [],
    "imgUrl": "https://handlaprivatkund.ica.se/images-v3/bf7a00ca-390e-4769-865f-dc369586872e/d8fc7eab-a0d4-43bc-b97e-3f8e8aad52ad/500x500.jpg",
    "productInformation": "",
    "countryText": "",
    "companyText": "ICA",
    "ingrediensText": "Majs* 78%, rapsolja, kryddblandning 8,9% (vasslepulver (från MJÖLK), salt, smörmjölkspulver (från MJÖLK), ostpulver (från MJÖLK), lökpulver, tomatpulver, druvsocker, vitlökspulver, arom, syra (E296), jästextrakt, persilja, surhetsreglerande medel (E262), kajennpeppar, färgämne (E160c)). Kan innehålla spår av soja och sesamfrö. *Ursprung EU.",
    "storage": "Förvaras torrt, ej över normal rumstemperatur.",
    "allergens": "",
    "usage": "",
    "nutrition": [
      {
        "Näringsvärde": "Energi (kcal)",
        "100 Gram": "449 kcal"
      },
      {
        "Näringsvärde": "Energi (kJ)",
        "100 Gram": "1890 kJ"
      },
      {
        "Näringsvärde": "Fett",
        "100 Gram": "15 g"
      },
      {
        "Näringsvärde": "Varav mättat fett",
        "100 Gram": "1.6 g"
      },
      {
        "Näringsvärde": "Kolhydrat",
        "100 Gram": "71 g"
      },
      {
        "Näringsvärde": "Varav sockerarter",
        "100 Gram": "3.7 g"
      },
      {
        "Näringsvärde": "Fiber",
        "100 Gram": "1.8 g"
      },
      {
        "Näringsvärde": "Protein",
        "100 Gram": "6.7 g"
      },
      {
        "Näringsvärde": "Salt",
        "100 Gram": "1.5 g"
      }
    ],
    "nutritionUnitText": "Näringsvärde per 100 gram",
    "categories": {
      "mainCategory": "Bröd & Kakor",
      "subCategories": [
        {
          "name": "Knäckebröd & Skorpor",
          "subSubCategories": [
            "Riskakor"
          ]
        }
      ]
    }
  },
  {
    "name": "Knäckebröd Crisp'n Wheat 110g Wasa",
    "weightText": "0.11 kg",
    "caPart": "",
    "weightValue": 0.11,
    "weightUnit": "kg",
    "comparePrice": "172,27 kr/kg",
    "currentPrice": 18.95,
    "attributes": [],
    "imgUrl": "https://handlaprivatkund.ica.se/images-v3/bf7a00ca-390e-4769-865f-dc369586872e/4ef64835-4e50-4399-8476-3c59ffce4c5f/500x500.jpg",
    "productInformation": "Wasa Knäckebröd Crisp'n Wheat är ett krispigt, milt och luftigt knäcke. Det är ett ljust knäckebröd som passar lika bra med traditionella pålägg som med frukt och bär. Wasa veteknäckebröd är bakat med noga utvalda ingredienser för dig som uppskattar njutning och glädje i livet. Ett paket veteknäcke är ett utmärkt tillbehör på picknicken eller som ett enkelt mellanmål i farten. Wasa Knäckebröd Crisp'n Wheat innehåller både kostfiber och fullkorn, dessutom är det 100% klimatkompenserat.",
    "countryText": "",
    "companyText": "Wasa",
    "ingrediensText": "Ingredienser: VETEMJÖL (45%), FULLKORNSVETEMJÖL (25%), RÅGMJÖL, FULLKORNSRÅGMJÖL (9%), SKUMMJÖLKSPULVER, socker, salt, solrosolja. Kan innehålla spår av LUPIN, SENAP, SESAMFRÖN och SOJABÖNOR.",
    "storage": "Förvaras torrt och mörkt. Högsta förvaringstemperatur 25°C",
    "allergens": "Kan innehålla spår av Sesamfrön.",
    "usage": "",
    "nutrition": [
      {
        "Näringsvärde": "Energi (kcal)",
        "100 Gram": "366 kcal"
      },
      {
        "Näringsvärde": "Energi (kJ)",
        "100 Gram": "1548 kJ"
      },
      {
        "Näringsvärde": "Fett",
        "100 Gram": "2 g"
      },
      {
        "Näringsvärde": "Varav mättat fett",
        "100 Gram": "0.3 g"
      },
      {
        "Näringsvärde": "Kolhydrat",
        "100 Gram": "69 g"
      },
      {
        "Näringsvärde": "Varav sockerarter",
        "100 Gram": "5.5 g"
      },
      {
        "Näringsvärde": "Fiber",
        "100 Gram": "10 g"
      },
      {
        "Näringsvärde": "Protein",
        "100 Gram": "13 g"
      },
      {
        "Näringsvärde": "Salt",
        "100 Gram": "1.2 g"
      }
    ],
    "nutritionUnitText": "Näringsvärde per 100 gram",
    "categories": {
      "mainCategory": "Bröd & Kakor",
      "subCategories": [
        {
          "name": "Knäckebröd & Skorpor",
          "subSubCategories": [
            "Knäckebröd",
            "Ljust knäckebröd"
          ]
        }
      ]
    }
  },
  {
    "name": "Original 400g Finn Crisp",
    "weightText": "0.4 kg",
    "caPart": "",
    "weightValue": 0.4,
    "weightUnit": "kg",
    "comparePrice": "66,25 kr/kg",
    "currentPrice": 26.5,
    "attributes": [],
    "imgUrl": "https://handlaprivatkund.ica.se/images-v3/bf7a00ca-390e-4769-865f-dc369586872e/6ef75a08-a01d-4f91-b3ca-24fe3cbccaf0/500x500.jpg",
    "productInformation": "Krispiga, tunna knäckebröd bakade på fullkornsmjöl av råg. Passar lika bra till vardagens mellanmål som till helgens kalas och ostbrickor.",
    "countryText": "",
    "companyText": "Finn Crisp",
    "ingrediensText": "fullkornsRÅGmjöl, surdeg 25 % (fullkornsRÅGmjöl, vatten), salt, jäst. Innehåller 95 % fullkornsrågmjöl. Kan innehålla spår av sesamfrön.",
    "storage": "Förvaras torrt.",
    "allergens": "Kan innehålla spår av Sesamfrön.",
    "usage": "",
    "nutrition": [
      {
        "Näringsvärde": "Energi (kcal)",
        "100 Gram": "350 kcal"
      },
      {
        "Näringsvärde": "Energi (kJ)",
        "100 Gram": "1463 kJ"
      },
      {
        "Näringsvärde": "Fett",
        "100 Gram": "2.6 g"
      },
      {
        "Näringsvärde": "Varav mättat fett",
        "100 Gram": "0.5 g"
      },
      {
        "Näringsvärde": "Kolhydrat",
        "100 Gram": "61 g"
      },
      {
        "Näringsvärde": "Varav sockerarter",
        "100 Gram": "1.6 g"
      },
      {
        "Näringsvärde": "Fiber",
        "100 Gram": "20 g"
      },
      {
        "Näringsvärde": "Protein",
        "100 Gram": "10 g"
      },
      {
        "Näringsvärde": "Salt",
        "100 Gram": "1.4 g"
      }
    ],
    "nutritionUnitText": "Näringsvärde per 100 gram",
    "categories": {
      "mainCategory": "Bröd & Kakor",
      "subCategories": [
        {
          "name": "Knäckebröd & Skorpor",
          "subSubCategories": [
            "Knäckebröd",
            "Mörkt knäckebröd"
          ]
        }
      ]
    }
  },
  {
    "name": "Kakor Mjölkchoklad 205g Ballerina",
    "weightText": "0.205 kg",
    "caPart": "",
    "weightValue": 0.205,
    "weightUnit": "kg",
    "comparePrice": "104,88 kr/kg",
    "currentPrice": 21.5,
    "attributes": [
      "Rainforest Alliance certifierad"
    ],
    "imgUrl": "https://handlaprivatkund.ica.se/images-v3/bf7a00ca-390e-4769-865f-dc369586872e/c469320f-1d81-4542-86d1-1d59aafdd42d/500x500.jpg",
    "productInformation": "Ballerina är Sveriges mest älskade kaka och Göteborgs Kex populäraste varumärke. Ballerina Mjölkchoklad består av spröda kex med len och krämig mjökchokladfyllning. Givna kakor till fikat, kalaset eller utflykten! Ballerinas produkter är bakade utan palmolja.",
    "countryText": "",
    "companyText": "Ballerina",
    "ingrediensText": "VETE-/HVEDE-/HVETEMEL, mjölkchokladfyllning 35% (fullhärdat kokosfett, socker, vassle-/valle-/mysepulver (MJÖLK/MÆLK/MELK), mjölkchoklad 8% (socker, kakaosmör¹, MJÖLK-/MÆLKE-/MELKEPULVER, kakaomassa¹, emulgeringsmedel (SOJALECITIN), arom), fettreducerat kakaopulver¹, emulgeringsmedel (lecitin), salt, aromer), socker, solrosolja/solsikkeolie, fettreducerat kakaopulver¹, bakpulver/hævemidler (natriumbikarbonat E500, hjorthornssalt E503), invertsocker, salt, emulgeringsmedel (lecitin), aromer. Kan innehålla spår/spor av HASSELNÖTTER/HASSELNØDDER. ¹Rainforest Alliance Certified. För mer info se ra.org.",
    "storage": "",
    "allergens": "Innehåller Spannmål som innehåller gluten Innehåller Sojabönor Innehåller Mjölk Kan innehålla Nötter (eng: tree nuts)",
    "usage": "",
    "nutrition": [
      {
        "Näringsvärde": "Energi (kcal)",
        "100 Gram": "494 kcal"
      },
      {
        "Näringsvärde": "Energi (kJ)",
        "100 Gram": "2070 kJ"
      },
      {
        "Näringsvärde": "Fett",
        "100 Gram": "24 g"
      },
      {
        "Näringsvärde": "Varav mättat fett",
        "100 Gram": "18 g"
      },
      {
        "Näringsvärde": "Kolhydrat",
        "100 Gram": "63 g"
      },
      {
        "Näringsvärde": "Varav sockerarter",
        "100 Gram": "33 g"
      },
      {
        "Näringsvärde": "Fiber",
        "100 Gram": "2.5 g"
      },
      {
        "Näringsvärde": "Protein",
        "100 Gram": "6.1 g"
      },
      {
        "Näringsvärde": "Salt",
        "100 Gram": "0.6 g"
      }
    ],
    "nutritionUnitText": "Näringsvärde per 100 gram",
    "categories": {
      "mainCategory": "Bröd & Kakor",
      "subCategories": [
        {
          "name": "Kaffebröd",
          "subSubCategories": [
            "Kex & kakor",
            "Söta kex & Kakor",
            "Fyllda kakor"
          ]
        }
      ]
    }
  },
  {
    "name": "Majskaka Smör och havssalt 120 g Friggs",
    "weightText": "0.12 kg",
    "caPart": "",
    "weightValue": 0.12,
    "weightUnit": "kg",
    "comparePrice": "157,92 kr/kg",
    "currentPrice": 18.95,
    "attributes": [
      "Glutenfritt"
    ],
    "imgUrl": "https://handlaprivatkund.ica.se/images-v3/bf7a00ca-390e-4769-865f-dc369586872e/0ef76af2-2d10-4e24-a228-da4b2504539e/500x500.jpg",
    "productInformation": "",
    "countryText": "",
    "companyText": "Friggs",
    "ingrediensText": "Ingredienser: Majs (86%), rapsolja, kryddblandning med smak av smör och havssalt (7%) (maltodextrin (potatis, majs), arom, dextros, salt, havssalt, rismjöl, solrosolja, lök, KÄRNMJÖLKSPULVER, modifierad stärkelse (E1450), vitlök, surhetsreglerande medel: kalciumfosfater (E341), klumpförebyggande medel (E551), färgämne: kurkumin (E100), antioxidationsmedel (E300)).",
    "storage": "Förvaras torrt, ej över normal rumstemperatur.",
    "allergens": "",
    "usage": "",
    "nutrition": [
      {
        "Näringsvärde": "Energi (kcal)",
        "100 Gram": "414 kcal"
      },
      {
        "Näringsvärde": "Energi (kJ)",
        "100 Gram": "1748 kJ"
      },
      {
        "Näringsvärde": "Fett",
        "100 Gram": "8.6 g"
      },
      {
        "Näringsvärde": "Varav mättat fett",
        "100 Gram": "0.8 g"
      },
      {
        "Näringsvärde": "Kolhydrat",
        "100 Gram": "76 g"
      },
      {
        "Näringsvärde": "Varav sockerarter",
        "100 Gram": "1.9 g"
      },
      {
        "Näringsvärde": "Fiber",
        "100 Gram": "2.4 g"
      },
      {
        "Näringsvärde": "Protein",
        "100 Gram": "7 g"
      },
      {
        "Näringsvärde": "Salt",
        "100 Gram": "1.1 g"
      }
    ],
    "nutritionUnitText": "Näringsvärde per 100 gram",
    "categories": {
      "mainCategory": "Bröd & Kakor",
      "subCategories": [
        {
          "name": "Knäckebröd & Skorpor",
          "subSubCategories": [
            "Riskakor"
          ]
        }
      ]
    }
  },
  {
    "name": "Havrerundel 450g Fazer",
    "weightText": "0.45 kg",
    "caPart": "",
    "weightValue": 0.45,
    "weightUnit": "kg",
    "comparePrice": "57,67 kr/kg",
    "currentPrice": 25.95,
    "attributes": [
      "Från Sverige",
      "Ursprungsland Sverige"
    ],
    "imgUrl": "https://handlaprivatkund.ica.se/images-v3/bf7a00ca-390e-4769-865f-dc369586872e/6d64f7b1-75a3-4a3c-acd0-44e700107d05/500x500.jpg",
    "productInformation": "",
    "countryText": "Sverige",
    "companyText": "Fazer",
    "ingrediensText": "VETEmjöl1, vatten, HAVREgryn1 15%, sirap1,2, VETEgluten, jäst1, socker1, skållat HAVREmjöl1 1 %, karamelliserad malt av VETE, ättika, fermenterat VETEmjöl, salt, VETEmjöl, vegetabiliskt emulgeringsmedel (natriumstearoyllaktylat), stabiliseringsmedel (guarkärnmjöl), rapsolja, bakpulver (hjorthornssalt), malt av KORN, mjölbehandlingsmedel (askorbinsyra). 1Ursprung Sverige. 2Ursprung EU/icke EU. Brödet består av 85 % svenska ingredienser. 30 % av brödets spannmål är havre. Brödet innehåller 17 % havre.",
    "storage": "",
    "allergens": "Innehåller Spannmål som innehåller gluten",
    "usage": "",
    "nutrition": [
      {
        "Näringsvärde": "Energi (kcal)",
        "100 Gram": "240 kcal"
      },
      {
        "Näringsvärde": "Energi (kJ)",
        "100 Gram": "1000 kJ"
      },
      {
        "Näringsvärde": "Fett",
        "100 Gram": "2.4 g"
      },
      {
        "Näringsvärde": "Varav mättat fett",
        "100 Gram": "0.5 g"
      },
      {
        "Näringsvärde": "Kolhydrat",
        "100 Gram": "43 g"
      },
      {
        "Näringsvärde": "Varav sockerarter",
        "100 Gram": "6.4 g"
      },
      {
        "Näringsvärde": "Fiber",
        "100 Gram": "3.8 g"
      },
      {
        "Näringsvärde": "Protein",
        "100 Gram": "10 g"
      },
      {
        "Näringsvärde": "Salt",
        "100 Gram": "0.6 g"
      }
    ],
    "nutritionUnitText": "Näringsvärde per 100 gram",
    "categories": {
      "mainCategory": "Bröd & Kakor",
      "subCategories": [
        {
          "name": "Matbröd",
          "subSubCategories": [
            "Mjukt tunnbröd & Vetekakor",
            "Vetekakor"
          ]
        }
      ]
    }
  },
  {
    "name": "Ballerina Kladdkaka 210g Göteborgs",
    "weightText": "0.21 kg",
    "caPart": "",
    "weightValue": 0.21,
    "weightUnit": "kg",
    "comparePrice": "102,38 kr/kg",
    "currentPrice": 21.5,
    "attributes": [
      "Rainforest Alliance certifierad"
    ],
    "imgUrl": "https://handlaprivatkund.ica.se/images-v3/bf7a00ca-390e-4769-865f-dc369586872e/2c315048-5126-4096-93ea-b79fa3af5b71/500x500.jpg",
    "productInformation": "Ballerina Kladdkaka är oemotståndligt goda kakor med frestande smak av kladdkaka i både kex och fyllning. Kakan har ett tunnare och sprödare kex som liknar kladdkakans frasiga yttre. Mellan kexen har vi fyllt på med extra mycket krämig fyllning som efterliknar en kladdkakas mjuka inre. Doppas (i mjölk, te eller kaffe) för bästa smak! Ballerinas produkter är bakade utan palmolja.",
    "countryText": "",
    "companyText": "Ballerina",
    "ingrediensText": "Kakaofyllning 39% (socker, fullhärdat kokosfett, vasslepulver/vallepulver/mysepulver från MJÖLK/MÆLK/MELK, fettreducerat kakaopulver¹, aromer, emulgeringsmedel/emulgator (lecitin), salt), VETEMJÖL/HVEDEMEL/HVETEMEL, socker, solrosolja/solsikkeolie, fettreducerat kakaopulver¹, VETESTÄRKELSE/HVEDESTIVELSE/HVETESTIVELSE, invertsocker, bakpulver/hævemiddel (natriumbikarbonat E500), emulgeringsmedel/emulgator (lecitin), salt, arom. Kan innehålla spår/spor av HASSELNÖTTER/HASSELNØDDER. ¹Rainforest Alliance Certified. För mer info se ra.org.",
    "storage": "",
    "allergens": "Innehåller Mjölk Innehåller Sojabönor Innehåller Spannmål som innehåller gluten Kan innehålla Nötter (eng: tree nuts)",
    "usage": "",
    "nutrition": [
      {
        "Näringsvärde": "Energi (kcal)",
        "100 Gram": "498 kcal"
      },
      {
        "Näringsvärde": "Energi (kJ)",
        "100 Gram": "2084 kJ"
      },
      {
        "Näringsvärde": "Fett",
        "100 Gram": "24 g"
      },
      {
        "Näringsvärde": "Varav mättat fett",
        "100 Gram": "16 g"
      },
      {
        "Näringsvärde": "Kolhydrat",
        "100 Gram": "63 g"
      },
      {
        "Näringsvärde": "Varav sockerarter",
        "100 Gram": "40 g"
      },
      {
        "Näringsvärde": "Fiber",
        "100 Gram": "3.2 g"
      },
      {
        "Näringsvärde": "Protein",
        "100 Gram": "5.1 g"
      },
      {
        "Näringsvärde": "Salt",
        "100 Gram": "0.63 g"
      }
    ],
    "nutritionUnitText": "Näringsvärde per 100 gram",
    "categories": {
      "mainCategory": "Bröd & Kakor",
      "subCategories": [
        {
          "name": "Kaffebröd",
          "subSubCategories": [
            "Kex & kakor",
            "Söta kex & Kakor",
            "Fyllda kakor"
          ]
        }
      ]
    }
  },
  {
    "name": "Jätten Choklad 250g Göteborgs",
    "weightText": "0.25 kg",
    "caPart": "",
    "weightValue": 0.25,
    "weightUnit": "kg",
    "comparePrice": "98,00 kr/kg",
    "currentPrice": 24.5,
    "attributes": [
      "Rainforest Alliance certifierad"
    ],
    "imgUrl": "https://handlaprivatkund.ica.se/images-v3/bf7a00ca-390e-4769-865f-dc369586872e/7529ca23-6f96-48ce-8b88-73355376d9b9/500x500.jpg",
    "productInformation": "JJätten Choklad - klassiska kex med smak av choklad från Göteborgs Kex. Spröda cremefyllda rån som uppskattas av både barn och vuxna. Jätten kommer i en stor påse som räcker till alla. Påsen är dessutom återförslutningsbar vilket bevarar den goda sprödheten. Produkten är vegansk och fri från palmolja.",
    "countryText": "",
    "companyText": "Jätten",
    "ingrediensText": "Kräm med chokladsmak 64% (socker, fullhärdat kokosfett, fettreducerat kakaopulver¹, emulgeringsmedel (SOJALECITIN), arom (vanillin)), VETEMJÖL, fullhärdat kokosfett, emulgeringsmedel (SOJALECITIN), salt, bakpulver (natriumbikarbonat), KORNMALT. ¹Rainforest Alliance Certified. För mer info se ra.org.",
    "storage": "",
    "allergens": "",
    "usage": "",
    "nutrition": [
      {
        "Näringsvärde": "Energi (kcal)",
        "100 Gram": "539 kcal"
      },
      {
        "Näringsvärde": "Energi (kJ)",
        "100 Gram": "2254 kJ"
      },
      {
        "Näringsvärde": "Fett",
        "100 Gram": "29 g"
      },
      {
        "Näringsvärde": "Varav mättat fett",
        "100 Gram": "28 g"
      },
      {
        "Näringsvärde": "Kolhydrat",
        "100 Gram": "64 g"
      },
      {
        "Näringsvärde": "Varav sockerarter",
        "100 Gram": "31 g"
      },
      {
        "Näringsvärde": "Fiber",
        "100 Gram": "3 g"
      },
      {
        "Näringsvärde": "Protein",
        "100 Gram": "4.8 g"
      },
      {
        "Näringsvärde": "Salt",
        "100 Gram": "0.4 g"
      }
    ],
    "nutritionUnitText": "Näringsvärde per 100 gram",
    "categories": {
      "mainCategory": "Bröd & Kakor",
      "subCategories": [
        {
          "name": "Kaffebröd",
          "subSubCategories": [
            "Kex & kakor",
            "Söta kex & Kakor",
            "Wafers"
          ]
        }
      ]
    }
  },
  {
    "name": "Knäckebröd Delikatess 540g Wasa",
    "weightText": "0.54 kg",
    "caPart": "",
    "weightValue": 0.54,
    "weightUnit": "kg",
    "comparePrice": "60,19 kr/kg",
    "currentPrice": 32.5,
    "attributes": [
      "Nyckelhålet"
    ],
    "imgUrl": "https://handlaprivatkund.ica.se/images-v3/bf7a00ca-390e-4769-865f-dc369586872e/4495c965-10b6-47f6-adf4-211847c4702f/500x500.jpg",
    "productInformation": "Wasa Knäckebröd Delikatess är ett tunt och krispigt rågknäcke med en delikat smak. Det är bakat på fullkornsrågmjöl vilket ger ett knäcke med 100% fullkorn och mycket kostfiber. Det är ett mycket ljust, nästan vitt, knäckebröd med en mild och god smak. Detta spröda rågknäckebröd gör sig extra bra med pålägg från delikatessdisken men är minst lika gott som en vanlig knäckemacka. Wasa Delikatess knäckebröd är 100% klimatkompenserat samt nyckelhålsmärkt.",
    "countryText": "",
    "companyText": "Wasa",
    "ingrediensText": "Ingredienser: FULLKORNSRÅGMJÖL, salt. KAN INNEHÅLLA SPÅR AV SESAMFRÖN OCH MJÖLK.",
    "storage": "Förvaras torrt och mörkt.",
    "allergens": "Kan innehålla spår av Mjölk, Sesamfrön.",
    "usage": "",
    "nutrition": [
      {
        "Näringsvärde": "Energi (kcal)",
        "100 Gram": "344 kcal"
      },
      {
        "Näringsvärde": "Energi (kJ)",
        "100 Gram": "1450 kJ"
      },
      {
        "Näringsvärde": "Fett",
        "100 Gram": "1.5 g"
      },
      {
        "Näringsvärde": "Varav mättat fett",
        "100 Gram": "0.3 g"
      },
      {
        "Näringsvärde": "Kolhydrat",
        "100 Gram": "65 g"
      },
      {
        "Näringsvärde": "Varav sockerarter",
        "100 Gram": "2 g"
      },
      {
        "Näringsvärde": "Fiber",
        "100 Gram": "17 g"
      },
      {
        "Näringsvärde": "Protein",
        "100 Gram": "9 g"
      },
      {
        "Näringsvärde": "Salt",
        "100 Gram": "0.88 g"
      },
      {
        "Näringsvärde": "Järn",
        "100 Gram": "2.8 mg",
        "% av DRI(*)": "20"
      },
      {
        "Näringsvärde": "Magnesium",
        "100 Gram": "95 mg",
        "% av DRI(*)": "25"
      },
      {
        "Näringsvärde": "Zink",
        "100 Gram": "3.1 mg",
        "% av DRI(*)": "31"
      }
    ],
    "nutritionUnitText": "Näringsvärde per 100 gram",
    "categories": {
      "mainCategory": "Bröd & Kakor",
      "subCategories": [
        {
          "name": "Knäckebröd & Skorpor",
          "subSubCategories": [
            "Knäckebröd",
            "Ljust knäckebröd"
          ]
        }
      ]
    }
  },
  {
    "name": "Fullkorn skorpor 240g Pågen",
    "weightText": "0.24 kg",
    "caPart": "",
    "weightValue": 0.24,
    "weightUnit": "kg",
    "comparePrice": "77,08 kr/kg",
    "currentPrice": 18.5,
    "attributes": [
      "Nyckelhålet"
    ],
    "imgUrl": "https://handlaprivatkund.ica.se/images-v3/bf7a00ca-390e-4769-865f-dc369586872e/ce41bbef-589b-4e56-b8f4-7ec5e3e8cc7d/500x500.jpg",
    "productInformation": "",
    "countryText": "",
    "companyText": "Pågen",
    "ingrediensText": "FullkornsVETEmjöl* (63%), VETEmjöl*, vegetabiliska oljor (raps*, fullhärdad raps), malt av KORN/BYG, jäst/gær/gjær, salt. *Svensk rapsolja och svenskt mjöl från egen kvarn.",
    "storage": "Förvaras torrt och avskilt från varor med stark lukt.",
    "allergens": "",
    "usage": "",
    "nutrition": [
      {
        "Näringsvärde": "Energi (kcal)",
        "100 Gram": "400 kcal"
      },
      {
        "Näringsvärde": "Energi (kJ)",
        "100 Gram": "1688 kJ"
      },
      {
        "Näringsvärde": "Fett",
        "100 Gram": "6.6 g"
      },
      {
        "Näringsvärde": "Varav mättat fett",
        "100 Gram": "0.9 g"
      },
      {
        "Näringsvärde": "Kolhydrat",
        "100 Gram": "68 g"
      },
      {
        "Näringsvärde": "Varav sockerarter",
        "100 Gram": "1.1 g"
      },
      {
        "Näringsvärde": "Fiber",
        "100 Gram": "8.3 g"
      },
      {
        "Näringsvärde": "Protein",
        "100 Gram": "13 g"
      },
      {
        "Näringsvärde": "Salt",
        "100 Gram": "1.1 g"
      }
    ],
    "nutritionUnitText": "Näringsvärde per 100 gram",
    "categories": {
      "mainCategory": "Bröd & Kakor",
      "subCategories": [
        {
          "name": "Knäckebröd & Skorpor",
          "subSubCategories": [
            "Skorpor"
          ]
        }
      ]
    }
  },
  {
    "name": "Rund & god Original Rågbröd 390g Fazer",
    "weightText": "0.39 kg",
    "caPart": "",
    "weightValue": 0.39,
    "weightUnit": "kg",
    "comparePrice": "69,10 kr/kg",
    "currentPrice": 26.95,
    "attributes": [
      "Från Sverige",
      "Ursprungsland Sverige"
    ],
    "imgUrl": "https://handlaprivatkund.ica.se/images-v3/bf7a00ca-390e-4769-865f-dc369586872e/9df85266-12c6-40b4-a0ca-f343bf03c214/500x500.jpg",
    "productInformation": "Vårt finaste mjuka och fiberrika rågbröd, med skållat fullkornsrågmjöl och mild smak. När våra bagare bakar våra Finaste bröd fyller de bröden med riktigt många och riktigt goda ingredienser. Eftersom de vet att mycket av det goda kan vara helt underbart. Rund & God är lika god till frukost, mellanmål eller som tillbehör till lunch eller middag. Sunt att njuta! Northern Magic. Made Real.",
    "countryText": "Sverige",
    "companyText": "Fazer",
    "ingrediensText": "Mjöl (VETE1, fullkorn av RÅG1, fullkorn av VETE1, fermenterat VETE), skållat fullkornsRÅGmjöl1 12%, vatten, sirap1,2, rapsolja, potatisflingor, jäst1, salt, VETEgluten, RÅGfiber, malt av KORN, mjölbehandlingsmedel (askorbinsyra). 1Ursprung Sverige. 2Ursprung EU/icke EU. Brödet består av 86 % svenska ingredienser. Brödet innehåller 28% råg och 33 % fullkorn",
    "storage": "",
    "allergens": "",
    "usage": "",
    "nutrition": [
      {
        "Näringsvärde": "Energi (kcal)",
        "100 Gram": "280 kcal"
      },
      {
        "Näringsvärde": "Energi (kJ)",
        "100 Gram": "1150 kJ"
      },
      {
        "Näringsvärde": "Fett",
        "100 Gram": "4.1 g"
      },
      {
        "Näringsvärde": "Varav mättat fett",
        "100 Gram": "0.5 g"
      },
      {
        "Näringsvärde": "Kolhydrat",
        "100 Gram": "49 g"
      },
      {
        "Näringsvärde": "Varav sockerarter",
        "100 Gram": "11 g"
      },
      {
        "Näringsvärde": "Fiber",
        "100 Gram": "6.2 g"
      },
      {
        "Näringsvärde": "Protein",
        "100 Gram": "7.5 g"
      },
      {
        "Näringsvärde": "Salt",
        "100 Gram": "1.2 g"
      }
    ],
    "nutritionUnitText": "Näringsvärde per 100 gram",
    "categories": {
      "mainCategory": "Bröd & Kakor",
      "subCategories": [
        {
          "name": "Matbröd",
          "subSubCategories": [
            "Mörkt & Grovt bröd",
            "Mörkt styckpackat bröd"
          ]
        }
      ]
    }
  },
  {
    "name": "Tunnbröd 330g Gene",
    "weightText": "0.33 kg",
    "caPart": "",
    "weightValue": 0.33,
    "weightUnit": "kg",
    "comparePrice": "81,67 kr/kg",
    "currentPrice": 26.95,
    "attributes": [
      "Från Sverige"
    ],
    "imgUrl": "https://handlaprivatkund.ica.se/images-v3/bf7a00ca-390e-4769-865f-dc369586872e/6609a180-a104-43ec-a11b-3a0713fbaa62/500x500.jpg",
    "productInformation": "Gene Original är ett hårt tunnbröd och passar att äta till vad som helst, när som helst. Ät den med ett pålägg eller servera brödet till surströmming.",
    "countryText": "",
    "companyText": "Polarbröd",
    "ingrediensText": "Ingredienser: VETEmjöl¹, fullkorn av VETE¹, bakpulver (hjorthornssalt), vatten, salt, rapsolja¹, jäst¹. ¹Ursprungsland: Sverige.",
    "storage": "Förvara brödet mörkt och torrt i sin förpackning.",
    "allergens": "",
    "usage": "Se bäst-före-märkning på förpackningen.",
    "nutrition": [
      {
        "Näringsvärde": "Energi (kcal)",
        "100 Gram": "330 kcal"
      },
      {
        "Näringsvärde": "Energi (kJ)",
        "100 Gram": "1400 kJ"
      },
      {
        "Näringsvärde": "Fett",
        "100 Gram": "1.9 g"
      },
      {
        "Näringsvärde": "Varav mättat fett",
        "100 Gram": "0.4 g"
      },
      {
        "Näringsvärde": "Kolhydrat",
        "100 Gram": "66 g"
      },
      {
        "Näringsvärde": "Varav sockerarter",
        "100 Gram": "1.4 g"
      },
      {
        "Näringsvärde": "Fiber",
        "100 Gram": "3.2 g"
      },
      {
        "Näringsvärde": "Protein",
        "100 Gram": "11 g"
      },
      {
        "Näringsvärde": "Salt",
        "100 Gram": "0.53 g"
      }
    ],
    "nutritionUnitText": "Näringsvärde per 100 gram",
    "categories": {
      "mainCategory": "Bröd & Kakor",
      "subCategories": [
        {
          "name": "Knäckebröd & Skorpor",
          "subSubCategories": [
            "Hårt tunnbröd"
          ]
        }
      ]
    }
  },
  {
    "name": "Hamburgerbröd Double Sesam 4-p 320g Korvbrödsbagarn",
    "weightText": "0.32 kg",
    "caPart": "",
    "weightValue": 0.32,
    "weightUnit": "kg",
    "comparePrice": "93,59 kr/kg",
    "currentPrice": 29.95,
    "attributes": [
      "Från Sverige"
    ],
    "imgUrl": "https://handlaprivatkund.ica.se/images-v3/bf7a00ca-390e-4769-865f-dc369586872e/dd9d4469-b4c1-4028-bd60-05c8eeb9aa32/500x500.jpg",
    "productInformation": "Double Sesam Burger bun är ett modernt super soft premium hamburgerbröd toppat med svarta och vita sesamfrön samt glaze. Brödet passar utmärkt till att göra goda portioner av burgare, pulled pork, kyckling, lax etc. Bakat med enbart vegetabiliska ingredienser.",
    "countryText": "",
    "companyText": "Korvbrödsbagarn",
    "ingrediensText": "Ingredienser: VETEMÖL*, vatten*, invertsocker*, rapsolja*, jäst*, VETEGLUTEN, SESAMFRÖ (1,1%), salt, vegetabiliskt protein (ärtprotein), vegetabiliskt emulgeringsmedel (E471), glukossirap, rismjöl, maltmjöl av VETE, mjölbehandlingsmedel (E300). *Råvaran har svenskt ursprung.",
    "storage": "Förvara i sin förpackning i rumstemperatur.",
    "allergens": "",
    "usage": "Rosta gärna innan servering.",
    "nutrition": [
      {
        "Näringsvärde": "Energi (kcal)",
        "100 Gram": "291 kcal"
      },
      {
        "Näringsvärde": "Energi (kJ)",
        "100 Gram": "1226 kJ"
      },
      {
        "Näringsvärde": "Fett",
        "100 Gram": "7.2 g"
      },
      {
        "Näringsvärde": "Varav mättat fett",
        "100 Gram": "0.8 g"
      },
      {
        "Näringsvärde": "Kolhydrat",
        "100 Gram": "46 g"
      },
      {
        "Näringsvärde": "Varav sockerarter",
        "100 Gram": "4.8 g"
      },
      {
        "Näringsvärde": "Fiber",
        "100 Gram": "2.3 g"
      },
      {
        "Näringsvärde": "Protein",
        "100 Gram": "9.4 g"
      },
      {
        "Näringsvärde": "Salt",
        "100 Gram": "0.64 g"
      }
    ],
    "nutritionUnitText": "Näringsvärde per 100 gram",
    "categories": {
      "mainCategory": "Bröd & Kakor",
      "subCategories": [
        {
          "name": "Korvbröd, Hamburgerbröd & Maträttsbröd",
          "subSubCategories": [
            "Hamburgerbröd"
          ]
        }
      ]
    }
  },
  {
    "name": "Knäckebröd Tunn Havre 265g Wasa",
    "weightText": "0.265 kg",
    "caPart": "",
    "weightValue": 0.265,
    "weightUnit": "kg",
    "comparePrice": "96,23 kr/kg",
    "currentPrice": 25.5,
    "attributes": [],
    "imgUrl": "https://handlaprivatkund.ica.se/images-v3/bf7a00ca-390e-4769-865f-dc369586872e/dfdf3eae-4328-4478-8a7a-6ff62ff2d84d/500x500.jpg",
    "productInformation": "Wasa Tunn Havre är ett härligt gyllengräddat och tunnare knäckebröd bakat med fullkornsmjöl av havre. Knäcket är toppat med havreflingor och havssalt för en extra läcker smakupplevelse som passar utmärkt både till frukost, mellanmål eller som måltidstillbehör. Hårt bröd av havre och fullkorn är ett näringsrikt alternativ och en källa till protein. Förvara ditt havre-knäckebröd torrt så håller det sig krispigt längre. Wasa Tunn Havre är ett nyckelhålsmärkt knäckebröd och är 100% klimatkompenserat.",
    "countryText": "",
    "companyText": "Wasa",
    "ingrediensText": "FULLKORNSHAVREMJÖL (35%), VETEMJÖL (23%), RÅGMJÖL (19%), HAVREFLINGOR (18%), solrosfröolja, jäst, naturlig arom, surdegspulver av FULLKORNSRÅG (1%), havssalt (0,5%), bakpulver (natriumvätekarbonat), salt.",
    "storage": "",
    "allergens": "Kan innehålla Mjölk Innehåller Spannmål som innehåller gluten",
    "usage": "",
    "nutrition": [
      {
        "Näringsvärde": "Energi (kcal)",
        "100 Gram": "406 kcal"
      },
      {
        "Näringsvärde": "Energi (kJ)",
        "100 Gram": "1708 kJ"
      },
      {
        "Näringsvärde": "Fett",
        "100 Gram": "10 g"
      },
      {
        "Näringsvärde": "Varav mättat fett",
        "100 Gram": "1.2 g"
      },
      {
        "Näringsvärde": "Kolhydrat",
        "100 Gram": "63 g"
      },
      {
        "Näringsvärde": "Varav sockerarter",
        "100 Gram": "0.5 g"
      },
      {
        "Näringsvärde": "Fiber",
        "100 Gram": "10 g"
      },
      {
        "Näringsvärde": "Protein",
        "100 Gram": "11 g"
      },
      {
        "Näringsvärde": "Salt",
        "100 Gram": "1.2 g"
      }
    ],
    "nutritionUnitText": "Näringsvärde per 100 gram",
    "categories": {
      "mainCategory": "Bröd & Kakor",
      "subCategories": [
        {
          "name": "Knäckebröd & Skorpor",
          "subSubCategories": [
            "Knäckebröd",
            "Ljust knäckebröd"
          ]
        }
      ]
    }
  },
  {
    "name": "Mandelkubb 400g Nyåkers",
    "weightText": "0.4 kg",
    "caPart": "",
    "weightValue": 0.4,
    "weightUnit": "kg",
    "comparePrice": "94,88 kr/kg",
    "currentPrice": 37.95,
    "attributes": [],
    "imgUrl": "https://handlaprivatkund.ica.se/images-v3/bf7a00ca-390e-4769-865f-dc369586872e/ff0dabdc-634f-4b98-9635-336a4837568c/500x500.jpg",
    "productInformation": "",
    "countryText": "",
    "companyText": "Nyåkers",
    "ingrediensText": "VETEmjöl, socker, vegetabilisk olja (shea, kokos, raps), vatten, modifierad stärkelse, bakpulver (E450, E500, E503), ÄGGpulver, skumMJÖLKspulver, bittermandelarom, vanillin, salt, naturlig arom.",
    "storage": "",
    "allergens": "",
    "usage": "",
    "nutrition": [
      {
        "Näringsvärde": "Energi (kcal)",
        "100 Gram": "440 kcal"
      },
      {
        "Näringsvärde": "Energi (kJ)",
        "100 Gram": "1850 kJ"
      },
      {
        "Näringsvärde": "Fett",
        "100 Gram": "15 g"
      },
      {
        "Näringsvärde": "Varav mättat fett",
        "100 Gram": "7 g"
      },
      {
        "Näringsvärde": "Kolhydrat",
        "100 Gram": "69 g"
      },
      {
        "Näringsvärde": "Varav sockerarter",
        "100 Gram": "39 g"
      },
      {
        "Näringsvärde": "Protein",
        "100 Gram": "5.5 g"
      },
      {
        "Näringsvärde": "Salt",
        "100 Gram": "0.7 g"
      }
    ],
    "nutritionUnitText": "Näringsvärde per 100 gram",
    "categories": {
      "mainCategory": "Bröd & Kakor",
      "subCategories": [
        {
          "name": "Kaffebröd",
          "subSubCategories": [
            "Mjuka kakor & Muffins",
            "Övriga mjuka kakor"
          ]
        }
      ]
    }
  },
  {
    "name": "Pepparkakor Små hjärtan 425g Gille",
    "weightText": "0.425 kg",
    "caPart": "",
    "weightValue": 0.425,
    "weightUnit": "kg",
    "comparePrice": "74,12 kr/kg",
    "currentPrice": 31.5,
    "attributes": [],
    "imgUrl": "https://handlaprivatkund.ica.se/images-v3/bf7a00ca-390e-4769-865f-dc369586872e/17232370-683f-4c9f-87ce-c4baa6034bd1/500x500.jpg",
    "productInformation": "Vår storsäljande pepparkaka. Klassiskt tunna och spröda hjärtan med en riklig smak av kanel, ingefära och nejlika.",
    "countryText": "",
    "companyText": "Gille",
    "ingrediensText": "Ingredienser: VETEMJÖL, socker, invertsockersirap, vegetabilisk olja (raps), vegetabiliska fetter (shea, kokos), nejlika, kanel, ingefära 0,5%, salt, bakpulver: natriumkarbonat; mjölbehandlingsmedel: askorbinsyra; naturlig arom. Kan innehålla spår av ägg och mandel. Förvaras svalt och torrt. Källsortering (plast). Bäst före: se botten.",
    "storage": "",
    "allergens": "",
    "usage": "",
    "nutrition": [
      {
        "Näringsvärde": "Energi (kcal)",
        "100 Gram": "454 kcal"
      },
      {
        "Näringsvärde": "Energi (kJ)",
        "100 Gram": "1910 kJ"
      },
      {
        "Näringsvärde": "Fett",
        "100 Gram": "16 g"
      },
      {
        "Näringsvärde": "Varav mättat fett",
        "100 Gram": "4.5 g"
      },
      {
        "Näringsvärde": "Kolhydrat",
        "100 Gram": "72 g"
      },
      {
        "Näringsvärde": "Varav sockerarter",
        "100 Gram": "34 g"
      },
      {
        "Näringsvärde": "Protein",
        "100 Gram": "5.2 g"
      },
      {
        "Näringsvärde": "Salt",
        "100 Gram": "1.46 g"
      }
    ],
    "nutritionUnitText": "Näringsvärde per 100 gram",
    "categories": {
      "mainCategory": "Bröd & Kakor",
      "subCategories": [
        {
          "name": "Kaffebröd",
          "subSubCategories": [
            "Kex & kakor",
            "Söta kex & Kakor",
            "Pepparkakor"
          ]
        }
      ]
    }
  },
  {
    "name": "Baguetter 2-p 300g ICA",
    "weightText": "0.3 kg",
    "caPart": "",
    "weightValue": 0.3,
    "weightUnit": "kg",
    "comparePrice": "55,00 kr/kg",
    "currentPrice": 16.5,
    "attributes": [],
    "imgUrl": "https://handlaprivatkund.ica.se/images-v3/bf7a00ca-390e-4769-865f-dc369586872e/4b2a427a-91f2-43d4-8be8-878700814bdf/500x500.jpg",
    "productInformation": "ICA Baguetter är mygräddade efter 8–10 minuter i ugnen.",
    "countryText": "",
    "companyText": "ICA",
    "ingrediensText": "VETEMJÖL*, vatten, jäst, joderat salt, mjölbehandlingsmedel (E300), maltmjöl (VETE). Kan innehålla spår av sesamfrön. *Odlat och malt i EU.",
    "storage": "Oöppnad förpackning förvaras i rumstemperatur. Öppnad förpackning försluts och förvaras i kylskåp +8°C i max två dygn.",
    "allergens": "",
    "usage": "",
    "nutrition": [
      {
        "Näringsvärde": "Energi (kcal)",
        "100 Gram": "251 kcal"
      },
      {
        "Näringsvärde": "Energi (kJ)",
        "100 Gram": "1064 kJ"
      },
      {
        "Näringsvärde": "Fett",
        "100 Gram": "0.9 g"
      },
      {
        "Näringsvärde": "Varav mättat fett",
        "100 Gram": "0.5 g"
      },
      {
        "Näringsvärde": "Kolhydrat",
        "100 Gram": "51 g"
      },
      {
        "Näringsvärde": "Varav sockerarter",
        "100 Gram": "1 g"
      },
      {
        "Näringsvärde": "Fiber",
        "100 Gram": "2.2 g"
      },
      {
        "Näringsvärde": "Protein",
        "100 Gram": "8.3 g"
      },
      {
        "Näringsvärde": "Salt",
        "100 Gram": "1.2 g"
      }
    ],
    "nutritionUnitText": "Näringsvärde per 100 gram",
    "categories": {
      "mainCategory": "Bröd & Kakor",
      "subCategories": [
        {
          "name": "Matbröd",
          "subSubCategories": [
            "Grädda hemma"
          ]
        }
      ]
    }
  },
  {
    "name": "Mazarin gammeldags 4-p 220g Hägges",
    "weightText": "0.22 kg",
    "caPart": "",
    "weightValue": 0.22,
    "weightUnit": "kg",
    "comparePrice": "120,45 kr/kg",
    "currentPrice": 26.5,
    "attributes": [],
    "imgUrl": "https://handlaprivatkund.ica.se/images-v3/bf7a00ca-390e-4769-865f-dc369586872e/38168e17-4c02-4a8a-aad7-99dc95d122a8/500x500.jpg",
    "productInformation": "",
    "countryText": "",
    "companyText": "Hägges",
    "ingrediensText": "Ingredienser: Socker, margarin (vegetabiliskt fett och olja [palm, raps, kokos], vatten, salt, arom), VETEMJÖL, ÄGG, glukossirap, MANDEL, aprikoskärnor, fuktighetsbevarande medel glycerol, konserveringsmedel (E262, E202), majsstärkelse, bakpulver (E450, bikarbonat), emulgeringsmedel E471veg, förtjockningsmedel (fruktkärnmjöl, guarkärnmjöl). Kan innehålla spår av: MJÖLK, VALNÖT, PEKANNÖT, HASSELNÖT.",
    "storage": "",
    "allergens": "",
    "usage": "",
    "nutrition": [
      {
        "Näringsvärde": "Energi (kcal)",
        "100 Gram": "430 kcal"
      },
      {
        "Näringsvärde": "Energi (kJ)",
        "100 Gram": "1800 kJ"
      },
      {
        "Näringsvärde": "Fett",
        "100 Gram": "19 g"
      },
      {
        "Näringsvärde": "Varav mättat fett",
        "100 Gram": "7 g"
      },
      {
        "Näringsvärde": "Kolhydrat",
        "100 Gram": "62 g"
      },
      {
        "Näringsvärde": "Varav sockerarter",
        "100 Gram": "40 g"
      },
      {
        "Näringsvärde": "Protein",
        "100 Gram": "4.8 g"
      },
      {
        "Näringsvärde": "Salt",
        "100 Gram": "0.43 g"
      }
    ],
    "nutritionUnitText": "Näringsvärde per 100 gram",
    "categories": {
      "mainCategory": "Bröd & Kakor",
      "subCategories": [
        {
          "name": "Kaffebröd",
          "subSubCategories": [
            "Kondisbitar & Bakelser"
          ]
        }
      ]
    }
  },
  {
    "name": "Korvbröd 8-p 320g Korvbrödsbagarn",
    "weightText": "0.32 kg",
    "caPart": "",
    "weightValue": 0.32,
    "weightUnit": "kg",
    "comparePrice": "81,09 kr/kg",
    "currentPrice": 25.95,
    "attributes": [
      "Från Sverige",
      "Ursprungsland Sverige"
    ],
    "imgUrl": "https://handlaprivatkund.ica.se/images-v3/bf7a00ca-390e-4769-865f-dc369586872e/ebb6aa34-8ee5-4277-983f-4ca5c335ebae/500x500.jpg",
    "productInformation": "Lite större ljust korvbröd. Fyll med korv och klassiska tillbehör för en enkel och god måltid runt grillen eller köksbordet.",
    "countryText": "Sverige",
    "companyText": "Korvbrödsbagarn",
    "ingrediensText": "INGREDIENSER: VETEMJÖL*, vatten*, invertsocker*, rapsolja*, jäst*, VETEGLUTEN, salt, fermenterat VETEMJÖL, maltmjöl av KORN, vegetabiliskt emulgeringsmedel (E471), mjölbehandlingsmedel (E300). Kan innehålla spår av sesamfrö. *råvaran har svenskt ursprung.",
    "storage": "Förvara i sin förpackning i rumstemperatur.",
    "allergens": "",
    "usage": "Rosta gärna innan servering.",
    "nutrition": [
      {
        "Näringsvärde": "Energi (kcal)",
        "100 Gram": "299 kcal"
      },
      {
        "Näringsvärde": "Energi (kJ)",
        "100 Gram": "1269 kJ"
      },
      {
        "Näringsvärde": "Fett",
        "100 Gram": "6.5 g"
      },
      {
        "Näringsvärde": "Varav mättat fett",
        "100 Gram": "0.8 g"
      },
      {
        "Näringsvärde": "Kolhydrat",
        "100 Gram": "49 g"
      },
      {
        "Näringsvärde": "Varav sockerarter",
        "100 Gram": "4.5 g"
      },
      {
        "Näringsvärde": "Fiber",
        "100 Gram": "3.5 g"
      },
      {
        "Näringsvärde": "Protein",
        "100 Gram": "9.1 g"
      },
      {
        "Näringsvärde": "Salt",
        "100 Gram": "0.48 g"
      }
    ],
    "nutritionUnitText": "Näringsvärde per 100 gram",
    "categories": {
      "mainCategory": "Bröd & Kakor",
      "subCategories": [
        {
          "name": "Korvbröd, Hamburgerbröd & Maträttsbröd",
          "subSubCategories": [
            "Korvbröd"
          ]
        }
      ]
    }
  },
  {
    "name": "Kanelbullar Fryst 20-p 700g Findus",
    "weightText": "0.7 kg",
    "caPart": "",
    "weightValue": 0.7,
    "weightUnit": "kg",
    "comparePrice": "72,79 kr/kg",
    "currentPrice": 50.95,
    "attributes": [
      "Från Sverige",
      "Ursprungsland Sverige"
    ],
    "imgUrl": "https://handlaprivatkund.ica.se/images-v3/bf7a00ca-390e-4769-865f-dc369586872e/c4b0377c-9780-4ca3-bca1-eb83a332a409/500x500.jpg",
    "productInformation": "För en godare fika med svenska kanelbullar! I det lilla småländska skärgårdssamhället, Loftahammar, har det knådats deg och gräddats bullar i Findus bageri sedan 1966. Goda och saftiga kanelbullar bakade i Sverige. Findus big-pack passar perfekt när det är dags för fika. Ta ut bullarna ur frysen och värm i mikro, ugnen eller tina i rumstemperatur. Enklare än så blir det inte!100% återvinningsbar förpackning.",
    "countryText": "Sverige",
    "companyText": "Findus",
    "ingrediensText": "VETEMJÖL*, socker*, vatten, rapsolja, farinsocker, jäst*, kanel, kokosolja, fullhärdad rapsolja, salt, maltmjöl av VETE, naturlig arom, mjölbehandlingsmedel (askorbinsyra). *Ursprung Sverige.",
    "storage": "FÖRVARING OCH MINSTA HÅLLBARHETI frysutrymme (-18ºC eller kallare), se datummärkning. Bör alltid förvaras fryst. Bör ej frysas efter upptining. Lägsta förvaringstemperatur -25°C Högsta förvaringstemperatur -18°C",
    "allergens": "Innehåller Spannmål som innehåller gluten",
    "usage": "",
    "nutrition": [
      {
        "Näringsvärde": "Energi (kcal)",
        "100 Gram": "368 kcal"
      },
      {
        "Näringsvärde": "Energi (kJ)",
        "100 Gram": "1551 kJ"
      },
      {
        "Näringsvärde": "Fett",
        "100 Gram": "11 g"
      },
      {
        "Näringsvärde": "Varav mättat fett",
        "100 Gram": "2 g"
      },
      {
        "Näringsvärde": "Kolhydrat",
        "100 Gram": "60 g"
      },
      {
        "Näringsvärde": "Varav sockerarter",
        "100 Gram": "24 g"
      },
      {
        "Näringsvärde": "Fiber",
        "100 Gram": "2.7 g"
      },
      {
        "Näringsvärde": "Protein",
        "100 Gram": "6 g"
      },
      {
        "Näringsvärde": "Salt",
        "100 Gram": "0.25 g"
      }
    ],
    "nutritionUnitText": "Näringsvärde per 100 gram",
    "categories": {
      "mainCategory": "Fryst",
      "subCategories": [
        {
          "name": "Fryst bröd & dessert",
          "subSubCategories": [
            "Frysta bullar & kakor"
          ]
        }
      ]
    }
  },
  {
    "name": "Kanelbulle 1-p Bonjour",
    "weightText": "0.1 kg",
    "caPart": "",
    "weightValue": 0.1,
    "weightUnit": "kg",
    "comparePrice": "99,50 kr/kg",
    "currentPrice": 9.95,
    "attributes": [],
    "imgUrl": "https://handlaprivatkund.ica.se/images-v3/bf7a00ca-390e-4769-865f-dc369586872e/7b125a89-4bca-4192-b635-83d3fa1bf282/500x500.jpg",
    "productInformation": "",
    "countryText": "",
    "companyText": "Bonjour",
    "ingrediensText": "VETEMJÖL, vatten, socker, vegetabilisk olja (palm, raps), ÄGG, jäst, kanel, modifierad potatisstärkelse, förtjockningsmedel (E412), aprikoskärnor, salt, kardemumma, emulgeringsmedel (E472e, E471), naturliga aromer, mjölbehandlingsmedel (E300). Kan innehålla spår av mjölk, mandel, soja.",
    "storage": "",
    "allergens": "Kan innehålla spår av Mjölk, Nötter, Sojabönor.",
    "usage": "",
    "nutrition": [
      {
        "Näringsvärde": "Energi (kcal)",
        "100 Gram": "312 kcal"
      },
      {
        "Näringsvärde": "Energi (kJ)",
        "100 Gram": "1313 kJ"
      },
      {
        "Näringsvärde": "Fett",
        "100 Gram": "10 g"
      },
      {
        "Näringsvärde": "Varav mättat fett",
        "100 Gram": "3.7 g"
      },
      {
        "Näringsvärde": "Kolhydrat",
        "100 Gram": "48 g"
      },
      {
        "Näringsvärde": "Varav sockerarter",
        "100 Gram": "15 g"
      },
      {
        "Näringsvärde": "Fiber",
        "100 Gram": "2.2 g"
      },
      {
        "Näringsvärde": "Protein",
        "100 Gram": "6.2 g"
      },
      {
        "Näringsvärde": "Salt",
        "100 Gram": "0.57 g"
      }
    ],
    "nutritionUnitText": "Näringsvärde per 100 gram",
    "categories": {
      "mainCategory": "Fika",
      "subCategories": []
    }
  },
  {
    "name": "Citronmuffins 200g Hägges",
    "weightText": "0.2 kg",
    "caPart": "",
    "weightValue": 0.2,
    "weightUnit": "kg",
    "comparePrice": "127,50 kr/kg",
    "currentPrice": 25.5,
    "attributes": [],
    "imgUrl": "https://handlaprivatkund.ica.se/images-v3/bf7a00ca-390e-4769-865f-dc369586872e/45f71bb8-dad8-4bea-9b49-785fbf05d3e7/500x500.jpg",
    "productInformation": "En muffins med citronsmak. Passar att bjuda på till barnkalaset, använda till att göra cupcakes av eller ta med till badstranden.",
    "countryText": "",
    "companyText": "Hägges",
    "ingrediensText": "Ingredienser: Socker, VETEmjöl, rapsolja, ÄGG, VETEstärkelse, fuktighetsbevarande medel glycerol, modifierad stärkelse, bakpulver (E450, bikarbonat), vatten, salt, konserveringsmedel (E281, E202), koncentrerad vitdruvsjuice, VETEgluten, koncentrerad citronjuice 0,3%, citronolja 0,2%, förtjockningsmedel E415. Kan innehålla spår av mandel.",
    "storage": "",
    "allergens": "",
    "usage": "",
    "nutrition": [
      {
        "Näringsvärde": "Energi (kcal)",
        "100 Gram": "420 kcal"
      },
      {
        "Näringsvärde": "Energi (kJ)",
        "100 Gram": "1750 kJ"
      },
      {
        "Näringsvärde": "Fett",
        "100 Gram": "28 g"
      },
      {
        "Näringsvärde": "Kolhydrat",
        "100 Gram": "47 g"
      },
      {
        "Näringsvärde": "Varav sockerarter",
        "100 Gram": "26 g"
      },
      {
        "Näringsvärde": "Protein",
        "100 Gram": "6 g"
      }
    ],
    "nutritionUnitText": "Näringsvärde per 100 gram",
    "categories": {
      "mainCategory": "Bröd & Kakor",
      "subCategories": [
        {
          "name": "Kaffebröd",
          "subSubCategories": [
            "Mjuka kakor & Muffins",
            "Muffins"
          ]
        }
      ]
    }
  },
  {
    "name": "Polarkaka 525g Polarbröd",
    "weightText": "0.525 kg",
    "caPart": "",
    "weightValue": 0.525,
    "weightUnit": "kg",
    "comparePrice": "47,52 kr/kg",
    "currentPrice": 24.95,
    "attributes": [
      "Från Sverige",
      "Ursprungsland Sverige"
    ],
    "imgUrl": "https://handlaprivatkund.ica.se/images-v3/bf7a00ca-390e-4769-865f-dc369586872e/8844cfd4-247c-44fe-9dec-73c914f3cf69/500x500.jpg",
    "productInformation": "Originalet från norr. Polarkakan är ett traditionellt bröd från Norrland – en smakrik, lite seg mjukkaka som bakas direkt på hällen när ugnen är som hetast.",
    "countryText": "Sverige",
    "companyText": "Polarbröd",
    "ingrediensText": "VETEmjöl¹, vatten, siktat RÅGmjöl¹ (22%), sirap¹, socker¹, rapsolja¹, VETEGLUTEN, fermenterat VETEmjöl, salt, HAVREfiber, jäst¹, vegetabiliskt emulgeringsmedel (mono- och diglycerider av fettsyror, mono- och diglyceriders mono- och diacetylvinsyraestrar), bakpulver (hjorthornssalt), maltmjöl (KORN). 1Ursprungsland: Sverige.",
    "storage": "Frys gärna in en del av bröden hemma och ta fram efter behov, så maxar du njutningen och minskar svinnet på en och samma gång.",
    "allergens": "",
    "usage": "Vi fryser vårt bröd så fort det kommer rykande ur ugnen, och tinar det på väg till dig. Hållbar i 7 dagar i rumstemperatur, se bäst-före-märkning på förpackningen.",
    "nutrition": [
      {
        "Näringsvärde": "Energi (kcal)",
        "100 Gram": "280 kcal"
      },
      {
        "Näringsvärde": "Energi (kJ)",
        "100 Gram": "1150 kJ"
      },
      {
        "Näringsvärde": "Fett",
        "100 Gram": "3.9 g"
      },
      {
        "Näringsvärde": "Varav mättat fett",
        "100 Gram": "0.6 g"
      },
      {
        "Näringsvärde": "Kolhydrat",
        "100 Gram": "49 g"
      },
      {
        "Näringsvärde": "Varav sockerarter",
        "100 Gram": "8.2 g"
      },
      {
        "Näringsvärde": "Fiber",
        "100 Gram": "4.5 g"
      },
      {
        "Näringsvärde": "Protein",
        "100 Gram": "8.6 g"
      },
      {
        "Näringsvärde": "Salt",
        "100 Gram": "1 g"
      }
    ],
    "nutritionUnitText": "Näringsvärde per 100 gram",
    "categories": {
      "mainCategory": "Bröd & Kakor",
      "subCategories": [
        {
          "name": "Matbröd",
          "subSubCategories": [
            "Mjukt tunnbröd & Vetekakor",
            "Vetekakor"
          ]
        }
      ]
    }
  },
  {
    "name": "Pepparkakor 300g Nyåkers",
    "weightText": "0.3 kg",
    "caPart": "",
    "weightValue": 0.3,
    "weightUnit": "kg",
    "comparePrice": "98,33 kr/kg",
    "currentPrice": 29.5,
    "attributes": [],
    "imgUrl": "https://handlaprivatkund.ica.se/images-v3/bf7a00ca-390e-4769-865f-dc369586872e/fe01c6a3-af1f-42b3-8bfa-13d8a1efca9d/500x500.jpg",
    "productInformation": "",
    "countryText": "",
    "companyText": "Nyåkers",
    "ingrediensText": "Ingredienser: VETEmjöl, socker, vegetabilisk olja (shea, kokos, raps), sirap, bakpulver (E500), nejlika, kanel, ingefära, salt, naturlig arom.",
    "storage": "",
    "allergens": "",
    "usage": "",
    "nutrition": [
      {
        "Näringsvärde": "Energi (kcal)",
        "100 Gram": "420 kcal"
      },
      {
        "Näringsvärde": "Energi (kJ)",
        "100 Gram": "1750 kJ"
      },
      {
        "Näringsvärde": "Fett",
        "100 Gram": "14 g"
      },
      {
        "Näringsvärde": "Varav mättat fett",
        "100 Gram": "6 g"
      },
      {
        "Näringsvärde": "Kolhydrat",
        "100 Gram": "68 g"
      },
      {
        "Näringsvärde": "Varav sockerarter",
        "100 Gram": "35 g"
      },
      {
        "Näringsvärde": "Protein",
        "100 Gram": "4.5 g"
      },
      {
        "Näringsvärde": "Salt",
        "100 Gram": "1.8 g"
      }
    ],
    "nutritionUnitText": "Näringsvärde per 100 gram",
    "categories": {
      "mainCategory": "Bröd & Kakor",
      "subCategories": [
        {
          "name": "Kaffebröd",
          "subSubCategories": [
            "Kex & kakor",
            "Söta kex & Kakor",
            "Pepparkakor"
          ]
        }
      ]
    }
  },
  {
    "name": "Rågkaka 6-p 250g Polarbröd",
    "weightText": "0.25 kg",
    "caPart": "",
    "weightValue": 0.25,
    "weightUnit": "kg",
    "comparePrice": "71,80 kr/kg",
    "currentPrice": 17.95,
    "attributes": [
      "Från Sverige",
      "Ursprungsland Sverige"
    ],
    "imgUrl": "https://handlaprivatkund.ica.se/images-v3/bf7a00ca-390e-4769-865f-dc369586872e/d204267d-f874-48fe-aea0-d1a0ed3e3335/500x500.jpg",
    "productInformation": "En klassisk rågkaka från Polarbröd med en mild och god smak.",
    "countryText": "Sverige",
    "companyText": "Polarbröd",
    "ingrediensText": "Ingredienser: VETEmjöl¹, vatten, siktat RÅGmjöl¹ (22%), sirap¹, socker¹, fermenterat VETEmjöl, VETEgluten, rapsolja¹, VETEskållning¹, salt, jäst¹, vegetabiliskt emulgeringsmedel (mono- och diglycerider av fettsyror, mono- och diglyceriders mono- och diacetylvinsyraestrar), bakpulver (hjorthornssalt), maltmjöl (KORN). ¹Ursprungsland: Sverige.",
    "storage": "Frys gärna in en del av bröden hemma och ta fram efter behov, så maxar du njutningen och minskar svinnet på en och samma gång. Lägsta förvaringstemperatur 15°C Högsta förvaringstemperatur 25°C",
    "allergens": "",
    "usage": "",
    "nutrition": [
      {
        "Näringsvärde": "Energi (kcal)",
        "100 Gram": "270 kcal"
      },
      {
        "Näringsvärde": "Energi (kJ)",
        "100 Gram": "1150 kJ"
      },
      {
        "Näringsvärde": "Fett",
        "100 Gram": "3.3 g"
      },
      {
        "Näringsvärde": "Varav mättat fett",
        "100 Gram": "0.8 g"
      },
      {
        "Näringsvärde": "Kolhydrat",
        "100 Gram": "50 g"
      },
      {
        "Näringsvärde": "Varav sockerarter",
        "100 Gram": "8.2 g"
      },
      {
        "Näringsvärde": "Fiber",
        "100 Gram": "4.4 g"
      },
      {
        "Näringsvärde": "Protein",
        "100 Gram": "7.4 g"
      },
      {
        "Näringsvärde": "Salt",
        "100 Gram": "1 g"
      }
    ],
    "nutritionUnitText": "Näringsvärde per 100 gram",
    "categories": {
      "mainCategory": "Bröd & Kakor",
      "subCategories": [
        {
          "name": "Matbröd",
          "subSubCategories": [
            "Mjukt tunnbröd & Vetekakor",
            "Rågkakor"
          ]
        }
      ]
    }
  },
  {
    "name": "Cookies Vit choklad & tranbär 150g ICA",
    "weightText": "0.15 kg",
    "caPart": "",
    "weightValue": 0.15,
    "weightUnit": "kg",
    "comparePrice": "133,00 kr/kg",
    "currentPrice": 19.95,
    "attributes": [
      "Rainforest Alliance certifierad"
    ],
    "imgUrl": "https://handlaprivatkund.ica.se/images-v3/bf7a00ca-390e-4769-865f-dc369586872e/182e6c3e-ae85-4e27-b9b7-34675fb20d81/500x500.jpg",
    "productInformation": "Krispiga kakor med härliga bitar av vit choklad och syrliga tranbär.",
    "countryText": "",
    "companyText": "ICA",
    "ingrediensText": "VETEMJÖL, vit choklad 20% (socker, HELMJÖLKPULVER, kakaosmör*, SKUMMJÖLKSPULVER, emulgeringsmedel (SOJALECITIN), arom), vegetabilisk olja (palm** och solros), socker, russin, tranbärsfyllning 8% (torkade tranbär, socker, solrosolja), HAVREMJÖL, äppelfyllning (socker, russin, torkat äpple, glukossirap, svarta vinbär, modifierad majsstärkelse, citronjuicepulver, arom), glukos-fruktossirap, bakpulver (E450, E500), salt, arom, karamelliserat socker. Kan innehålla spår av hasselnötter, pekannötter, mandel och ägg. *Rainforest Alliance-certifierad. Läs mer på www.ra.org **Läs om hållbarhetscertifierad palmolja på ica.se",
    "storage": "Förvaras torrt, ej över normal rumstemperatur.",
    "allergens": "",
    "usage": "",
    "nutrition": [
      {
        "Näringsvärde": "Energi (kcal)",
        "100 Gram": "489 kcal"
      },
      {
        "Näringsvärde": "Energi (kJ)",
        "100 Gram": "2049 kJ"
      },
      {
        "Näringsvärde": "Fett",
        "100 Gram": "23 g"
      },
      {
        "Näringsvärde": "Varav mättat fett",
        "100 Gram": "12 g"
      },
      {
        "Näringsvärde": "Kolhydrat",
        "100 Gram": "65 g"
      },
      {
        "Näringsvärde": "Varav sockerarter",
        "100 Gram": "45 g"
      },
      {
        "Näringsvärde": "Fiber",
        "100 Gram": "2.3 g"
      },
      {
        "Näringsvärde": "Protein",
        "100 Gram": "4.9 g"
      },
      {
        "Näringsvärde": "Salt",
        "100 Gram": "0.66 g"
      }
    ],
    "nutritionUnitText": "Näringsvärde per 100 gram",
    "categories": {
      "mainCategory": "Bröd & Kakor",
      "subCategories": [
        {
          "name": "Kaffebröd",
          "subSubCategories": [
            "Kex & kakor",
            "Söta kex & Kakor",
            "Cookies"
          ]
        }
      ]
    }
  },
  {
    "name": "Bulle Vanillas 220g Pågen",
    "weightText": "0.22 kg",
    "caPart": "",
    "weightValue": 0.22,
    "weightUnit": "kg",
    "comparePrice": "122,50 kr/kg",
    "currentPrice": 26.95,
    "attributes": [],
    "imgUrl": "https://handlaprivatkund.ica.se/images-v3/bf7a00ca-390e-4769-865f-dc369586872e/6be5d6c1-86cf-4b4e-9a43-468fa9bd432e/500x500.jpg",
    "productInformation": "Små, fluffiga bullar fyllda med härlig vaniljkräm. Passar bra till snabb och enkel fika, men inte mindre god för det. Dessa gyllene gräddade små bullar med krämig vaniljfyllning är en favorit hos många. Gott och enkelt! Vanillas är bakade i Sverige på svenskt mjöl från vår egen kvarn.",
    "countryText": "",
    "companyText": "Pågen",
    "ingrediensText": "VETEmjöl, vatten, socker, glukos- och fruktossirap, vegetabilisk olja (raps, kokos, solros), kärn- och skumMJÖLK, ÄGG, malt av KORN, jäst, salt, modifierad stärkelse (potatis), bakpulver (E450, E500), vegetabiliskt emulgeringsmedel (E471), surhetsreglerande medel (E330, E332), färgämne (E160a, E170), stabiliseringsmedel (E422, E460, E466), konserveringsmedel (E200, E202, E282), mjölbehandlingsmedel (askorbinsyra), vaniljaromer, naturlig vaniljarom. Vanillas innehåller 32% vaniljkräm. Kan innehålla spår av MANDEL.",
    "storage": "",
    "allergens": "",
    "usage": "",
    "nutrition": [
      {
        "Näringsvärde": "Energi (kcal)",
        "100 Gram": "288 kcal"
      },
      {
        "Näringsvärde": "Energi (kJ)",
        "100 Gram": "1214 kJ"
      },
      {
        "Näringsvärde": "Fett",
        "100 Gram": "6.5 g"
      },
      {
        "Näringsvärde": "Varav mättat fett",
        "100 Gram": "2 g"
      },
      {
        "Näringsvärde": "Kolhydrat",
        "100 Gram": "50 g"
      },
      {
        "Näringsvärde": "Varav sockerarter",
        "100 Gram": "16 g"
      },
      {
        "Näringsvärde": "Protein",
        "100 Gram": "6.5 g"
      },
      {
        "Näringsvärde": "Salt",
        "100 Gram": "0.53 g"
      }
    ],
    "nutritionUnitText": "Näringsvärde per 100 gram",
    "categories": {
      "mainCategory": "Bröd & Kakor",
      "subCategories": [
        {
          "name": "Kaffebröd",
          "subSubCategories": [
            "Bullar & Vetelängder",
            "Bullar"
          ]
        }
      ]
    }
  },
  {
    "name": "Chocolate chip cookies 150g ICA Basic",
    "weightText": "0.15 kg",
    "caPart": "",
    "weightValue": 0.15,
    "weightUnit": "kg",
    "comparePrice": "79,67 kr/kg",
    "currentPrice": 11.95,
    "attributes": [],
    "imgUrl": "https://handlaprivatkund.ica.se/images-v3/bf7a00ca-390e-4769-865f-dc369586872e/6bd16aef-d83f-4206-ad47-3bcd6c0ee349/500x500.jpg",
    "productInformation": "Cookies med bitar av mörk choklad. Bra tilltugg till fikat!",
    "countryText": "",
    "companyText": "ICA Basic",
    "ingrediensText": "VETEMJÖL, mörk choklad 25% (socker, kakaomassa*, glukossirap, kakaosmör*, emulgeringsmedel (SOJALECITIN)), vegetabiliska oljor (palm**, solros), socker, glukos-fruktossirap, bakpulver (E450, E500), salt, karamelliserat socker, naturlig arom. Kan innehålla spår av hasselnöt, mandel, pekannöt, ägg och mjölk. *Rainforest Alliance-certifierad. Läs mer på www.ra.org **Läs om hållbarhetscertifierad palmolja på ica.se",
    "storage": "Förvaras torrt, ej över normal rumstemperatur.",
    "allergens": "",
    "usage": "",
    "nutrition": [
      {
        "Näringsvärde": "Energi (kcal)",
        "100 Gram": "512 kcal"
      },
      {
        "Näringsvärde": "Energi (kJ)",
        "100 Gram": "2142 kJ"
      },
      {
        "Näringsvärde": "Fett",
        "100 Gram": "27 g"
      },
      {
        "Näringsvärde": "Varav mättat fett",
        "100 Gram": "14 g"
      },
      {
        "Näringsvärde": "Kolhydrat",
        "100 Gram": "60 g"
      },
      {
        "Näringsvärde": "Varav sockerarter",
        "100 Gram": "34 g"
      },
      {
        "Näringsvärde": "Fiber",
        "100 Gram": "3.3 g"
      },
      {
        "Näringsvärde": "Protein",
        "100 Gram": "4.9 g"
      },
      {
        "Näringsvärde": "Salt",
        "100 Gram": "0.9 g"
      }
    ],
    "nutritionUnitText": "Näringsvärde per 100 gram",
    "categories": {
      "mainCategory": "Bröd & Kakor",
      "subCategories": [
        {
          "name": "Kaffebröd",
          "subSubCategories": [
            "Kex & kakor",
            "Söta kex & Kakor",
            "Cookies"
          ]
        }
      ]
    }
  },
  {
    "name": "FrasRost Rostbröd 450g Skogaholms",
    "weightText": "0.45 kg",
    "caPart": "",
    "weightValue": 0.45,
    "weightUnit": "kg",
    "comparePrice": "42,11 kr/kg",
    "currentPrice": 18.95,
    "attributes": [
      "Ursprungsland Sverige"
    ],
    "imgUrl": "https://handlaprivatkund.ica.se/images-v3/bf7a00ca-390e-4769-865f-dc369586872e/7bc51a13-475c-4deb-a6a3-d5717d8969b2/500x500.jpg",
    "productInformation": "",
    "countryText": "Sverige",
    "companyText": "Skogaholms",
    "ingrediensText": "VETEmjöl, vatten, VETEgluten, skållat VETEmjöl, jäst, fermenterat VETEmjöl, socker, salt, rapsolja, siktat RÅGmjöl, surdegspulver av VETE, malt av KORN, mjölbehandlingsmedel (askorbinsyra).",
    "storage": "",
    "allergens": "",
    "usage": "",
    "nutrition": [
      {
        "Näringsvärde": "Energi (kcal)",
        "100 Gram": "250 kcal"
      },
      {
        "Näringsvärde": "Energi (kJ)",
        "100 Gram": "1050 kJ"
      },
      {
        "Näringsvärde": "Fett",
        "100 Gram": "1.8 g"
      },
      {
        "Näringsvärde": "Varav mättat fett",
        "100 Gram": "0.5 g"
      },
      {
        "Näringsvärde": "Kolhydrat",
        "100 Gram": "48 g"
      },
      {
        "Näringsvärde": "Varav sockerarter",
        "100 Gram": "5.8 g"
      },
      {
        "Näringsvärde": "Fiber",
        "100 Gram": "2.6 g"
      },
      {
        "Näringsvärde": "Protein",
        "100 Gram": "10 g"
      },
      {
        "Näringsvärde": "Salt",
        "100 Gram": "1 g"
      }
    ],
    "nutritionUnitText": "Näringsvärde per 100 gram",
    "categories": {
      "mainCategory": "Bröd & Kakor",
      "subCategories": [
        {
          "name": "Matbröd",
          "subSubCategories": [
            "Ljust bröd",
            "Rostbröd"
          ]
        }
      ]
    }
  },
  {
    "name": "Biscoff kex 250g Lotus",
    "weightText": "0.25 kg",
    "caPart": "",
    "weightValue": 0.25,
    "weightUnit": "kg",
    "comparePrice": "83,80 kr/kg",
    "currentPrice": 20.95,
    "attributes": [],
    "imgUrl": "https://handlaprivatkund.ica.se/images-v3/bf7a00ca-390e-4769-865f-dc369586872e/08c79862-19de-4b4f-ae66-d83d03f3d35c/500x500.jpg",
    "productInformation": "Biscoff-kakor har avnjutits av människor över hela världen i generationer. Med sin unika karamelliserade smak och sprödhet är de oemotståndliga! Man kan njuta av den själv, tillsammans med en kaffe eller annan dryck. Ät den till en fika med vänner eller som ett snacks på språng under dagen. Den fungerar också som en utmärkt ingrediens vid bakning av cheesecake, cupcakes, donuts och andra desserter. Biscoff-kakan är nötfri, vegansk och innehåller inga konstgjorda smak- eller färgämnen.",
    "countryText": "",
    "companyText": "Lotus",
    "ingrediensText": "Ingredienser: VETEmjöl, socker, vegetabiliska oljor (palm*, raps), sirap, bakpulver (natriumbikarbonat), SOJAmjöl, salt, kanel. *Hållbart producerad från certifierade odlare.",
    "storage": "Lägsta förvaringstemperatur 5°C Högsta förvaringstemperatur 30°C",
    "allergens": "Innehåller Vete Innehåller Sojabönor",
    "usage": "",
    "nutrition": [
      {
        "Näringsvärde": "Energi (kcal)",
        "100 Gram": "484 kcal"
      },
      {
        "Näringsvärde": "Energi (kJ)",
        "100 Gram": "2032 kJ"
      },
      {
        "Näringsvärde": "Fett",
        "100 Gram": "19 g"
      },
      {
        "Näringsvärde": "Varav mättat fett",
        "100 Gram": "8 g"
      },
      {
        "Näringsvärde": "Kolhydrat",
        "100 Gram": "72.6 g"
      },
      {
        "Näringsvärde": "Varav sockerarter",
        "100 Gram": "38.1 g"
      },
      {
        "Näringsvärde": "Fiber",
        "100 Gram": "1.3 g"
      },
      {
        "Näringsvärde": "Protein",
        "100 Gram": "4.9 g"
      },
      {
        "Näringsvärde": "Salt",
        "100 Gram": "0.92 g"
      }
    ],
    "nutritionUnitText": "Näringsvärde per 100 gram",
    "categories": {
      "mainCategory": "Bröd & Kakor",
      "subCategories": [
        {
          "name": "Kaffebröd",
          "subSubCategories": [
            "Kex & kakor",
            "Söta kex & Kakor",
            "Söta kex"
          ]
        }
      ]
    }
  },
  {
    "name": "Maränger 120g ICA",
    "weightText": "0.12 kg",
    "caPart": "",
    "weightValue": 0.12,
    "weightUnit": "kg",
    "comparePrice": "170,83 kr/kg",
    "currentPrice": 20.5,
    "attributes": [
      "Från Sverige"
    ],
    "imgUrl": "https://handlaprivatkund.ica.se/images-v3/bf7a00ca-390e-4769-865f-dc369586872e/dc4bf7b8-23bd-4fc9-8cfe-a76cd4ed57f4/500x500.jpg",
    "productInformation": "Små maränger som passar till marängsvissen. Blanda med vaniljglass, vispgrädde och skivad banan. Ringla över varm hemmagjord chokladsås!",
    "countryText": "",
    "companyText": "ICA",
    "ingrediensText": "Socker*, marängvita (SKUMMJÖLKSPULVER*, stabiliseringsmedel (E466, E412), surhetsreglerande medel (E330, E500)). Kan innehålla spår av ägg. *Ursprung Sverige.",
    "storage": "",
    "allergens": "",
    "usage": "",
    "nutrition": [
      {
        "Näringsvärde": "Energi (kcal)",
        "100 Gram": "400 kcal"
      },
      {
        "Näringsvärde": "Energi (kJ)",
        "100 Gram": "1700 kJ"
      },
      {
        "Näringsvärde": "Fett",
        "100 Gram": "0 g"
      },
      {
        "Näringsvärde": "Varav mättat fett",
        "100 Gram": "0 g"
      },
      {
        "Näringsvärde": "Kolhydrat",
        "100 Gram": "97 g"
      },
      {
        "Näringsvärde": "Varav sockerarter",
        "100 Gram": "97 g"
      },
      {
        "Näringsvärde": "Protein",
        "100 Gram": "1.6 g"
      },
      {
        "Näringsvärde": "Salt",
        "100 Gram": "0.1 g"
      }
    ],
    "nutritionUnitText": "",
    "categories": {
      "mainCategory": "Glass, Godis & Snacks",
      "subCategories": [
        {
          "name": "Glass",
          "subSubCategories": [
            "Glasstillbehör",
            "Maränger"
          ]
        }
      ]
    }
  },
  {
    "name": "Majskakor Paprika 125g Friggs",
    "weightText": "0.125 kg",
    "caPart": "",
    "weightValue": 0.125,
    "weightUnit": "kg",
    "comparePrice": "151,60 kr/kg",
    "currentPrice": 18.95,
    "attributes": [
      "Glutenfritt"
    ],
    "imgUrl": "https://handlaprivatkund.ica.se/images-v3/bf7a00ca-390e-4769-865f-dc369586872e/46cb0e43-8caa-4acf-bf90-d9ec99f2ac01/500x500.jpg",
    "productInformation": "",
    "countryText": "",
    "companyText": "Friggs",
    "ingrediensText": "Ingredienser: majs (80 %) (majsgryn, majsmjöl), rapsolja, kryddmix med smak av paprika (7,9 %) (paprikapulver (2,7 %), rismjöl, salt, lökpulver, socker, naturlig arom (innehåller MJÖLK), vitlökspulver (0,3 %), jästextrakt, kryddextrakt (paprika), surhetsreglerande medel (citronsyra), rökt maltodextrin, rökt salt). Kan innehålla spår av soja och sesamfrön.",
    "storage": "Förvaras torrt, ej över normal rumstemperatur.",
    "allergens": "",
    "usage": "",
    "nutrition": [
      {
        "Näringsvärde": "Energi (kcal)",
        "100 Gram": "440 kcal"
      },
      {
        "Näringsvärde": "Energi (kJ)",
        "100 Gram": "1850 kJ"
      },
      {
        "Näringsvärde": "Fett",
        "100 Gram": "14 g"
      },
      {
        "Näringsvärde": "Varav mättat fett",
        "100 Gram": "1.2 g"
      },
      {
        "Näringsvärde": "Kolhydrat",
        "100 Gram": "71 g"
      },
      {
        "Näringsvärde": "Varav sockerarter",
        "100 Gram": "0.9 g"
      },
      {
        "Näringsvärde": "Fiber",
        "100 Gram": "2.3 g"
      },
      {
        "Näringsvärde": "Protein",
        "100 Gram": "6.5 g"
      },
      {
        "Näringsvärde": "Salt",
        "100 Gram": "1.4 g"
      }
    ],
    "nutritionUnitText": "Näringsvärde per 100 gram",
    "categories": {
      "mainCategory": "Bröd & Kakor",
      "subCategories": [
        {
          "name": "Knäckebröd & Skorpor",
          "subSubCategories": [
            "Riskakor"
          ]
        }
      ]
    }
  },
  {
    "name": "Knäckebröd Delikatess Sesam 285g Wasa",
    "weightText": "0.285 kg",
    "caPart": "",
    "weightValue": 0.285,
    "weightUnit": "kg",
    "comparePrice": "84,04 kr/kg",
    "currentPrice": 23.95,
    "attributes": [
      "Nyckelhålet"
    ],
    "imgUrl": "https://handlaprivatkund.ica.se/images-v3/bf7a00ca-390e-4769-865f-dc369586872e/65e607b1-1571-4a04-b661-9ddb9430c40a/500x500.jpg",
    "productInformation": "Wasa Knäckebröd Delikatess Sesam är ett tunt knäckebröd täckt av gyllenrostade sesamfrön. Det är ett mycket sprött och krispigt knäcke, bakat på fullkornsrågmjöl. Knäckebröd med sesam får en lite nötig smak och gör sig därför extra bra till ostbrickan eller med lite mer exklusiva pålägg. Detta knäckebröd med frön är dock en delikatess även till frukost eller som en vanlig knäckemacka. Vårt rågknäcke innehåller 98% fullkorn och är rikt på kostfiber. Wasa Delikatess Knäckebröd Sesam är nyckelhålsmärkt och 100% klimatkompenserat.",
    "countryText": "",
    "companyText": "Wasa",
    "ingrediensText": "Ingredienser: FULLKORNSRÅGMJÖL/FULLKORNSRUGMEL (98 g*), SESAMFRÖN/SESAMFRØ (11 g*), salt, jäst/gjær. *i g för 100 g produkt. KAN INNEHÅLLA SPÅR AV MJÖLK./KAN INNEHOLDE SPOR AV MELK.",
    "storage": "Förvaras torrt och mörkt.",
    "allergens": "Kan innehålla spår av Mjölk.",
    "usage": "",
    "nutrition": [
      {
        "Näringsvärde": "Energi (kcal)",
        "100 Gram": "356 kcal"
      },
      {
        "Näringsvärde": "Energi (kJ)",
        "100 Gram": "1494 kJ"
      },
      {
        "Näringsvärde": "Fett",
        "100 Gram": "5.5 g"
      },
      {
        "Näringsvärde": "Varav mättat fett",
        "100 Gram": "1 g"
      },
      {
        "Näringsvärde": "Kolhydrat",
        "100 Gram": "55 g"
      },
      {
        "Näringsvärde": "Varav sockerarter",
        "100 Gram": "2 g"
      },
      {
        "Näringsvärde": "Fiber",
        "100 Gram": "21 g"
      },
      {
        "Näringsvärde": "Protein",
        "100 Gram": "11 g"
      },
      {
        "Näringsvärde": "Salt",
        "100 Gram": "1 g"
      },
      {
        "Näringsvärde": "Järn",
        "100 Gram": "3.4 mg",
        "% av DRI(*)": "24"
      },
      {
        "Näringsvärde": "Magnesium",
        "100 Gram": "130 mg",
        "% av DRI(*)": "35"
      },
      {
        "Näringsvärde": "Zink",
        "100 Gram": "3.4 mg",
        "% av DRI(*)": "34"
      }
    ],
    "nutritionUnitText": "Näringsvärde per 100 gram",
    "categories": {
      "mainCategory": "Bröd & Kakor",
      "subCategories": [
        {
          "name": "Knäckebröd & Skorpor",
          "subSubCategories": [
            "Knäckebröd",
            "Ljust knäckebröd"
          ]
        }
      ]
    }
  },
  {
    "name": "Saltiner 150g Göteborgs",
    "weightText": "0.15 kg",
    "caPart": "",
    "weightValue": 0.15,
    "weightUnit": "kg",
    "comparePrice": "150,00 kr/kg",
    "currentPrice": 22.5,
    "attributes": [],
    "imgUrl": "https://handlaprivatkund.ica.se/images-v3/bf7a00ca-390e-4769-865f-dc369586872e/b1a99b21-a2f5-4876-bdcb-342da5531649/500x500.jpg",
    "productInformation": "Saltiner är goda salta kex - en riktig klassiker på ostbrickan. Det spröda smörgåskexet passar utmärkt till olika ostar. Saltiner är speciellt populära nyår, påsk, midsommar och kräftskivan – högtider då man gärna firar genom att umgås över en ostbricka. Salta kex som är veganska och bakade utan palmolja.",
    "countryText": "",
    "companyText": "Göteborgs",
    "ingrediensText": "Ingredienser: VETEMJÖL/HVEDEMEL, vegetabilisk olja*, VETESTÄRKELSE/HVEDESTIVELSE, socker, salt, bakpulver/hævemiddel (hjorthornssalt E503, natriumbikarbonat), maltextrakt (KORN/BYG), jästextrakt/gærekstrakt, arom. *För info om vilken olja som använts se www.goteborgskex.se/ravaror",
    "storage": "Lägsta förvaringstemperatur 10°C Högsta förvaringstemperatur 22°C",
    "allergens": "Innehåller Spannmål som innehåller gluten",
    "usage": "",
    "nutrition": [
      {
        "Näringsvärde": "Energi (kcal)",
        "100 Gram": "489 kcal"
      },
      {
        "Näringsvärde": "Energi (kJ)",
        "100 Gram": "2046 kJ"
      },
      {
        "Näringsvärde": "Fett",
        "100 Gram": "23 g"
      },
      {
        "Näringsvärde": "Varav mättat fett",
        "100 Gram": "11 g"
      },
      {
        "Näringsvärde": "Kolhydrat",
        "100 Gram": "61 g"
      },
      {
        "Näringsvärde": "Varav sockerarter",
        "100 Gram": "3.8 g"
      },
      {
        "Näringsvärde": "Fiber",
        "100 Gram": "2.7 g"
      },
      {
        "Näringsvärde": "Protein",
        "100 Gram": "7.7 g"
      },
      {
        "Näringsvärde": "Salt",
        "100 Gram": "2.8 g"
      }
    ],
    "nutritionUnitText": "Näringsvärde per 100 gram",
    "categories": {
      "mainCategory": "Bröd & Kakor",
      "subCategories": [
        {
          "name": "Kaffebröd",
          "subSubCategories": [
            "Kex & kakor",
            "Matkex",
            "Kex till ost"
          ]
        }
      ]
    }
  },
  {
    "name": "Tårtbotten Klassisk 24cm 3-delad 330g ICA",
    "weightText": "0.33 kg",
    "caPart": "",
    "weightValue": 0.33,
    "weightUnit": "kg",
    "comparePrice": "80,30 kr/kg",
    "currentPrice": 26.5,
    "attributes": [],
    "imgUrl": "https://handlaprivatkund.ica.se/images-v3/bf7a00ca-390e-4769-865f-dc369586872e/91c4047f-32de-4474-bbd1-dafe3de49d2b/500x500.jpg",
    "productInformation": "Alla kan göra sin egen drömtårta. ICA Tårtbottnar är grunden - nu börjar det roliga. Fyll och pynta med tillbehör och smaker som du älskar.",
    "countryText": "",
    "companyText": "ICA",
    "ingrediensText": "VETEMJÖL, socker, ÄGG*, VETESTÄRKELSE, fuktighetsbevarandemedel (E422), modifierad potatisstärkelse,bakpulver (E450, E500), invertsocker,SKUMMJÖLKSPULVER, emulgeringsmedel (E471,E475, E477, E481), salt, konserveringsmedel(E202, E281), färgämne (E160a), arom.*Ursprung Polen, från frigående höns.",
    "storage": "Förvaras torrt , ej över normal rumstemperatur",
    "allergens": "",
    "usage": "",
    "nutrition": [
      {
        "Näringsvärde": "Energi (kcal)",
        "100 Gram": "300 kcal"
      },
      {
        "Näringsvärde": "Energi (kJ)",
        "100 Gram": "1273 kJ"
      },
      {
        "Näringsvärde": "Fett",
        "100 Gram": "2.8 g"
      },
      {
        "Näringsvärde": "Varav mättat fett",
        "100 Gram": "1.2 g"
      },
      {
        "Näringsvärde": "Kolhydrat",
        "100 Gram": "62 g"
      },
      {
        "Näringsvärde": "Varav sockerarter",
        "100 Gram": "32 g"
      },
      {
        "Näringsvärde": "Protein",
        "100 Gram": "5.3 g"
      },
      {
        "Näringsvärde": "Salt",
        "100 Gram": "1.2 g"
      }
    ],
    "nutritionUnitText": "Näringsvärde per 100 gram",
    "categories": {
      "mainCategory": "Bröd & Kakor",
      "subCategories": [
        {
          "name": "Kaffebröd",
          "subSubCategories": [
            "Tårtbottnar"
          ]
        }
      ]
    }
  },
  {
    "name": "Knäckebröd Delikatess 270g Wasa",
    "weightText": "0.27 kg",
    "caPart": "",
    "weightValue": 0.27,
    "weightUnit": "kg",
    "comparePrice": "77,59 kr/kg",
    "currentPrice": 20.95,
    "attributes": [
      "Nyckelhålet"
    ],
    "imgUrl": "https://handlaprivatkund.ica.se/images-v3/bf7a00ca-390e-4769-865f-dc369586872e/460aaf59-8854-4da9-a83e-5b7f80916896/500x500.jpg",
    "productInformation": "Wasa Knäckebröd Delikatess är ett riktigt tunt knäckebröd med mycket god smak. Det är ett ljust knäckebröd, nästan vitt, och en uppskattad delikatess. Vårt rågknäckebröd är sprött och krispigt med en mild smak. Det passar utmärkt med alla typer av pålägg, men kanske bäst med något från delikatessdisken. Knäcket är bakat på fullkornsrågmjöl och innehåller mycket kostfiber, järn samt 100% fullkorn. Wasa Delikatess knäckebröd är nyckelhålsmärkt och 100% klimatkompenserat.",
    "countryText": "",
    "companyText": "Wasa",
    "ingrediensText": "Ingredienser: fullkornsRÅGmjöl 110 g*, salt. *i g för 100 g produkt. Kan innehålla spår av LUPIN, MJÖLK, SENAP, SESAMFRÖN och SOJABÖNOR.",
    "storage": "Förvaras torrt och mörkt. Högsta förvaringstemperatur 25°C",
    "allergens": "Kan innehålla spår av Mjölk, Sesamfrön.",
    "usage": "",
    "nutrition": [
      {
        "Näringsvärde": "Energi (kcal)",
        "100 Gram": "338 kcal"
      },
      {
        "Näringsvärde": "Energi (kJ)",
        "100 Gram": "1423 kJ"
      },
      {
        "Näringsvärde": "Fett",
        "100 Gram": "1.5 g"
      },
      {
        "Näringsvärde": "Varav mättat fett",
        "100 Gram": "0.3 g"
      },
      {
        "Näringsvärde": "Kolhydrat",
        "100 Gram": "62 g"
      },
      {
        "Näringsvärde": "Varav sockerarter",
        "100 Gram": "2 g"
      },
      {
        "Näringsvärde": "Fiber",
        "100 Gram": "20 g"
      },
      {
        "Näringsvärde": "Protein",
        "100 Gram": "9 g"
      },
      {
        "Näringsvärde": "Salt",
        "100 Gram": "1 g"
      },
      {
        "Näringsvärde": "Järn",
        "100 Gram": "2.6 mg",
        "% av DRI(*)": "19"
      },
      {
        "Näringsvärde": "Magnesium",
        "100 Gram": "95 mg",
        "% av DRI(*)": "25"
      },
      {
        "Näringsvärde": "Zink",
        "100 Gram": "2.5 mg",
        "% av DRI(*)": "25"
      }
    ],
    "nutritionUnitText": "Näringsvärde per 100 gram",
    "categories": {
      "mainCategory": "Bröd & Kakor",
      "subCategories": [
        {
          "name": "Knäckebröd & Skorpor",
          "subSubCategories": [
            "Knäckebröd",
            "Ljust knäckebröd"
          ]
        }
      ]
    }
  },
  {
    "name": "Surdegsbröd Eko 350g Fazer",
    "weightText": "0.35 kg",
    "caPart": "",
    "weightValue": 0.35,
    "weightUnit": "kg",
    "comparePrice": "75,71 kr/kg",
    "currentPrice": 26.5,
    "attributes": [
      "Från Sverige",
      "EU Ekologiskt",
      "Ursprungsland Sverige",
      "Ekologiskt",
      "KRAV"
    ],
    "imgUrl": "https://handlaprivatkund.ica.se/images-v3/bf7a00ca-390e-4769-865f-dc369586872e/8e34cac3-9f0f-4955-a50e-5c421829181a/500x500.jpg",
    "productInformation": "Ekologiskt Surdegsbröd. Mjukt och smakrikt med linfrön och råg. Vi bakar med egen färsk surdeg av fullkornsråg, som ger våra bröd en mustig smak och unik karaktär. Surdegen bidrar till att brödet håller längre, helt naturligt. Ekologiskt surdegsbröd är lika gott till frukost, mellanmål eller som tillbehör till lunch eller middag. Prova gärna att rosta! Tips! Använd det ekologiska surdegsbrödet till att göra en härlig frukostmacka eller varför inte göra en grekisk toast med fetaostkräm och en nektarin- och tomatsalsa. Sunt att njuta! Northern Magic. Made Real.",
    "countryText": "Sverige",
    "companyText": "Fazer",
    "ingrediensText": "VETEmjöl**,1, vatten, RÅGflingor**,1, surdeg av fullkornsRÅGmjöl**,1 5,5%, rapsolja**,1, RÅGfiber**, linfrö1**, VETEgluten*, jäst,1, socker**, malt av KORN** och RÅG**, salt, fermenterat VETEmjöl*, stabiliseringsmedel* (guarkärnmjöl), fullkornsVETEmjöl**,1, ättika*, mjölbehandlingsmedel (askorbinsyra). * Ekologisk ingrediens. ** KRAV ekologisk ingrediens. 1Ursprung Sverige. Brödet består av 82 % svenska ingredienser.",
    "storage": "",
    "allergens": "",
    "usage": "",
    "nutrition": [
      {
        "Näringsvärde": "Energi (kcal)",
        "100 Gram": "280 kcal"
      },
      {
        "Näringsvärde": "Energi (kJ)",
        "100 Gram": "1150 kJ"
      },
      {
        "Näringsvärde": "Fett",
        "100 Gram": "5.8 g"
      },
      {
        "Näringsvärde": "Varav mättat fett",
        "100 Gram": "0.5 g"
      },
      {
        "Näringsvärde": "Kolhydrat",
        "100 Gram": "45 g"
      },
      {
        "Näringsvärde": "Varav sockerarter",
        "100 Gram": "4.1 g"
      },
      {
        "Näringsvärde": "Fiber",
        "100 Gram": "6.1 g"
      },
      {
        "Näringsvärde": "Protein",
        "100 Gram": "8.4 g"
      },
      {
        "Näringsvärde": "Salt",
        "100 Gram": "0.9 g"
      }
    ],
    "nutritionUnitText": "Näringsvärde per 100 gram",
    "categories": {
      "mainCategory": "Bröd & Kakor",
      "subCategories": [
        {
          "name": "Matbröd",
          "subSubCategories": [
            "Surdegsbröd"
          ]
        }
      ]
    }
  },
  {
    "name": "Knäckebröd Din Harmoni Vallmofrö & Havssalt 260g Wasa",
    "weightText": "0.26 kg",
    "caPart": "",
    "weightValue": 0.26,
    "weightUnit": "kg",
    "comparePrice": "103,65 kr/kg",
    "currentPrice": 26.95,
    "attributes": [
      "Nyckelhålet"
    ],
    "imgUrl": "https://handlaprivatkund.ica.se/images-v3/bf7a00ca-390e-4769-865f-dc369586872e/e057926a-de38-43c8-8ad7-f025e9af45ea/500x500.jpg",
    "productInformation": "Wasa Knäckebröd Din Harmoni Vallmofrö & Havssalt firar ditt inre lugn. Det här är ett knäckebröd med vallmo som erbjuder en välsmakande paus. Vårt vallmofrö-bröd är rikt på fullkorn och är 100% klimatkompenserat. Det är bakat på fullkornsrågmjöl och toppat med blå och vita vallmofrön samt havssalt som ger det en god och balanserad karaktär. Din Harmoni Vallmofrö & Havssalt är ett runt knäckebröd. Du kan bryta det i precis lagom stora bitar för en välsmakande knäckemacka eller i små bitar att ha i soppan eller salladen.",
    "countryText": "",
    "companyText": "Wasa",
    "ingrediensText": "Ingredienser: FullkornsRÅGmjöl 97 g*, blå & vita vallmofrön 7,7 g*, jäst, havssalt 0,6 g*, salt. *i g för 100 g produkt.",
    "storage": "",
    "allergens": "",
    "usage": "",
    "nutrition": [
      {
        "Näringsvärde": "Energi (kcal)",
        "100 Gram": "353 kcal"
      },
      {
        "Näringsvärde": "Energi (kJ)",
        "100 Gram": "1484 kJ"
      },
      {
        "Näringsvärde": "Fett",
        "100 Gram": "5 g"
      },
      {
        "Näringsvärde": "Varav mättat fett",
        "100 Gram": "1 g"
      },
      {
        "Näringsvärde": "Kolhydrat",
        "100 Gram": "56 g"
      },
      {
        "Näringsvärde": "Varav sockerarter",
        "100 Gram": "0.5 g"
      },
      {
        "Näringsvärde": "Fiber",
        "100 Gram": "20 g"
      },
      {
        "Näringsvärde": "Protein",
        "100 Gram": "11 g"
      },
      {
        "Näringsvärde": "Salt",
        "100 Gram": "1.2 g"
      }
    ],
    "nutritionUnitText": "Näringsvärde per 100 gram",
    "categories": {
      "mainCategory": "Bröd & Kakor",
      "subCategories": [
        {
          "name": "Knäckebröd & Skorpor",
          "subSubCategories": [
            "Knäckebröd",
            "Mörkt knäckebröd"
          ]
        }
      ]
    }
  },
  {
    "name": "Riskakor med Pizzasmak 125g Friggs",
    "weightText": "0.125 kg",
    "caPart": "",
    "weightValue": 0.125,
    "weightUnit": "kg",
    "comparePrice": "175,60 kr/kg",
    "currentPrice": 21.95,
    "attributes": [],
    "imgUrl": "https://handlaprivatkund.ica.se/images-v3/bf7a00ca-390e-4769-865f-dc369586872e/f9f5665b-7253-4d3c-9a74-c308ef36abb4/500x500.jpg",
    "productInformation": "Friggs Riskakor Pizza har en god smak av pizza. Njut av de som de är eller tillsammans med ditt favoritpålägg. Naturligt glutenfria och rika på fullkorn.",
    "countryText": "",
    "companyText": "Friggs",
    "ingrediensText": "Råris (fullkorn) (78 %), rapsolja, kryddblandning (OSTPULVER, vasslepulver (från MJÖLK), salt, socker, tomatpulver, dextros, jästextrakt, vitlökspulver, örter (oregano, basilika, persilja), arom (MJÖLK), kryddextrakt (paprika, svartpeppar), syra (citronsyra), örtextrakt (oregano, timjan)). Kan innehålla spår av soja och sesamfrön.",
    "storage": "Torrt, ej över normal rumstemperatur. Lägsta förvaringstemperatur 5°C Högsta förvaringstemperatur 25°C",
    "allergens": "Kan innehålla spår av Sesamfrön.",
    "usage": "",
    "nutrition": [
      {
        "Näringsvärde": "Energi (kcal)",
        "100 Gram": "450 kcal"
      },
      {
        "Näringsvärde": "Energi (kJ)",
        "100 Gram": "1900 kJ"
      },
      {
        "Näringsvärde": "Fett",
        "100 Gram": "17 g"
      },
      {
        "Näringsvärde": "Varav mättat fett",
        "100 Gram": "2.1 g"
      },
      {
        "Näringsvärde": "Kolhydrat",
        "100 Gram": "64 g"
      },
      {
        "Näringsvärde": "Varav sockerarter",
        "100 Gram": "3.9 g"
      },
      {
        "Näringsvärde": "Fiber",
        "100 Gram": "3.2 g"
      },
      {
        "Näringsvärde": "Protein",
        "100 Gram": "8.1 g"
      },
      {
        "Näringsvärde": "Salt",
        "100 Gram": "1.6 g"
      }
    ],
    "nutritionUnitText": "Näringsvärde per 100 gram",
    "categories": {
      "mainCategory": "Bröd & Kakor",
      "subCategories": [
        {
          "name": "Knäckebröd & Skorpor",
          "subSubCategories": [
            "Riskakor"
          ]
        }
      ]
    }
  },
  {
    "name": "Singoalla Blåbär 190g Göteborgs",
    "weightText": "0.19 kg",
    "caPart": "",
    "weightValue": 0.19,
    "weightUnit": "kg",
    "comparePrice": "118,42 kr/kg",
    "currentPrice": 22.5,
    "attributes": [],
    "imgUrl": "https://handlaprivatkund.ica.se/images-v3/bf7a00ca-390e-4769-865f-dc369586872e/2d20c87d-ad98-498b-8d36-e0d016a635d3/500x500.jpg",
    "productInformation": "Singoalla Blåbär är en oemotståndligt god kaka med krämig vaniljfyllning och sötsyrligt blåbär. Singoalla lanserades 1964 och har sedan dess varit ett älskat kex med sin perfekta balans mellan syrlighet och sötma. Fylld med smak av svensk sommar! Kakorna är veganska och bakade utan palmolja.",
    "countryText": "",
    "companyText": "Singoalla",
    "ingrediensText": "VETEMJÖL/HVEDEMEL, kräm med vaniljsmak 23 % (socker, fullhärdat kokosfett, emulgeringsmedel (lecitin), surhetsreglerande medel (citronsyra), arom (vanillin)), blåbärsfyllning 14 % (socker, glukossirap, vatten, blåbärsjuicekoncentrat 4,9 %, geleringsmedel (karragenan), aromer), socker, solrosolja, invertsocker, bakpulver/hævemiddel (natriumbikarbonat, hjorthornssalt E503), emulgeringsmedel (lecitin), salt, aromer. Kan innehålla spår av HASSELNÖTTER/HASSELNØDDER och MJÖLK/MÆLK.",
    "storage": "",
    "allergens": "Kan innehålla Mjölk Innehåller Sojabönor Innehåller Spannmål som innehåller gluten Kan innehålla Nötter (eng: tree nuts)",
    "usage": "",
    "nutrition": [
      {
        "Näringsvärde": "Energi (kcal)",
        "100 Gram": "467 kcal"
      },
      {
        "Näringsvärde": "Energi (kJ)",
        "100 Gram": "1961 kJ"
      },
      {
        "Näringsvärde": "Fett",
        "100 Gram": "18 g"
      },
      {
        "Näringsvärde": "Varav mättat fett",
        "100 Gram": "9 g"
      },
      {
        "Näringsvärde": "Kolhydrat",
        "100 Gram": "71 g"
      },
      {
        "Näringsvärde": "Varav sockerarter",
        "100 Gram": "38 g"
      },
      {
        "Näringsvärde": "Fiber",
        "100 Gram": "1.9 g"
      },
      {
        "Näringsvärde": "Protein",
        "100 Gram": "5 g"
      },
      {
        "Näringsvärde": "Salt",
        "100 Gram": "0.47 g"
      }
    ],
    "nutritionUnitText": "Näringsvärde per 100 gram",
    "categories": {
      "mainCategory": "Bröd & Kakor",
      "subCategories": [
        {
          "name": "Kaffebröd",
          "subSubCategories": [
            "Kex & kakor",
            "Söta kex & Kakor",
            "Fyllda kakor"
          ]
        }
      ]
    }
  },
  {
    "name": "Naan bröd Original 260g Santa Maria",
    "weightText": "0.26 kg",
    "caPart": "",
    "weightValue": 0.26,
    "weightUnit": "kg",
    "comparePrice": "117,31 kr/kg",
    "currentPrice": 30.5,
    "attributes": [],
    "imgUrl": "https://handlaprivatkund.ica.se/images-v3/bf7a00ca-390e-4769-865f-dc369586872e/3e8c6a55-68a8-4757-9bc0-26b4fbcc54ab/500x500.jpg",
    "productInformation": "",
    "countryText": "",
    "companyText": "Santa Maria",
    "ingrediensText": "VETEMJÖL (med kalciumkarbonat, niacin, järn, tiamin), vatten, rapsolja, ättika, jäst, kalonjifrön*, konserveringsmedel (kaliumsorbat, kalciumpropionat), surhetsreglerande medel (citronsyra), bakpulver (natriumkarbonater), salt, fänkål, VETESTÄRKELSE. *Kalonji är ett aromatiskt och pepprigt frö från växten Nigella sativa. Kallas även nigellafrö.",
    "storage": "Förvaras torrt och svalt.",
    "allergens": "",
    "usage": "Förslut öppnad förpackning och använd inom 1 dygn. Kan frysas om den ej varit uppvärmd.",
    "nutrition": [
      {
        "Näringsvärde": "Energi (kcal)",
        "100 Gram": "268 kcal"
      },
      {
        "Näringsvärde": "Energi (kJ)",
        "100 Gram": "1134 kJ"
      },
      {
        "Näringsvärde": "Fett",
        "100 Gram": "4 g"
      },
      {
        "Näringsvärde": "Varav mättat fett",
        "100 Gram": "0.5 g"
      },
      {
        "Näringsvärde": "Kolhydrat",
        "100 Gram": "48 g"
      },
      {
        "Näringsvärde": "Varav sockerarter",
        "100 Gram": "2.1 g"
      },
      {
        "Näringsvärde": "Fiber",
        "100 Gram": "3.8 g"
      },
      {
        "Näringsvärde": "Protein",
        "100 Gram": "8 g"
      },
      {
        "Näringsvärde": "Salt",
        "100 Gram": "0.57 g"
      }
    ],
    "nutritionUnitText": "Näringsvärde per 100 gram",
    "categories": {
      "mainCategory": "Skafferi",
      "subCategories": [
        {
          "name": "Smaker från världen",
          "subSubCategories": [
            "Indien"
          ]
        }
      ]
    }
  },
  {
    "name": "Havrekakor Sockerfri 160g Gille",
    "weightText": "0.16 kg",
    "caPart": "",
    "weightValue": 0.16,
    "weightUnit": "kg",
    "comparePrice": "153,13 kr/kg",
    "currentPrice": 24.5,
    "attributes": [],
    "imgUrl": "https://handlaprivatkund.ica.se/images-v3/bf7a00ca-390e-4769-865f-dc369586872e/22fda6d9-a993-48fb-b2cb-db7e4c5c8e25/500x500.jpg",
    "productInformation": "",
    "countryText": "",
    "companyText": "Gille",
    "ingrediensText": "Ingredienser: margarin (vegetabiliska fetter och oljor (palm*, shea, raps, kokos), vatten, salt, emulgeringsmedel: mono- och diglycerider av vegetabiliska fettsyror; naturlig arom, antioxidationsmedel: citronsyra), HAVREGRYN 27 %, sötningsmedel: maltitoler**; VETEMJÖL, HAVREFIBER 5,2 %, bakpulver: ammoniumkarbonater, natriumkarbonater; salt, naturlig arom. Kan innehålla spår av ägg, mjölk och mandel. *Hållbart producerad och certifierad. **Överdriven konsumtion kan ha laxerande effekt.",
    "storage": "Förvaras svalt och torrt. Källsortering (mjukplast). Lägsta förvaringstemperatur 5°C Högsta förvaringstemperatur 25°C",
    "allergens": "",
    "usage": "",
    "nutrition": [
      {
        "Näringsvärde": "Energi (kcal)",
        "100 Gram": "467 kcal"
      },
      {
        "Näringsvärde": "Energi (kJ)",
        "100 Gram": "2024 kJ"
      },
      {
        "Näringsvärde": "Fett",
        "100 Gram": "32.8 g"
      },
      {
        "Näringsvärde": "Varav mättat fett",
        "100 Gram": "15.6 g"
      },
      {
        "Näringsvärde": "Kolhydrat",
        "100 Gram": "50 g"
      },
      {
        "Näringsvärde": "Varav sockerarter",
        "100 Gram": "0.2 g"
      },
      {
        "Näringsvärde": "Fiber",
        "100 Gram": "7.9 g"
      },
      {
        "Näringsvärde": "Protein",
        "100 Gram": "4.7 g"
      },
      {
        "Näringsvärde": "Salt",
        "100 Gram": "1.12 g"
      }
    ],
    "nutritionUnitText": "",
    "categories": {
      "mainCategory": "Bröd & Kakor",
      "subCategories": [
        {
          "name": "Kaffebröd",
          "subSubCategories": [
            "Kex & kakor",
            "Söta kex & Kakor",
            "Sockerfria kakor"
          ]
        }
      ]
    }
  },
  {
    "name": "Vete skorpor 240g Pågen",
    "weightText": "0.24 kg",
    "caPart": "",
    "weightValue": 0.24,
    "weightUnit": "kg",
    "comparePrice": "77,08 kr/kg",
    "currentPrice": 18.5,
    "attributes": [],
    "imgUrl": "https://handlaprivatkund.ica.se/images-v3/bf7a00ca-390e-4769-865f-dc369586872e/1762d5e3-d375-4dbe-83d9-f59dd185a949/500x500.jpg",
    "productInformation": "",
    "countryText": "",
    "companyText": "Pågen",
    "ingrediensText": "VETEmjöl* (90%), socker, vegetabiliska oljor (raps*, fullhärdad raps), malt av KORN/BYG, jäst/gær/gjær, salt. *Svensk rapsolja och svenskt mjöl från egen kvarn.",
    "storage": "Förvaras torrt och avskilt från varor med stark lukt.",
    "allergens": "",
    "usage": "",
    "nutrition": [
      {
        "Näringsvärde": "Energi (kcal)",
        "100 Gram": "432 kcal"
      },
      {
        "Näringsvärde": "Energi (kJ)",
        "100 Gram": "1824 kJ"
      },
      {
        "Näringsvärde": "Fett",
        "100 Gram": "10 g"
      },
      {
        "Näringsvärde": "Varav mättat fett",
        "100 Gram": "1.3 g"
      },
      {
        "Näringsvärde": "Kolhydrat",
        "100 Gram": "73 g"
      },
      {
        "Näringsvärde": "Varav sockerarter",
        "100 Gram": "9.5 g"
      },
      {
        "Näringsvärde": "Fiber",
        "100 Gram": "3.1 g"
      },
      {
        "Näringsvärde": "Protein",
        "100 Gram": "10 g"
      },
      {
        "Näringsvärde": "Salt",
        "100 Gram": "0.67 g"
      }
    ],
    "nutritionUnitText": "Näringsvärde per 100 gram",
    "categories": {
      "mainCategory": "Bröd & Kakor",
      "subCategories": [
        {
          "name": "Knäckebröd & Skorpor",
          "subSubCategories": [
            "Skorpor"
          ]
        }
      ]
    }
  },
  {
    "name": "Brungräddat knäcke 830g Leksands Knäckebröd",
    "weightText": "0.83 kg",
    "caPart": "",
    "weightValue": 0.83,
    "weightUnit": "kg",
    "comparePrice": "44,52 kr/kg",
    "currentPrice": 36.95,
    "attributes": [
      "Från Sverige",
      "Nyckelhålet",
      "Ursprungsland Sverige"
    ],
    "imgUrl": "https://handlaprivatkund.ica.se/images-v3/bf7a00ca-390e-4769-865f-dc369586872e/f9067171-e2db-4216-97f8-7b6b6c59824e/500x500.jpg",
    "productInformation": "En brungräddad vardagsfavorit från LEKSANDS KNÄCKEBRÖD bakad på närodlad råg och vatten från egen källa. Äkta njutning sedan 1817.",
    "countryText": "Sverige",
    "companyText": "Leksands Knäcke",
    "ingrediensText": "Ingredienser: FULLKORNSRÅGMJÖL/FULDKORNSRUGMEL**, vatten/vand**, jäst/gær**, salt **Från Sverige",
    "storage": "Förvaras mörkt och torrt",
    "allergens": "",
    "usage": "",
    "nutrition": [
      {
        "Näringsvärde": "Energi (kcal)",
        "100 Gram": "350 kcal"
      },
      {
        "Näringsvärde": "Energi (kJ)",
        "100 Gram": "1400 kJ"
      },
      {
        "Näringsvärde": "Fett",
        "100 Gram": "1.6 g"
      },
      {
        "Näringsvärde": "Varav mättat fett",
        "100 Gram": "0.3 g"
      },
      {
        "Näringsvärde": "Kolhydrat",
        "100 Gram": "60 g"
      },
      {
        "Näringsvärde": "Varav sockerarter",
        "100 Gram": "0.5 g"
      },
      {
        "Näringsvärde": "Fiber",
        "100 Gram": "20 g"
      },
      {
        "Näringsvärde": "Protein",
        "100 Gram": "8.9 g"
      },
      {
        "Näringsvärde": "Salt",
        "100 Gram": "1.2 g"
      }
    ],
    "nutritionUnitText": "Näringsvärde per 100 gram",
    "categories": {
      "mainCategory": "Bröd & Kakor",
      "subCategories": [
        {
          "name": "Knäckebröd & Skorpor",
          "subSubCategories": [
            "Knäckebröd",
            "Mörkt knäckebröd"
          ]
        }
      ]
    }
  },
  {
    "name": "Mazariner hallon 220g ICA",
    "weightText": "0.22 kg",
    "caPart": "",
    "weightValue": 0.22,
    "weightUnit": "kg",
    "comparePrice": "102,27 kr/kg",
    "currentPrice": 22.5,
    "attributes": [],
    "imgUrl": "https://handlaprivatkund.ica.se/images-v3/bf7a00ca-390e-4769-865f-dc369586872e/61b2bc88-ab83-4d86-b3a0-b91e475c6832/500x500.jpg",
    "productInformation": "Klassisk mazarin med smak av hallon.",
    "countryText": "",
    "companyText": "ICA",
    "ingrediensText": "Ingredienser: socker, vetemjöl, margarin (vegetabiliskt fett och olja (palm*, raps, kokos), vatten, salt, emulgeringsmedel (E471) surhetsreglerande medel (E330), naturlig arom, vitamin A), hallonfyllning 11 % (socker, vatten, hallon, glukos-fruktossirap, hallonjuicekoncentrat, förtjockningsmedel (E440), surhetsreglerande medel (E330, E331), konserveringsmedel (E202), koncentrerad fläderbärsjuice), ägg**, aprikoskärnor, glukossirap, fuktighetsbevarande medel (E422), äggpulver**, bakpulver (E450, E500), konserveringsmedel (E202, E281), majsstärkelse, koncentrat av rödbetor, emulgeringsmedel (E471), förtjockningsmedel (E410, E412), surhetsreglerande medel (E330). Kan innehålla spår av mjölk, mandel, valnöt, pekannöt och hasselnöt. *Läs om hållbarhetscertifierad palmolja på ica.se ** Ursprung EU",
    "storage": "",
    "allergens": "",
    "usage": "",
    "nutrition": [
      {
        "Näringsvärde": "Energi (kcal)",
        "100 Gram": "404 kcal"
      },
      {
        "Näringsvärde": "Energi (kJ)",
        "100 Gram": "1693 kJ"
      },
      {
        "Näringsvärde": "Fett",
        "100 Gram": "18 g"
      },
      {
        "Näringsvärde": "Varav mättat fett",
        "100 Gram": "7.4 g"
      },
      {
        "Näringsvärde": "Kolhydrat",
        "100 Gram": "56 g"
      },
      {
        "Näringsvärde": "Varav sockerarter",
        "100 Gram": "39 g"
      },
      {
        "Näringsvärde": "Protein",
        "100 Gram": "4 g"
      },
      {
        "Näringsvärde": "Salt",
        "100 Gram": "0.31 g"
      }
    ],
    "nutritionUnitText": "Näringsvärde per 100 gram",
    "categories": {
      "mainCategory": "Bröd & Kakor",
      "subCategories": [
        {
          "name": "Kaffebröd",
          "subSubCategories": [
            "Kondisbitar & Bakelser"
          ]
        }
      ]
    }
  },
  {
    "name": "Vitlöksbaguetter 350g Hatting",
    "weightText": "0.35 kg",
    "caPart": "",
    "weightValue": 0.35,
    "weightUnit": "kg",
    "comparePrice": "84,29 kr/kg",
    "currentPrice": 29.5,
    "attributes": [],
    "imgUrl": "https://handlaprivatkund.ica.se/images-v3/bf7a00ca-390e-4769-865f-dc369586872e/cb990928-5d8c-40c9-b33f-85d2047173be/500x500.jpg",
    "productInformation": "",
    "countryText": "",
    "companyText": "Hatting",
    "ingrediensText": "VETEMJÖL, vatten, vitlökssmör 19 % [SMÖR, vatten, potatisstärkelse, vitlök 1%, salt (jod), lökpulver, persilja], jäst, salt (jod), rapsolja, socker, maltmjöl av VETE, druvsocker, sockerbetfiber, malt av KORN, antioxidant (E300).Kan innehålla spår av ägg, soja, senap, sesamfrön.",
    "storage": "Lägsta förvaringstemperatur -18°C Högsta förvaringstemperatur -18°C",
    "allergens": "Innehåller Mjölk Kan innehålla Sesamfrön Innehåller Spannmål som innehåller gluten Kan innehålla Sojabönor Kan innehålla Senap Kan innehålla Ägg",
    "usage": "",
    "nutrition": [
      {
        "Näringsvärde": "Energi (kcal)",
        "100 Gram": "323 kcal"
      },
      {
        "Näringsvärde": "Energi (kJ)",
        "100 Gram": "1353 kJ"
      },
      {
        "Näringsvärde": "Fett",
        "100 Gram": "14 g"
      },
      {
        "Näringsvärde": "Varav mättat fett",
        "100 Gram": "8.9 g"
      },
      {
        "Näringsvärde": "Kolhydrat",
        "100 Gram": "41 g"
      },
      {
        "Näringsvärde": "Varav sockerarter",
        "100 Gram": "1 g"
      },
      {
        "Näringsvärde": "Fiber",
        "100 Gram": "2 g"
      },
      {
        "Näringsvärde": "Protein",
        "100 Gram": "7.2 g"
      },
      {
        "Näringsvärde": "Salt",
        "100 Gram": "1.7 g"
      }
    ],
    "nutritionUnitText": "Näringsvärde per 100 gram",
    "categories": {
      "mainCategory": "Fryst",
      "subCategories": [
        {
          "name": "Fryst bröd & dessert",
          "subSubCategories": [
            "Fryst bröd"
          ]
        }
      ]
    }
  },
  {
    "name": "Cocosboll utan kex 8-p 200g Smarry",
    "weightText": "0.2 kg",
    "caPart": "",
    "weightValue": 0.2,
    "weightUnit": "kg",
    "comparePrice": "164,75 kr/kg",
    "currentPrice": 32.95,
    "attributes": [
      "Glutenfritt"
    ],
    "imgUrl": "https://handlaprivatkund.ica.se/images-v3/bf7a00ca-390e-4769-865f-dc369586872e/897db470-5146-471f-a28b-827c6441fa78/500x500.jpg",
    "productInformation": "",
    "countryText": "",
    "companyText": "Smarry",
    "ingrediensText": "Ingredienser: Socker, glucos-fructossirap, vatten, cocosflingor, vegetabilisk olja (fullhärdad (kokos, raps)), ÄGGVITA, cacaopulver, fuktighetsbevarande medel (sorbitol), emulgeringsmedel (solroslecitin, E492), stabiliserings medel (agar,pektiner), salt, arom, surhetsreglerande medel (citronsyra).",
    "storage": "",
    "allergens": "",
    "usage": "",
    "nutrition": [
      {
        "Näringsvärde": "Energi (kcal)",
        "100 Gram": "414 kcal"
      },
      {
        "Näringsvärde": "Energi (kJ)",
        "100 Gram": "1718 kJ"
      },
      {
        "Näringsvärde": "Fett",
        "100 Gram": "15 g"
      },
      {
        "Näringsvärde": "Varav mättat fett",
        "100 Gram": "14 g"
      },
      {
        "Näringsvärde": "Kolhydrat",
        "100 Gram": "65 g"
      },
      {
        "Näringsvärde": "Varav sockerarter",
        "100 Gram": "58 g"
      },
      {
        "Näringsvärde": "Protein",
        "100 Gram": "2.9 g"
      },
      {
        "Näringsvärde": "Salt",
        "100 Gram": "0.1 g"
      }
    ],
    "nutritionUnitText": "Näringsvärde per 100 gram",
    "categories": {
      "mainCategory": "Bröd & Kakor",
      "subCategories": [
        {
          "name": "Kaffebröd",
          "subSubCategories": [
            "Kondisbitar & Bakelser"
          ]
        }
      ]
    }
  },
  {
    "name": "Digestive 400g KRAV",
    "weightText": "0.4 kg",
    "caPart": "",
    "weightValue": 0.4,
    "weightUnit": "kg",
    "comparePrice": "73,75 kr/kg",
    "currentPrice": 29.5,
    "attributes": [
      "EU Ekologiskt",
      "Ekologiskt"
    ],
    "imgUrl": "https://handlaprivatkund.ica.se/images-v3/bf7a00ca-390e-4769-865f-dc369586872e/3110f1a2-ee49-4358-ad69-001d48d9259f/500x500.jpg",
    "productInformation": "Spröda ekologiska digestivekex från Göteborgs Kex. Klassiska kex som smakar fantastiskt gott - både som de är eller med pålägg. Ett självklart val när du vill tänka lite extra på miljön. Bakade i Kungälv, veganska och fria från palmolja.",
    "countryText": "",
    "companyText": "Digestive",
    "ingrediensText": "VETEMJÖL/HVEDEMEL*, socker*, solrosolja/solsikkeolje*, grahamsmjöl av VETE/HVEDE*, sirap*, bakpulver/hævemiddel (natriumbikarbonat, hjorthornssalt E503), salt. * Ekologisk ingrediens",
    "storage": "Lägsta förvaringstemperatur 10°C Högsta förvaringstemperatur 22°C",
    "allergens": "Innehåller Spannmål som innehåller gluten",
    "usage": "",
    "nutrition": [
      {
        "Näringsvärde": "Energi (kcal)",
        "100 Gram": "464 kcal"
      },
      {
        "Näringsvärde": "Energi (kJ)",
        "100 Gram": "1947 kJ"
      },
      {
        "Näringsvärde": "Fett",
        "100 Gram": "17 g"
      },
      {
        "Näringsvärde": "Varav mättat fett",
        "100 Gram": "1.5 g"
      },
      {
        "Näringsvärde": "Kolhydrat",
        "100 Gram": "68 g"
      },
      {
        "Näringsvärde": "Varav sockerarter",
        "100 Gram": "20 g"
      },
      {
        "Näringsvärde": "Fiber",
        "100 Gram": "3.6 g"
      },
      {
        "Näringsvärde": "Protein",
        "100 Gram": "7 g"
      },
      {
        "Näringsvärde": "Salt",
        "100 Gram": "1.3 g"
      }
    ],
    "nutritionUnitText": "Näringsvärde per 100 gram",
    "categories": {
      "mainCategory": "Bröd & Kakor",
      "subCategories": [
        {
          "name": "Kaffebröd",
          "subSubCategories": [
            "Kex & kakor",
            "Matkex",
            "Digestivekex"
          ]
        }
      ]
    }
  },
  {
    "name": "Havreknäcke 600g Wasa",
    "weightText": "0.6 kg",
    "caPart": "",
    "weightValue": 0.6,
    "weightUnit": "kg",
    "comparePrice": "74,17 kr/kg",
    "currentPrice": 44.5,
    "attributes": [
      "Nyckelhålet"
    ],
    "imgUrl": "https://handlaprivatkund.ica.se/images-v3/bf7a00ca-390e-4769-865f-dc369586872e/db5d857e-a1a9-413c-9023-08f94f6fada1/500x500.jpg",
    "productInformation": "Wasa Knäckebröd Havre är ett utsökt och knaprigt fullkornsknäckebröd. Bakat av fullkornshavremjöl och toppat med havregryn är det en bra källa till både kostfiber och protein. Vårt havreknäcke har en delikat och mild smak, vilket gör det till ett utmärkt tillbehör till alla måltider. Detta knäcke har en särskilt knaprig yta och ett luftigt, sprött inre. Wasa havreknäckebröd är 100% klimatkompenserat och nyckelhålsmärkt.",
    "countryText": "",
    "companyText": "Wasa",
    "ingrediensText": "Ingredienser: FULLKORNSHAVREMJÖL (36%), VETEMJÖL, RÅGMJÖL, HAVREFLINGOR (17%), jäst, naturlig arom, surdegspulver av FULLKORNSRÅG (1%), emulgeringsmedel (mono- och diglycerider av fettsyror), salt, bakpulver (natriumvätekarbonat.",
    "storage": "",
    "allergens": "",
    "usage": "",
    "nutrition": [
      {
        "Näringsvärde": "Energi (kcal)",
        "100 Gram": "366 kcal"
      },
      {
        "Näringsvärde": "Energi (kJ)",
        "100 Gram": "1546 kJ"
      },
      {
        "Näringsvärde": "Fett",
        "100 Gram": "5 g"
      },
      {
        "Näringsvärde": "Varav mättat fett",
        "100 Gram": "1 g"
      },
      {
        "Näringsvärde": "Kolhydrat",
        "100 Gram": "64 g"
      },
      {
        "Näringsvärde": "Varav sockerarter",
        "100 Gram": "0.5 g"
      },
      {
        "Näringsvärde": "Fiber",
        "100 Gram": "10 g"
      },
      {
        "Näringsvärde": "Protein",
        "100 Gram": "12 g"
      },
      {
        "Näringsvärde": "Salt",
        "100 Gram": "1.2 g"
      },
      {
        "Näringsvärde": "Järn",
        "100 Gram": "3.3 mg",
        "% av DRI(*)": "24"
      },
      {
        "Näringsvärde": "Magnesium",
        "100 Gram": "90 mg",
        "% av DRI(*)": "24"
      },
      {
        "Näringsvärde": "Zink",
        "100 Gram": "2.5 mg",
        "% av DRI(*)": "25"
      }
    ],
    "nutritionUnitText": "Näringsvärde per 100 gram",
    "categories": {
      "mainCategory": "Bröd & Kakor",
      "subCategories": [
        {
          "name": "Knäckebröd & Skorpor",
          "subSubCategories": [
            "Knäckebröd",
            "Mörkt knäckebröd"
          ]
        }
      ]
    }
  },
  {
    "name": "Kaka Choco Brownie 150g Marabou",
    "weightText": "0.15 kg",
    "caPart": "",
    "weightValue": 0.15,
    "weightUnit": "kg",
    "comparePrice": "230,00 kr/kg",
    "currentPrice": 34.5,
    "attributes": [],
    "imgUrl": "https://handlaprivatkund.ica.se/images-v3/bf7a00ca-390e-4769-865f-dc369586872e/807e6110-babc-4cc9-9afa-7c6d90d2f1dc/500x500.jpg",
    "productInformation": "Upplev Nya Marabou Choco Brownie – utsökt lyxiga mjuka kakor som är perfekta att dela med familj och vänner eller njuta av själv när sötsuget slår till! Marabou Choco Brownies, tillverkade med len mjölkchoklad och generösa bitar av choklad, erbjuder den ultimata chokladupplevelsen! Förpackade i en ask med 6 individuellt inslagna brownies, håller de sig färska för att njutas när och hur du vill.",
    "countryText": "",
    "companyText": "Marabou",
    "ingrediensText": "Ingredienser: socker, ÄGG/ÆG/EGG, palmolja/-olie, VETEMJÖL/HVEDEMEL, rapsolja/-olie, kakaomassa, kakaosmör/-smør, glukossirap, fuktighetsbevarande medel (glycerol), MJÖLKPULVER/SØDMÆLKSPULVER/TØRRMELK, fettreducerad/fedtfattig kakao, SKUMMJÖLKSPULVER/SKUMMETMÆLKSPULVER, emulgeringsmedel (E492, SOJALECITINER, E476), sockrad kondenserad SKUMMJÖLK/sødet kondenseret SKUMMETMÆLK, vassle-/valle-/mysepulver (MJÖLK/MÆLK), SMÖRFETT/SMØROLIE/MELKEFETT, stärkelse/stivelse, salt, konserveringsmedel (kaliumsorbat), surhetsreglerande medel (citronsyra), geleringsmedel (natriumalginat), bakpulver/hævemidler (natriumkarbonater, difosfater), aromer. KAN INNEHÅLLA SESAM, NÖTTER/NØDDER/NØTTER.",
    "storage": "",
    "allergens": "",
    "usage": "",
    "nutrition": [
      {
        "Näringsvärde": "Energi (kcal)",
        "100 Gram": "468 kcal"
      },
      {
        "Näringsvärde": "Energi (kJ)",
        "100 Gram": "1954 kJ"
      },
      {
        "Näringsvärde": "Fett",
        "100 Gram": "27 g"
      },
      {
        "Näringsvärde": "Varav mättat fett",
        "100 Gram": "12 g"
      },
      {
        "Näringsvärde": "Kolhydrat",
        "100 Gram": "50 g"
      },
      {
        "Näringsvärde": "Varav sockerarter",
        "100 Gram": "38 g"
      },
      {
        "Näringsvärde": "Fiber",
        "100 Gram": "1.7 g"
      },
      {
        "Näringsvärde": "Protein",
        "100 Gram": "5 g"
      },
      {
        "Näringsvärde": "Salt",
        "100 Gram": "0.38 g"
      }
    ],
    "nutritionUnitText": "Näringsvärde per 100 gram",
    "categories": {
      "mainCategory": "Bröd & Kakor",
      "subCategories": [
        {
          "name": "Kaffebröd",
          "subSubCategories": [
            "Mjuka kakor & Muffins",
            "Övriga mjuka kakor"
          ]
        }
      ]
    }
  },
  {
    "name": "korvbröd French Hot Dog 3-p 180g Korvbrödsbagarn",
    "weightText": "0.18 kg",
    "caPart": "",
    "weightValue": 0.18,
    "weightUnit": "kg",
    "comparePrice": "113,89 kr/kg",
    "currentPrice": 20.5,
    "attributes": [],
    "imgUrl": "https://handlaprivatkund.ica.se/images-v3/bf7a00ca-390e-4769-865f-dc369586872e/fc0cfc95-ac63-4c91-a92e-47e6b13a9a73/500x500.jpg",
    "productInformation": "French hot dog är ett stortt korvbröd av baguette typ, som passar alla typer av smala korvar, allt från klassisker till nyare premium korvar. Som alla andra bröd från Korvbrödsbagarn är det bakat enbart av vegetabiliska ingredienser.",
    "countryText": "",
    "companyText": "Korvbrödsbagarn",
    "ingrediensText": "Ingredienser:VETEMJÖL, vatten, surdeg av VETE (vatten, VETEMJÖL, surdegskultur), jäst, VETEFIBER, vinäger, salt, fermenterat socker, maltmjöl av VETE, RÅGMJÖL emulgeringsmedel (veg E472e), mjölbehandlingsmedel (E300).",
    "storage": "Förvara i sin förpackning i rumstemperatur.",
    "allergens": "",
    "usage": "Rosta gärna innan servering.",
    "nutrition": [
      {
        "Näringsvärde": "Energi (kcal)",
        "100 Gram": "248 kcal"
      },
      {
        "Näringsvärde": "Energi (kJ)",
        "100 Gram": "1053 kJ"
      },
      {
        "Näringsvärde": "Fett",
        "100 Gram": "1.3 g"
      },
      {
        "Näringsvärde": "Varav mättat fett",
        "100 Gram": "0.3 g"
      },
      {
        "Näringsvärde": "Kolhydrat",
        "100 Gram": "49 g"
      },
      {
        "Näringsvärde": "Varav sockerarter",
        "100 Gram": "2 g"
      },
      {
        "Näringsvärde": "Fiber",
        "100 Gram": "3 g"
      },
      {
        "Näringsvärde": "Protein",
        "100 Gram": "8.7 g"
      },
      {
        "Näringsvärde": "Salt",
        "100 Gram": "1.1 g"
      }
    ],
    "nutritionUnitText": "Näringsvärde per 100 gram",
    "categories": {
      "mainCategory": "Bröd & Kakor",
      "subCategories": [
        {
          "name": "Korvbröd, Hamburgerbröd & Maträttsbröd",
          "subSubCategories": [
            "Korvbröd"
          ]
        }
      ]
    }
  },
  {
    "name": "Franska Våfflor 160g Karen Volf",
    "weightText": "0.16 kg",
    "caPart": "",
    "weightValue": 0.16,
    "weightUnit": "kg",
    "comparePrice": "128,13 kr/kg",
    "currentPrice": 20.5,
    "attributes": [],
    "imgUrl": "https://handlaprivatkund.ica.se/images-v3/bf7a00ca-390e-4769-865f-dc369586872e/659abbd0-6816-4cfc-8472-617810c0f267/500x500.jpg",
    "productInformation": "",
    "countryText": "",
    "companyText": "Karen Volf",
    "ingrediensText": "VETEMJÖL, margarin [palmolja, vatten, rapsolja, salt, vegetabilska emulgeringsmedel (E471, E475)], socker, vegetabiliskt fettämne (palmolja, rapsolja)], dextroser, naturligt vaniljarom,salt, vaniljkorn.KAN INNEHÅLLA SPÅR AV SOJA OCH HASSELNÖTTER.",
    "storage": "",
    "allergens": "",
    "usage": "",
    "nutrition": [
      {
        "Näringsvärde": "Energi (kcal)",
        "100 Gram": "579 kcal"
      },
      {
        "Näringsvärde": "Energi (kJ)",
        "100 Gram": "2423 kJ"
      },
      {
        "Näringsvärde": "Fett",
        "100 Gram": "39 g"
      },
      {
        "Näringsvärde": "Varav mättat fett",
        "100 Gram": "19 g"
      },
      {
        "Näringsvärde": "Kolhydrat",
        "100 Gram": "54 g"
      },
      {
        "Näringsvärde": "Varav sockerarter",
        "100 Gram": "28 g"
      },
      {
        "Näringsvärde": "Fiber",
        "100 Gram": "1.2 g"
      },
      {
        "Näringsvärde": "Protein",
        "100 Gram": "3.5 g"
      },
      {
        "Näringsvärde": "Salt",
        "100 Gram": "0.69 g"
      }
    ],
    "nutritionUnitText": "Näringsvärde per 100 gram",
    "categories": {
      "mainCategory": "Bröd & Kakor",
      "subCategories": [
        {
          "name": "Kaffebröd",
          "subSubCategories": [
            "Kex & kakor",
            "Söta kex & Kakor",
            "Fyllda kakor"
          ]
        }
      ]
    }
  },
  {
    "name": "Kanelbullar Fryst 12-p 420g Findus",
    "weightText": "0.42 kg",
    "caPart": "",
    "weightValue": 0.42,
    "weightUnit": "kg",
    "comparePrice": "85,60 kr/kg",
    "currentPrice": 35.95,
    "attributes": [
      "Från Sverige",
      "Ursprungsland Sverige"
    ],
    "imgUrl": "https://handlaprivatkund.ica.se/images-v3/bf7a00ca-390e-4769-865f-dc369586872e/ba498497-fc5d-467c-aeb0-3c970ee6ce99/500x500.jpg",
    "productInformation": "Svenska KANELBULLAR För en godare fika! Det finns alltid en doft av nybakade bullar i havsbrisen i Loftahammar. I DET SMÅLÄNDSKA SKÄRGÅRDSSAMHÄLLET, PRECIS VID DEN LILLA VIKEN, LIGGER FINDUS BAGERI. HÄR HAR DET KNÅDATS DEG OCH GRÄDDATS BULLAR AV GLADA BAGARE SEDAN 1966. VÅRA KLASSISKA KANELBULLAR OCH SAFTIGA KARDEMUMMABULLAR ÄR BAKADE I SVERIGE MED INGREDIENSER SOM UPPFYLLER KRITERIERNA FÖR ”FRÅN SVERIGE-MÄRKNING”. SÅ NU KAN DU VÄLJA NÄRPRODUCERAT NÄR DU BLIR SUGEN PÅ NÅGOT SÖTT OCH SVENSKT. BULLARNA TINAS PÅ BARA NÅGRA MINUTER I UGN ELLER MIKRO, ELLER I EN TIMME I RUMSTEMPERATUR. ALDRIG HAR DET VARIT ENKLARE ATT KÄNNA DOFTEN OCH SMAKEN AV NYBAKAT! Psst! TA MED DEM I PICKNICKKORGEN, LÅT TINA PÅ VÄGEN, SÅ HAR DU NYBAKADE BULLAR TILL UTFLYKTEN.",
    "countryText": "Sverige",
    "companyText": "Findus",
    "ingrediensText": "VETEMJÖL*, socker*, vatten, rapsolja, farinsocker, jäst*, kanel, kokosolja, fullhärdad rapsolja, salt, maltmjöl av VETE, naturliga arom, mjölbehandlingsmedel (askorbinsyra). *Ursprung Sverige.",
    "storage": "FÖRVARING OCH MINSTA HÅLLBARHETI frysutrymme (-18ºC eller kallare), se datummärkning. Bör alltid förvaras fryst. Bör ej frysas efter upptining. Lägsta förvaringstemperatur -25°C Högsta förvaringstemperatur -18°C",
    "allergens": "Innehåller Spannmål som innehåller gluten",
    "usage": "",
    "nutrition": [
      {
        "Näringsvärde": "Energi (kcal)",
        "100 Gram": "368 kcal"
      },
      {
        "Näringsvärde": "Energi (kJ)",
        "100 Gram": "1551 kJ"
      },
      {
        "Näringsvärde": "Fett",
        "100 Gram": "11 g"
      },
      {
        "Näringsvärde": "Varav mättat fett",
        "100 Gram": "2 g"
      },
      {
        "Näringsvärde": "Kolhydrat",
        "100 Gram": "60 g"
      },
      {
        "Näringsvärde": "Varav sockerarter",
        "100 Gram": "24 g"
      },
      {
        "Näringsvärde": "Fiber",
        "100 Gram": "2.7 g"
      },
      {
        "Näringsvärde": "Protein",
        "100 Gram": "6 g"
      },
      {
        "Näringsvärde": "Salt",
        "100 Gram": "0.25 g"
      }
    ],
    "nutritionUnitText": "Näringsvärde per 100 gram",
    "categories": {
      "mainCategory": "Fryst",
      "subCategories": [
        {
          "name": "Fryst bröd & dessert",
          "subSubCategories": [
            "Frysta bullar & kakor"
          ]
        }
      ]
    }
  },
  {
    "name": "Mandelbiskvier 150g Cloetta",
    "weightText": "0.15 kg",
    "caPart": "",
    "weightValue": 0.15,
    "weightUnit": "kg",
    "comparePrice": "130,00 kr/kg",
    "currentPrice": 19.5,
    "attributes": [],
    "imgUrl": "https://handlaprivatkund.ica.se/images-v3/bf7a00ca-390e-4769-865f-dc369586872e/d82443ac-3117-436e-bc00-305b7d15118c/500x500.jpg",
    "productInformation": "Cloettas klassiska Mandelbiskvier är ett måste till nyponsoppa eller glass. Men biskvierna är också jättegoda att äta som godis.",
    "countryText": "",
    "companyText": "Cloetta",
    "ingrediensText": "socker, kokosflingor, SKUMMJÖLKSPULVER, MANDEL 9%, stärkelse, glukossirap, aromer (bl.a. vanillin).",
    "storage": "Förvaras torrt och svalt. Lägsta förvaringstemperatur 16°C Högsta förvaringstemperatur 20°C",
    "allergens": "",
    "usage": "",
    "nutrition": [
      {
        "Näringsvärde": "Energi (kcal)",
        "100 Gram": "435 kcal"
      },
      {
        "Näringsvärde": "Energi (kJ)",
        "100 Gram": "1847 kJ"
      },
      {
        "Näringsvärde": "Fett",
        "100 Gram": "16 g"
      },
      {
        "Näringsvärde": "Varav mättat fett",
        "100 Gram": "11 g"
      },
      {
        "Näringsvärde": "Kolhydrat",
        "100 Gram": "68 g"
      },
      {
        "Näringsvärde": "Varav sockerarter",
        "100 Gram": "57 g"
      },
      {
        "Näringsvärde": "Protein",
        "100 Gram": "7.2 g"
      },
      {
        "Näringsvärde": "Salt",
        "100 Gram": "0.13 g"
      }
    ],
    "nutritionUnitText": "Näringsvärde per 100 gram",
    "categories": {
      "mainCategory": "Bröd & Kakor",
      "subCategories": [
        {
          "name": "Glutenfritt bröd & Kakor",
          "subSubCategories": [
            "Glutenfria kakor"
          ]
        }
      ]
    }
  },
  {
    "name": "Minimajskakor popcorn 50g ICA",
    "weightText": "0.05 kg",
    "caPart": "",
    "weightValue": 0.05,
    "weightUnit": "kg",
    "comparePrice": "319,00 kr/kg",
    "currentPrice": 15.95,
    "attributes": [],
    "imgUrl": "https://handlaprivatkund.ica.se/images-v3/bf7a00ca-390e-4769-865f-dc369586872e/5b1bd16f-08ba-4347-9b6c-f60c278d779b/500x500.jpg",
    "productInformation": "ICA Minimajskakor Popcorn är spröda majskakor i litet format. De har en god smak av nypoppade popcorn. Passar utmärkt som mellanmål och som snacks.",
    "countryText": "",
    "companyText": "ICA",
    "ingrediensText": "Majs* 86%, kryddblandning 8,0% (maltodextrin, salt, socker, jästextrakt, kryddextrakt (gurkmeja, paprika), arom), solrosolja. Kan innehålla spår av soja, sesamfrö och mjölk. *Ursprung EU.",
    "storage": "Förvaras torrt och svalt, ej över normal rumstemperatur.",
    "allergens": "",
    "usage": "",
    "nutrition": [
      {
        "Näringsvärde": "Energi (kcal)",
        "100 Gram": "408 kcal"
      },
      {
        "Näringsvärde": "Energi (kJ)",
        "100 Gram": "1725 kJ"
      },
      {
        "Näringsvärde": "Fett",
        "100 Gram": "7.2 g"
      },
      {
        "Näringsvärde": "Varav mättat fett",
        "100 Gram": "0.8 g"
      },
      {
        "Näringsvärde": "Kolhydrat",
        "100 Gram": "79 g"
      },
      {
        "Näringsvärde": "Varav sockerarter",
        "100 Gram": "1.4 g"
      },
      {
        "Näringsvärde": "Fiber",
        "100 Gram": "1.5 g"
      },
      {
        "Näringsvärde": "Protein",
        "100 Gram": "6.1 g"
      },
      {
        "Näringsvärde": "Salt",
        "100 Gram": "1.6 g"
      }
    ],
    "nutritionUnitText": "Näringsvärde per 100 gram",
    "categories": {
      "mainCategory": "Bröd & Kakor",
      "subCategories": [
        {
          "name": "Knäckebröd & Skorpor",
          "subSubCategories": [
            "Riskakor"
          ]
        }
      ]
    }
  },
  {
    "name": "Frukostkex Choklad 300g Belvita",
    "weightText": "0.3 kg",
    "caPart": "",
    "weightValue": 0.3,
    "weightUnit": "kg",
    "comparePrice": "123,17 kr/kg",
    "currentPrice": 36.95,
    "attributes": [],
    "imgUrl": "https://handlaprivatkund.ica.se/images-v3/bf7a00ca-390e-4769-865f-dc369586872e/e82aed8a-5f6c-4fe5-8144-decb2a1acd3e/500x500.jpg",
    "productInformation": "Prova belVita Crunchy, vårt knaprigaste kex i vårt goda och näringsrika belVita sortiment med härliga bitar av choklad. Belvita breakfast är det enda beprövade kexet som långsamt frigör kolhydrater i över 4 timmar som en del av en balanserad frukost.",
    "countryText": "",
    "companyText": "Belvita",
    "ingrediensText": "Ingredienser: Spannmål 61,3% [fulkorn 38,4% (HAVREFLINGOR 17,6%, FULLKORNSVETEMJÖL 13,2%, HAVREGRYN 4,3%, fullkornsspeltmjöl (VETE) 1,1%, FULLKORNSRÅGMJÖL 1,1%, FULLKORNSKORNMJÖL 1,1%), VETEMJÖL 22,9%], socker, chokladbitar 9,5% [kakaomassa, socker, emulgeringsmedel (SOJALECITIN)], rapsolja, fyllnadsmedel (polydextros), mineraler (kalciumkarbonat, magnesiumkarbonat, järn), bakpulver (natriumkarbonater, ammoniumkarbonater, dinatriumdifosfat), emulgeringsmedel (SOJALECITIN, E472e), salt, SKUMMJÖLKSPULVER. KAN INNEHÅLLA ÄGG OCH NÖTTER.",
    "storage": "",
    "allergens": "",
    "usage": "",
    "nutrition": [
      {
        "Näringsvärde": "Energi (kcal)",
        "100 Gram": "413 kcal"
      },
      {
        "Näringsvärde": "Energi (kJ)",
        "100 Gram": "1732 kJ"
      },
      {
        "Näringsvärde": "Fett",
        "100 Gram": "12 g"
      },
      {
        "Näringsvärde": "Varav mättat fett",
        "100 Gram": "2.9 g"
      },
      {
        "Näringsvärde": "Kolhydrat",
        "100 Gram": "62 g"
      },
      {
        "Näringsvärde": "Varav sockerarter",
        "100 Gram": "23 g"
      },
      {
        "Näringsvärde": "Varav stärkelse",
        "100 Gram": "39 g"
      },
      {
        "Näringsvärde": "Fiber",
        "100 Gram": "12 g"
      },
      {
        "Näringsvärde": "Protein",
        "100 Gram": "8 g"
      },
      {
        "Näringsvärde": "Salt",
        "100 Gram": "0.57 g"
      },
      {
        "Näringsvärde": "Kalcium",
        "100 Gram": "246 mg"
      },
      {
        "Näringsvärde": "Järn",
        "100 Gram": "5.7 mg"
      },
      {
        "Näringsvärde": "Magnesium",
        "100 Gram": "145 mg"
      }
    ],
    "nutritionUnitText": "Näringsvärde per 100 gram",
    "categories": {
      "mainCategory": "Skafferi",
      "subCategories": [
        {
          "name": "Flingor, müsli & gryner",
          "subSubCategories": [
            "Granola & crunch"
          ]
        }
      ]
    }
  },
  {
    "name": "Mjuk pepparkaka 350g ICA Basic",
    "weightText": "0.35 kg",
    "caPart": "",
    "weightValue": 0.35,
    "weightUnit": "kg",
    "comparePrice": "42,71 kr/kg",
    "currentPrice": 14.95,
    "attributes": [],
    "imgUrl": "https://handlaprivatkund.ica.se/images-v3/bf7a00ca-390e-4769-865f-dc369586872e/d9df7026-f078-481c-b5ac-bead0f3b1074/500x500.jpg",
    "productInformation": "En mjuk kakfavorit som passar till kaffet eller varför inte ett till ett glas kall mjölk.",
    "countryText": "",
    "companyText": "ICA Basic",
    "ingrediensText": "Ingredienser: Socker, VETEMJÖL, rapsolja, ÄGG, vatten, glukos-fruktossirap, stärkelse (VETE, potatis, majs), fukthetsbevarande medel (E422), kryddor 1,3% (kanel, nejlika, kardemumma, ingefära), vasslepulver (från MJÖLK), salt, bakpulver (E500), stabiliseringsmedel (E450), konserveringsmedel (E281), citronjuice från koncentrat, arom. Kan innehålla spår av HASSELNÖT och MANDEL.",
    "storage": "Förvaras torrt, ej över normal rumstemperatur. Se bäst före-datum.",
    "allergens": "",
    "usage": "",
    "nutrition": [
      {
        "Näringsvärde": "Energi (kcal)",
        "100 Gram": "417 kcal"
      },
      {
        "Näringsvärde": "Energi (kJ)",
        "100 Gram": "1750 kJ"
      },
      {
        "Näringsvärde": "Fett",
        "100 Gram": "18 g"
      },
      {
        "Näringsvärde": "Varav mättat fett",
        "100 Gram": "1.5 g"
      },
      {
        "Näringsvärde": "Kolhydrat",
        "100 Gram": "59 g"
      },
      {
        "Näringsvärde": "Varav sockerarter",
        "100 Gram": "33 g"
      },
      {
        "Näringsvärde": "Protein",
        "100 Gram": "4.3 g"
      },
      {
        "Näringsvärde": "Salt",
        "100 Gram": "0.75 g"
      }
    ],
    "nutritionUnitText": "Näringsvärde per 100 gram",
    "categories": {
      "mainCategory": "Bröd & Kakor",
      "subCategories": [
        {
          "name": "Kaffebröd",
          "subSubCategories": [
            "Mjuka kakor & Muffins",
            "Sockerkaka"
          ]
        }
      ]
    }
  },
  {
    "name": "Smördegsstänger Twist ost 125g ICA",
    "weightText": "0.125 kg",
    "caPart": "",
    "weightValue": 0.125,
    "weightUnit": "kg",
    "comparePrice": "231,60 kr/kg",
    "currentPrice": 28.95,
    "attributes": [],
    "imgUrl": "https://handlaprivatkund.ica.se/images-v3/bf7a00ca-390e-4769-865f-dc369586872e/e65faa43-0e7c-4fc7-892d-878582541158/500x500.jpg",
    "productInformation": "ICA Twist ost är krispiga smördegsstänger med fin osttmak. Passar perfekt som ett gott tillbehör till ostbrickan eller middagen.",
    "countryText": "",
    "companyText": "ICA",
    "ingrediensText": "INGREDIENSER: VETEMJÖL, SMÖR* 20%, riven OST 6,5%, jäst, OSTPULVER 2%, salt, HELMJÖLKSPULVER, KORNMALTEXTRAKT. *Ursprung EU. Kan innehålla spår av soja och senap.",
    "storage": "",
    "allergens": "",
    "usage": "",
    "nutrition": [
      {
        "Näringsvärde": "Energi (kcal)",
        "100 Gram": "490 kcal"
      },
      {
        "Näringsvärde": "Energi (kJ)",
        "100 Gram": "2050 kJ"
      },
      {
        "Näringsvärde": "Fett",
        "100 Gram": "24 g"
      },
      {
        "Näringsvärde": "Varav mättat fett",
        "100 Gram": "16 g"
      },
      {
        "Näringsvärde": "Kolhydrat",
        "100 Gram": "55 g"
      },
      {
        "Näringsvärde": "Varav sockerarter",
        "100 Gram": "2 g"
      },
      {
        "Näringsvärde": "Fiber",
        "100 Gram": "3.7 g"
      },
      {
        "Näringsvärde": "Protein",
        "100 Gram": "12 g"
      },
      {
        "Näringsvärde": "Salt",
        "100 Gram": "2 g"
      }
    ],
    "nutritionUnitText": "Näringsvärde per 100 gram",
    "categories": {
      "mainCategory": "Bröd & Kakor",
      "subCategories": [
        {
          "name": "Kaffebröd",
          "subSubCategories": [
            "Kex & kakor",
            "Crostini, Grissini & Oststänger"
          ]
        }
      ]
    }
  },
  {
    "name": "Surdegskex Utvalda med Havssalt 100g Göteborgs",
    "weightText": "0.1 kg",
    "caPart": "",
    "weightValue": 0.1,
    "weightUnit": "kg",
    "comparePrice": "285,00 kr/kg",
    "currentPrice": 28.5,
    "attributes": [],
    "imgUrl": "https://handlaprivatkund.ica.se/images-v3/bf7a00ca-390e-4769-865f-dc369586872e/c05ae3ce-f7e2-41d3-bf4a-676f846d11ca/500x500.jpg",
    "productInformation": "Goda surdegskex med havssalt från Göteborgs Utvalda. Ett fint och krispigt kex med en perfekt balans mellan mild surdegssmak och sältan från havssaltet. Våra utvalda kex är framtagna för att passa till olika sorters ostar, och surdegskexen är extra goda till färskost, getost och vitmögelost. Smaka och njut! Bakade utan palmolja.",
    "countryText": "",
    "companyText": "Utvalda",
    "ingrediensText": "Ingredienser: VETEMJÖL/HVEDEMEL, vegetabilisk olja (solros/solsikke, shea, oliv, kokos), RÅGMJÖL/RUGMEL, VETESTÄRKELSE/HVEDESTIVELSE, surdegspulver (RÅGMJÖL/RUGMEL, starterkultur), socker, salt, havssalt 1 %, maltextrakt (KORN/BYG), jäst/gær, KORNMALT/BYGMALT, emulgeringsmedel (SOJALECITIN).",
    "storage": "Lägsta förvaringstemperatur 10°C Högsta förvaringstemperatur 22°C",
    "allergens": "",
    "usage": "",
    "nutrition": [
      {
        "Näringsvärde": "Energi (kcal)",
        "100 Gram": "460 kcal"
      },
      {
        "Näringsvärde": "Energi (kJ)",
        "100 Gram": "1950 kJ"
      },
      {
        "Näringsvärde": "Fett",
        "100 Gram": "18 g"
      },
      {
        "Näringsvärde": "Varav mättat fett",
        "100 Gram": "2.4 g"
      },
      {
        "Näringsvärde": "Kolhydrat",
        "100 Gram": "67 g"
      },
      {
        "Näringsvärde": "Varav sockerarter",
        "100 Gram": "3 g"
      },
      {
        "Näringsvärde": "Fiber",
        "100 Gram": "3.2 g"
      },
      {
        "Näringsvärde": "Protein",
        "100 Gram": "7 g"
      },
      {
        "Näringsvärde": "Salt",
        "100 Gram": "3 g"
      }
    ],
    "nutritionUnitText": "Näringsvärde per 100 gram",
    "categories": {
      "mainCategory": "Bröd & Kakor",
      "subCategories": [
        {
          "name": "Kaffebröd",
          "subSubCategories": [
            "Kex & kakor",
            "Matkex",
            "Kex till ost"
          ]
        }
      ]
    }
  },
  {
    "name": "Double stuff cookies 157g Oreo",
    "weightText": "0.157 kg",
    "caPart": "",
    "weightValue": 0.157,
    "weightUnit": "kg",
    "comparePrice": "146,18 kr/kg",
    "currentPrice": 22.95,
    "attributes": [],
    "imgUrl": "https://handlaprivatkund.ica.se/images-v3/bf7a00ca-390e-4769-865f-dc369586872e/4bd1372c-d3fb-4e62-90aa-c4eb657ca7d4/500x500.jpg",
    "productInformation": "Oreo goda chokladkex med dubbelt så mycket härlig vaniljfyllning än i orginal Oreo formatet",
    "countryText": "",
    "companyText": "Oreo",
    "ingrediensText": "Ingredienser: Socker, VETEMJÖL/HVEDEMEL, palmolja/-olie, rapsolja/-olie, VETESTÄRKELSE/HVEDESTIVELSE, fettreducerad/fedtfattig kakao 3,5%, glukos-fruktossirap, bakpulver/hævemidler (kaliumkarbonater, ammoniumkarbonater, natriumkarbonater), salt,emulgeringsmedel/emulgatorer (SOJALECITIN, solros-/solsikkelecithin), arom.KAN INNEHÅLLA MJÖLK/MÆLK.",
    "storage": "",
    "allergens": "",
    "usage": "",
    "nutrition": [
      {
        "Näringsvärde": "Energi (kcal)",
        "100 Gram": "494 kcal"
      },
      {
        "Näringsvärde": "Energi (kJ)",
        "100 Gram": "2071 kJ"
      },
      {
        "Näringsvärde": "Fett",
        "100 Gram": "22 g"
      },
      {
        "Näringsvärde": "Varav mättat fett",
        "100 Gram": "7.2 g"
      },
      {
        "Näringsvärde": "Kolhydrat",
        "100 Gram": "68 g"
      },
      {
        "Näringsvärde": "Varav sockerarter",
        "100 Gram": "43 g"
      },
      {
        "Näringsvärde": "Fiber",
        "100 Gram": "2.1 g"
      },
      {
        "Näringsvärde": "Protein",
        "100 Gram": "4.2 g"
      },
      {
        "Näringsvärde": "Salt",
        "100 Gram": "0.57 g"
      }
    ],
    "nutritionUnitText": "Näringsvärde per 100 gram",
    "categories": {
      "mainCategory": "Bröd & Kakor",
      "subCategories": [
        {
          "name": "Kaffebröd",
          "subSubCategories": [
            "Kex & kakor",
            "Söta kex & Kakor",
            "Fyllda kakor"
          ]
        }
      ]
    }
  },
  {
    "name": "Rågkaka Plus fullkorn 12-p 385g Polarbröd",
    "weightText": "0.385 kg",
    "caPart": "",
    "weightValue": 0.385,
    "weightUnit": "kg",
    "comparePrice": "67,40 kr/kg",
    "currentPrice": 25.95,
    "attributes": [
      "Från Sverige"
    ],
    "imgUrl": "https://handlaprivatkund.ica.se/images-v3/bf7a00ca-390e-4769-865f-dc369586872e/85d2c491-97c2-4d9d-a20c-09e30df620fc/500x500.jpg",
    "productInformation": "Familjefavoriten Rågkaka har fått ett syskon i form av Rågkaka plus! Det är samma goda bröd, men med välgörande fullkorn. Det är helt enkelt ett gott bröd med det lilla extra. Varje förpackning innehåller 12 st brödkakor. •Fullkornsrik •Naggande god Mjölkfri och fri från konserveringsmedel. Från Sverige, bakat i Norrland. Polarmetoden® – Fryst direkt efter bakning. Vi vill göra världen lite godare; egen vindkraft, återvinningsbara förpackningar, mer hållbara transporter, 100% från växtriket. Tips: Det är supersmart att förvara bröd i frysen och tina efter behov!",
    "countryText": "",
    "companyText": "Polarbröd",
    "ingrediensText": "Vatten, fullkornsVETEmjöl¹*, siktat RÅGmjöl¹ (19%), VETEmjöl¹, socker¹, rapsolja¹, fermenterat VETEmjöl, VETEGLUTEN, salt, VETEskållning¹, jäst¹, vegetabiliskt emulgeringsmedel (mono- och diglycerider av fettsyror, mono- och diglyceriders mono- och diacetylvinsyraestrar), bakpulver (hjorthornssalt), maltmjöl (KORN). *Fullkornsmängd: 22% av brödet. ¹Ursprungsland: Sverige.",
    "storage": "Mjukt bröd: Frys gärna in en del av bröden hemma och ta fram efter behov, så maxar du njutningen och minskar svinnet på en och samma gång.Hårt bröd: Förvara brödet mörkt och torrt i sin förpackning Lägsta förvaringstemperatur 15°C Högsta förvaringstemperatur 25°C",
    "allergens": "",
    "usage": "",
    "nutrition": [
      {
        "Näringsvärde": "Energi (kcal)",
        "100 Gram": "270 kcal"
      },
      {
        "Näringsvärde": "Energi (kJ)",
        "100 Gram": "1100 kJ"
      },
      {
        "Näringsvärde": "Fett",
        "100 Gram": "3.6 g"
      },
      {
        "Näringsvärde": "Varav mättat fett",
        "100 Gram": "0.6 g"
      },
      {
        "Näringsvärde": "Kolhydrat",
        "100 Gram": "47 g"
      },
      {
        "Näringsvärde": "Varav sockerarter",
        "100 Gram": "8.2 g"
      },
      {
        "Näringsvärde": "Fiber",
        "100 Gram": "5.1 g"
      },
      {
        "Näringsvärde": "Protein",
        "100 Gram": "7.8 g"
      },
      {
        "Näringsvärde": "Salt",
        "100 Gram": "0.94 g"
      }
    ],
    "nutritionUnitText": "Näringsvärde per 100 gram",
    "categories": {
      "mainCategory": "Bröd & Kakor",
      "subCategories": [
        {
          "name": "Matbröd",
          "subSubCategories": [
            "Mörkt & Grovt bröd",
            "Rågbröd"
          ]
        }
      ]
    }
  },
  {
    "name": "Cookies Trippelchoklad 180g ICA",
    "weightText": "0.18 kg",
    "caPart": "",
    "weightValue": 0.18,
    "weightUnit": "kg",
    "comparePrice": "110,83 kr/kg",
    "currentPrice": 19.95,
    "attributes": [
      "Rainforest Alliance certifierad"
    ],
    "imgUrl": "https://handlaprivatkund.ica.se/images-v3/bf7a00ca-390e-4769-865f-dc369586872e/6e8acbe0-acf3-4eb4-a007-cb6101c99f6e/500x500.jpg",
    "productInformation": "Krispiga kakor doppade i mjölkchoklad och med bitar av mörk och vit choklad.",
    "countryText": "",
    "companyText": "ICA",
    "ingrediensText": "VETEMJÖL, mjölkchoklad 20% (socker, kakaosmör*, HELMJÖLKPULVER, kakaomassa*, emulgeringsmedel (SOJALECITIN)), vegetabilisk olja (palm** och solros), socker, HAVREMJÖL, mörk choklad 6% (socker, kakaomassa*, glukossirap, kakaosmör*, emulgeringsmedel (SOJALECITIN)), vitchoklad 6% (socker, HELMJÖLKPULVER, kakaosmör*, SKUMMJÖLKSPULVER, emulgeringsmedel (SOJALECITIN), arom), glukos-fruktos sirap, HELÄGGSPULVER, salt, bakpulver (E450, E500), arom. Kan innehålla spår av hasselnötter, pekannötter och mandel. *Rainforest Alliance-certifierad. Läs mer på www.ra.org **Läs om hållbarhetscertifierad palmolja på ica.se",
    "storage": "Förvaras torrt, ej över normal rumstemperatur.",
    "allergens": "",
    "usage": "",
    "nutrition": [
      {
        "Näringsvärde": "Energi (kcal)",
        "100 Gram": "510 kcal"
      },
      {
        "Näringsvärde": "Energi (kJ)",
        "100 Gram": "2134 kJ"
      },
      {
        "Näringsvärde": "Fett",
        "100 Gram": "27 g"
      },
      {
        "Näringsvärde": "Varav mättat fett",
        "100 Gram": "14 g"
      },
      {
        "Näringsvärde": "Kolhydrat",
        "100 Gram": "61 g"
      },
      {
        "Näringsvärde": "Varav sockerarter",
        "100 Gram": "36 g"
      },
      {
        "Näringsvärde": "Fiber",
        "100 Gram": "2.6 g"
      },
      {
        "Näringsvärde": "Protein",
        "100 Gram": "6 g"
      },
      {
        "Näringsvärde": "Salt",
        "100 Gram": "0.63 g"
      }
    ],
    "nutritionUnitText": "Näringsvärde per 100 gram",
    "categories": {
      "mainCategory": "Bröd & Kakor",
      "subCategories": [
        {
          "name": "Kaffebröd",
          "subSubCategories": [
            "Kex & kakor",
            "Söta kex & Kakor",
            "Cookies"
          ]
        }
      ]
    }
  },
  {
    "name": "Majskakor Pizza 125g ICA",
    "weightText": "0.125 kg",
    "caPart": "",
    "weightValue": 0.125,
    "weightUnit": "kg",
    "comparePrice": "143,60 kr/kg",
    "currentPrice": 17.95,
    "attributes": [],
    "imgUrl": "https://handlaprivatkund.ica.se/images-v3/bf7a00ca-390e-4769-865f-dc369586872e/3c9112a6-0770-4377-b0d3-0ca966eb5384/500x500.jpg",
    "productInformation": "ICA Majskakor Pizza är spröda majskakor. De har en god smak av tomat, ost och oregano. Passar utmärkt som mellanmål.",
    "countryText": "",
    "companyText": "ICA",
    "ingrediensText": "Majs* 78%, rapsolja, kryddblandning 8,9% (ostpulver (från MJÖLK), vasslepulver (från MJÖLK), salt, socker, tomatpulver, druvsocker, jästextrakt, vitlökspulver, örter (persilja, basilika, oregano), kryddextrakt (paprika, svartpeppar), arom (MJÖLK), örtextrakt (oregano, timjan), surhetsreglerande medel (E330)). Kan innehålla spår av soja och sesamfrö. *Ursprung EU.",
    "storage": "Förvaras torrt och svalt, ej över normal rumstemperatur.",
    "allergens": "",
    "usage": "",
    "nutrition": [
      {
        "Näringsvärde": "Energi (kcal)",
        "100 Gram": "445 kcal"
      },
      {
        "Näringsvärde": "Energi (kJ)",
        "100 Gram": "1873 kJ"
      },
      {
        "Näringsvärde": "Fett",
        "100 Gram": "15 g"
      },
      {
        "Näringsvärde": "Varav mättat fett",
        "100 Gram": "1.7 g"
      },
      {
        "Näringsvärde": "Kolhydrat",
        "100 Gram": "70 g"
      },
      {
        "Näringsvärde": "Varav sockerarter",
        "100 Gram": "3.7 g"
      },
      {
        "Näringsvärde": "Fiber",
        "100 Gram": "1.8 g"
      },
      {
        "Näringsvärde": "Protein",
        "100 Gram": "6.7 g"
      },
      {
        "Näringsvärde": "Salt",
        "100 Gram": "1.6 g"
      }
    ],
    "nutritionUnitText": "Näringsvärde per 100 gram",
    "categories": {
      "mainCategory": "Bröd & Kakor",
      "subCategories": [
        {
          "name": "Knäckebröd & Skorpor",
          "subSubCategories": [
            "Riskakor"
          ]
        }
      ]
    }
  },
  {
    "name": "Delicatoboll 15-p 600g Delicato",
    "weightText": "0.6 kg",
    "caPart": "",
    "weightValue": 0.6,
    "weightUnit": "kg",
    "comparePrice": "77,50 kr/kg",
    "currentPrice": 46.5,
    "attributes": [],
    "imgUrl": "https://handlaprivatkund.ica.se/images-v3/bf7a00ca-390e-4769-865f-dc369586872e/1b5ad091-bd6f-4acb-b526-8d9bd0523c98/500x500.jpg",
    "productInformation": "",
    "countryText": "",
    "companyText": "Delicato",
    "ingrediensText": "Socker, HAVREGRYN, vegetabilisk olja (palm*, shea, raps), vatten, kokosflingor, kakaopulver, salt, arom (bl.a. mocka), konserveringsmedel (kaliumsorbat), emulgeringsmedel (vegetabiliskt E471, lecitin), färgämne (sockerkulör). Kan innehålla spår av MJÖLKPROTEIN. *Hållbart producerad från certifierade odlare.",
    "storage": "Rumstemperatur. Håller bättre i kyl och går att frysa!. Lägsta förvaringstemperatur 18°C Högsta förvaringstemperatur 20°C",
    "allergens": "Kan innehålla spår av Mjölk.",
    "usage": "",
    "nutrition": [
      {
        "Näringsvärde": "Energi (kcal)",
        "100 Gram": "480 kcal"
      },
      {
        "Näringsvärde": "Energi (kJ)",
        "100 Gram": "2000 kJ"
      },
      {
        "Näringsvärde": "Fett",
        "100 Gram": "30 g"
      },
      {
        "Näringsvärde": "Varav mättat fett",
        "100 Gram": "18 g"
      },
      {
        "Näringsvärde": "Kolhydrat",
        "100 Gram": "49 g"
      },
      {
        "Näringsvärde": "Varav sockerarter",
        "100 Gram": "30 g"
      },
      {
        "Näringsvärde": "Protein",
        "100 Gram": "5 g"
      },
      {
        "Näringsvärde": "Salt",
        "100 Gram": "0.4 g"
      }
    ],
    "nutritionUnitText": "",
    "categories": {
      "mainCategory": "Bröd & Kakor",
      "subCategories": [
        {
          "name": "Kaffebröd",
          "subSubCategories": [
            "Kondisbitar & Bakelser"
          ]
        }
      ]
    }
  },
  {
    "name": "Jätten Vanilj 250g Göteborgs",
    "weightText": "0.25 kg",
    "caPart": "",
    "weightValue": 0.25,
    "weightUnit": "kg",
    "comparePrice": "98,00 kr/kg",
    "currentPrice": 24.5,
    "attributes": [],
    "imgUrl": "https://handlaprivatkund.ica.se/images-v3/bf7a00ca-390e-4769-865f-dc369586872e/e0bb41cc-098d-4cbb-a617-a836f5c6dad5/500x500.jpg",
    "productInformation": "JJätten Vanilj - klassiska kex med smak av vanilj från Göteborgs Kex. Spröda cremefyllda rån med härlig vaniljsmak som uppskattas av både barn och vuxna. Jätten kommer i en stor påse som räcker till alla. Påsen är dessutom återförslutningsbar vilket bevarar den goda sprödheten. Produkten är vegansk och fri från palmolja.",
    "countryText": "",
    "companyText": "Jätten",
    "ingrediensText": "Kräm med vaniljsmak 64 % (socker, fullhärdat kokosfett, emulgeringsmedel (SOJALECITIN), arom (vanillin)), VETEMJÖL, fullhärdat kokosfett, emulgeringsmedel (SOJALECITIN), salt, bakpulver (natriumbikarbonat), KORNMALT.",
    "storage": "",
    "allergens": "",
    "usage": "",
    "nutrition": [
      {
        "Näringsvärde": "Energi (kcal)",
        "100 Gram": "552 kcal"
      },
      {
        "Näringsvärde": "Energi (kJ)",
        "100 Gram": "2300 kJ"
      },
      {
        "Näringsvärde": "Fett",
        "100 Gram": "31 g"
      },
      {
        "Näringsvärde": "Varav mättat fett",
        "100 Gram": "30 g"
      },
      {
        "Näringsvärde": "Kolhydrat",
        "100 Gram": "63 g"
      },
      {
        "Näringsvärde": "Varav sockerarter",
        "100 Gram": "34 g"
      },
      {
        "Näringsvärde": "Fiber",
        "100 Gram": "1.2 g"
      },
      {
        "Näringsvärde": "Protein",
        "100 Gram": "3.6 g"
      },
      {
        "Näringsvärde": "Salt",
        "100 Gram": "0.4 g"
      }
    ],
    "nutritionUnitText": "Näringsvärde per 100 gram",
    "categories": {
      "mainCategory": "Bröd & Kakor",
      "subCategories": [
        {
          "name": "Kaffebröd",
          "subSubCategories": [
            "Kex & kakor",
            "Söta kex & Kakor",
            "Wafers"
          ]
        }
      ]
    }
  },
  {
    "name": "Prinsesstårta Fryst 480g Frödinge",
    "weightText": "0.48 kg",
    "caPart": "",
    "weightValue": 0.48,
    "weightUnit": "kg",
    "comparePrice": "131,15 kr/kg",
    "currentPrice": 62.95,
    "attributes": [
      "Rainforest Alliance certifierad"
    ],
    "imgUrl": "https://handlaprivatkund.ica.se/images-v3/bf7a00ca-390e-4769-865f-dc369586872e/28deb4d2-168b-4332-885d-3cb168993245/500x500.jpg",
    "productInformation": "En grädd- och marsipandröm med lager av vaniljkräm och hallonsylt på saftig sockerkaka.",
    "countryText": "",
    "companyText": "Frödinge",
    "ingrediensText": "Pastöriserad GRÄDDE, 18% grön marsipan (Danmark) (socker, MANDEL(24%), glukossirap, vatten, maltodextrin, invertsockersirap, färgämnen (kurkumin, klorofyllinkopparkomplex)), vatten, ÄGG, socker, VETEMJÖL, glukossirap, 3% - hallon, emulgeringsmedel (mono og diglycerider av fettsyror, solroslecitin), dextros, modifierad stärkelse (hydroxipropyldestillatfosfat), bakpulver (dinatriumdifosfat, natriumbikarbonat), stärkelse (VETE), vegetabiliskt fett (kokos, raps), stabiliseringsmedel (difosfater, fruktkärnmjöl, natriumalginat), fettreducerat kakaopulver*, natriumkaseinat (MJÖLK), kakaosmör*, vegetabilisk olja (raps), surhetsreglerandemedel (citronsyra, tricalciumcitrat), förtjockningsmedel (pektin), SKUMMJÖLKSPULVER, VETEMALT, naturlig hallonarom, salt, arom, mjölbehandlingsmedel (askorbinsyra). KAN INNEHÅLLA SPÅR AV NÖTTER. *Rainforest Alliance-certifierad. Läs mer på ra.org",
    "storage": "Förvaring -18 °C eller kallare Lägsta förvaringstemperatur -25°C Högsta förvaringstemperatur -18°C",
    "allergens": "Innehåller Mjölk Innehåller Nötter (eng: tree nuts) Innehåller Ägg Innehåller Spannmål som innehåller gluten",
    "usage": "",
    "nutrition": [
      {
        "Näringsvärde": "Energi (kcal)",
        "100 Gram": "293 kcal"
      },
      {
        "Näringsvärde": "Energi (kJ)",
        "100 Gram": "1225 kJ"
      },
      {
        "Näringsvärde": "Fett",
        "100 Gram": "15 g"
      },
      {
        "Näringsvärde": "Varav mättat fett",
        "100 Gram": "7.7 g"
      },
      {
        "Näringsvärde": "Kolhydrat",
        "100 Gram": "35 g"
      },
      {
        "Näringsvärde": "Varav sockerarter",
        "100 Gram": "21 g"
      },
      {
        "Näringsvärde": "Protein",
        "100 Gram": "0.9 g"
      },
      {
        "Näringsvärde": "Salt",
        "100 Gram": "0.21 g"
      }
    ],
    "nutritionUnitText": "Näringsvärde per 100 gram",
    "categories": {
      "mainCategory": "Bröd & Kakor",
      "subCategories": [
        {
          "name": "Kaffebröd",
          "subSubCategories": [
            "Tårtor & Pajer",
            "Frysta tårtor & Pajer"
          ]
        }
      ]
    }
  },
  {
    "name": "Levain Levain 750 g Fazer Bröd",
    "weightText": "0.75 kg",
    "caPart": "",
    "weightValue": 0.75,
    "weightUnit": "kg",
    "comparePrice": "53,27 kr/kg",
    "currentPrice": 39.95,
    "attributes": [
      "Från Sverige",
      "Ursprungsland Sverige"
    ],
    "imgUrl": "https://handlaprivatkund.ica.se/images-v3/bf7a00ca-390e-4769-865f-dc369586872e/130c4400-f977-4921-b1f0-773b28283461/500x500.jpg",
    "productInformation": "Fazer Levain är ett ljust, osötat surdegsbröd med rostat havremjöl och havssalt som ger en fyllig smak. Med inspiration från den franska brödkulturen bakar vi vårt levainbröd med surdeg och lång jästid vilket ger brödet en härlig struktur och karaktär. Njut som det är – eller prova att rosta!",
    "countryText": "Sverige",
    "companyText": "Fazer",
    "ingrediensText": "Mjöl (VETE1, rostad HAVRE 2 %, durumVETE), vatten, HAVREgryn1, 4,5 % surdeg av VETE2, VETEgluten, jäst1, havssalt 1 %, socker1 (endast som jästnäring), rapsolja, konserveringsmedel (kalciumpropionat), malt av KORN, mjölbehandlingsmedel (askorbinsyra). 1Ursprung Sverige 2Ursprung EU Innehåller naturligt förekommande sockerarter.",
    "storage": "",
    "allergens": "",
    "usage": "",
    "nutrition": [
      {
        "Näringsvärde": "Energi (kcal)",
        "100 Gram": "220 kcal"
      },
      {
        "Näringsvärde": "Energi (kJ)",
        "100 Gram": "950 kJ"
      },
      {
        "Näringsvärde": "Fett",
        "100 Gram": "1.9 g"
      },
      {
        "Näringsvärde": "Varav mättat fett",
        "100 Gram": "0.5 g"
      },
      {
        "Näringsvärde": "Kolhydrat",
        "100 Gram": "41 g"
      },
      {
        "Näringsvärde": "Varav sockerarter",
        "100 Gram": "2.2 g"
      },
      {
        "Näringsvärde": "Fiber",
        "100 Gram": "2.8 g"
      },
      {
        "Näringsvärde": "Protein",
        "100 Gram": "9.6 g"
      },
      {
        "Näringsvärde": "Salt",
        "100 Gram": "1.3 g"
      }
    ],
    "nutritionUnitText": "Näringsvärde per 100 gram",
    "categories": {
      "mainCategory": "Bröd & Kakor",
      "subCategories": [
        {
          "name": "Matbröd",
          "subSubCategories": [
            "Surdegsbröd"
          ]
        }
      ]
    }
  },
  {
    "name": "Pepparkakor Original 400g Annas",
    "weightText": "0.4 kg",
    "caPart": "",
    "weightValue": 0.4,
    "weightUnit": "kg",
    "comparePrice": "77,38 kr/kg",
    "currentPrice": 30.95,
    "attributes": [],
    "imgUrl": "https://handlaprivatkund.ica.se/images-v3/bf7a00ca-390e-4769-865f-dc369586872e/613ac6d7-2fbe-497b-9517-c30f7f9f3e10/500x500.jpg",
    "productInformation": "Information från leverantör \n Annas Original är Annas klassiska pepparkakor som spridit glädje i generationer. Lika självklara till kalas och traditionella högtider som till njutningstunderna mitt i vardagen.",
    "countryText": "",
    "companyText": "Annas",
    "ingrediensText": "INGREDIENSER: VETEMJÖL/HVETEMEL/HVEDEMEL, socker/sukker, vegetabiliska/vegetabilske oljor/oljer/olier (palm/palme*, raps, kokos), sirap/sirup, bakpulver/bakepulver/bagepulver (natrimbikarbonat), kanel, salt, ingefära/ingefær 0.3%, kryddnejlika/kryddernellik/kryddernellike. Kan innehålla spår av MANDEL/Kan inneholde spor av MANDLER/Kan indeholde spor af MANDLER. *Hållbart producerad från certifierade odlare.",
    "storage": "Lägsta förvaringstemperatur 5°C Högsta förvaringstemperatur 30°C",
    "allergens": "Innehåller Spannmål som innehåller gluten Kan innehålla Nötter (eng: tree nuts)",
    "usage": "",
    "nutrition": [
      {
        "Näringsvärde": "Energi (kcal)",
        "100 Gram": "471 kcal"
      },
      {
        "Näringsvärde": "Energi (kJ)",
        "100 Gram": "1979 kJ"
      },
      {
        "Näringsvärde": "Fett",
        "100 Gram": "19 g"
      },
      {
        "Näringsvärde": "Varav mättat fett",
        "100 Gram": "9 g"
      },
      {
        "Näringsvärde": "Kolhydrat",
        "100 Gram": "70 g"
      },
      {
        "Näringsvärde": "Varav sockerarter",
        "100 Gram": "33 g"
      },
      {
        "Näringsvärde": "Fiber",
        "100 Gram": "1.5 g"
      },
      {
        "Näringsvärde": "Protein",
        "100 Gram": "5.4 g"
      },
      {
        "Näringsvärde": "Salt",
        "100 Gram": "1.19 g"
      }
    ],
    "nutritionUnitText": "Näringsvärde per 100 gram",
    "categories": {
      "mainCategory": "Bröd & Kakor",
      "subCategories": [
        {
          "name": "Kaffebröd",
          "subSubCategories": [
            "Kex & kakor",
            "Söta kex & Kakor",
            "Pepparkakor"
          ]
        }
      ]
    }
  },
  {
    "name": "Fröknäcke Glutenfri 190g Sigdal Bakeri",
    "weightText": "0.19 kg",
    "caPart": "",
    "weightValue": 0.19,
    "weightUnit": "kg",
    "comparePrice": "173,42 kr/kg",
    "currentPrice": 32.95,
    "attributes": [
      "Glutenfritt"
    ],
    "imgUrl": "https://handlaprivatkund.ica.se/images-v3/bf7a00ca-390e-4769-865f-dc369586872e/c382af8e-e1c0-4db3-9d97-359e8bd78523/500x500.jpg",
    "productInformation": "Ett glutenfritt fröknäcke med härlig krispighet. Passar till alla dagens måltider. Så god att även de som inte har problem med gluten uppskattar den.",
    "countryText": "",
    "companyText": "Sigdal Bakeri",
    "ingrediensText": "Solroskärnor, glutenfria havregryn* 19 %, SESAMFRÖ, linfrö, risklifiber, honung, grönsaksfiber (potatis, psyllium), sockerrörsfiber, rörsocker, rapsolja, salt. *lt;10 ppm, från EU.",
    "storage": "",
    "allergens": "Innehåller Sojabönor Innehåller Sesamfrön",
    "usage": "",
    "nutrition": [
      {
        "Näringsvärde": "Energi (kcal)",
        "100 Gram": "543 kcal"
      },
      {
        "Näringsvärde": "Energi (kJ)",
        "100 Gram": "2252 kJ"
      },
      {
        "Näringsvärde": "Fett",
        "100 Gram": "39.6 g"
      },
      {
        "Näringsvärde": "Varav mättat fett",
        "100 Gram": "4.9 g"
      },
      {
        "Näringsvärde": "Kolhydrat",
        "100 Gram": "21.1 g"
      },
      {
        "Näringsvärde": "Varav sockerarter",
        "100 Gram": "4.1 g"
      },
      {
        "Näringsvärde": "Fiber",
        "100 Gram": "16.7 g"
      },
      {
        "Näringsvärde": "Protein",
        "100 Gram": "17.5 g"
      },
      {
        "Näringsvärde": "Salt",
        "100 Gram": "1.1 g"
      }
    ],
    "nutritionUnitText": "Näringsvärde per 100 gram",
    "categories": {
      "mainCategory": "Bröd & Kakor",
      "subCategories": [
        {
          "name": "Knäckebröd & Skorpor",
          "subSubCategories": [
            "Knäckebröd",
            "Fröknäcke"
          ]
        }
      ]
    }
  },
  {
    "name": "Kardemummabullar Fryst 12-p 420g Findus",
    "weightText": "0.42 kg",
    "caPart": "",
    "weightValue": 0.42,
    "weightUnit": "kg",
    "comparePrice": "85,60 kr/kg",
    "currentPrice": 35.95,
    "attributes": [
      "Från Sverige",
      "Ursprungsland Sverige"
    ],
    "imgUrl": "https://handlaprivatkund.ica.se/images-v3/bf7a00ca-390e-4769-865f-dc369586872e/07337824-a4e9-4702-bdc7-66ea689dcab7/500x500.jpg",
    "productInformation": "För en godare fika! I småländska Loftahammar har det knådats deg och gräddats bullar i Findus bageri sedan 1966. Findus Kardemummabullar med god kardemummafyllning är märkta med \"Från Sverige-märkning\", vilket gör det enklare för dig att välja närproducerat när du blir sugen på fika. Bullarna tinas på några minuter i ugn eller mikro. Aldrig har det varit enklare att få smaken av nybakat!",
    "countryText": "Sverige",
    "companyText": "Findus",
    "ingrediensText": "INGREDIENSER: VETEMJÖL*, socker*, vatten, rapsolja, farinsocker, maltmjöl av VETE, jäst*, kardemumma, stärkelse, salt, vanillin, emulgeringsmedel E471 och mjölbehandlingsmedel (askorbinsyra). *Ursprung: Sverige.",
    "storage": "FÖRVARING OCH MINSTA HÅLLBARHET: I frysutrymme (-18ºC eller kallare), se datummärkning. Bör alltid förvaras fryst. Bör ej frysas efter upptining. Lägsta förvaringstemperatur -25°C Högsta förvaringstemperatur -18°C",
    "allergens": "Innehåller Spannmål som innehåller gluten",
    "usage": "",
    "nutrition": [
      {
        "Näringsvärde": "Energi (kcal)",
        "100 Gram": "352 kcal"
      },
      {
        "Näringsvärde": "Energi (kJ)",
        "100 Gram": "1475 kJ"
      },
      {
        "Näringsvärde": "Fett",
        "100 Gram": "10 g"
      },
      {
        "Näringsvärde": "Varav mättat fett",
        "100 Gram": "0.8 g"
      },
      {
        "Näringsvärde": "Kolhydrat",
        "100 Gram": "58 g"
      },
      {
        "Näringsvärde": "Varav sockerarter",
        "100 Gram": "21 g"
      },
      {
        "Näringsvärde": "Fiber",
        "100 Gram": "2.3 g"
      },
      {
        "Näringsvärde": "Protein",
        "100 Gram": "5.9 g"
      },
      {
        "Näringsvärde": "Salt",
        "100 Gram": "0.28 g"
      }
    ],
    "nutritionUnitText": "Näringsvärde per 100 gram",
    "categories": {
      "mainCategory": "Fryst",
      "subCategories": [
        {
          "name": "Fryst bröd & dessert",
          "subSubCategories": [
            "Frysta bullar & kakor"
          ]
        }
      ]
    }
  },
  {
    "name": "Gifflar Saffran 260g Pågen",
    "weightText": "0.26 kg",
    "caPart": "",
    "weightValue": 0.26,
    "weightUnit": "kg",
    "comparePrice": "136,54 kr/kg",
    "currentPrice": 35.5,
    "attributes": [],
    "imgUrl": "https://handlaprivatkund.ica.se/images-v3/bf7a00ca-390e-4769-865f-dc369586872e/9d0551cc-d249-49c3-8dc3-5ec9e0a1fec1/500x500.jpg",
    "productInformation": "En välkommen gäst till jul! Gifflar Saffran är läckert gräddade och har en härligt saftig fyllning med saffranssmak. Perfekta till julmyset framför brasan, i skidbacken eller när du själv bara är så där riktigt sugen. Gott och enkelt! Det finns alltid ett tillfälle för Gifflar Saffran. Gifflar Saffran är bakade i Sverige på svenskt mjöl från Pågens egna kvarn.",
    "countryText": "",
    "companyText": "Pågen",
    "ingrediensText": "VETEmjöl, vatten, socker, rapsolja, MANDEL, skumMJÖLK, ÄGG, jäst, VETEgluten, glukossirap, salt, bakpulver (E450, E500), vegetabiliskt emulgeringsmedel (E471), konserveringsmedel (E200, E202, E282), modifierad stärkelse, malt av KORN, saffran (0,02%), arom.",
    "storage": "Lägsta förvaringstemperatur 10°C Högsta förvaringstemperatur 40°C",
    "allergens": "",
    "usage": "",
    "nutrition": [
      {
        "Näringsvärde": "Energi (kcal)",
        "100 Gram": "335 kcal"
      },
      {
        "Näringsvärde": "Energi (kJ)",
        "100 Gram": "1400 kJ"
      },
      {
        "Näringsvärde": "Fett",
        "100 Gram": "11 g"
      },
      {
        "Näringsvärde": "Varav mättat fett",
        "100 Gram": "1.3 g"
      },
      {
        "Näringsvärde": "Kolhydrat",
        "100 Gram": "51 g"
      },
      {
        "Näringsvärde": "Varav sockerarter",
        "100 Gram": "16 g"
      },
      {
        "Näringsvärde": "Protein",
        "100 Gram": "8 g"
      },
      {
        "Näringsvärde": "Salt",
        "100 Gram": "0.73 g"
      }
    ],
    "nutritionUnitText": "Näringsvärde per 100 gram",
    "categories": {
      "mainCategory": "Jul",
      "subCategories": [
        {
          "name": "Glöggmingel",
          "subSubCategories": [
            "Lussekatter & Julkakor"
          ]
        }
      ]
    }
  },
  {
    "name": "Majskaka Taco 125g Friggs",
    "weightText": "0.125 kg",
    "caPart": "",
    "weightValue": 0.125,
    "weightUnit": "kg",
    "comparePrice": "151,60 kr/kg",
    "currentPrice": 18.95,
    "attributes": [
      "Glutenfritt"
    ],
    "imgUrl": "https://handlaprivatkund.ica.se/images-v3/bf7a00ca-390e-4769-865f-dc369586872e/3259880a-acc7-4122-8135-0a58f78831c0/500x500.jpg",
    "productInformation": "",
    "countryText": "",
    "companyText": "Friggs",
    "ingrediensText": "Ingredienser: Majs (80 %), rapsolja, kryddblandning med tacosmak (salt, socker, dextros, lökpulver, chilipulver, kryddor (spiskummin, paprikapulver, maltodextrin (majs, potatis), vitlökspulver, jästextrakt, oregano, kummin, cayennepeppar), surhetsreglerande medel (citronsyra), kryddextrakt (paprika), naturlig arom). Kan innehålla spår av soja, mjölk och sesamfrön.",
    "storage": "Förvaras torrt, ej över normal rumstemperatur.",
    "allergens": "",
    "usage": "Majskaka taco passar gott som snacks eller mellanmål vart du än är.",
    "nutrition": [
      {
        "Näringsvärde": "Energi (kcal)",
        "100 Gram": "435 kcal"
      },
      {
        "Näringsvärde": "Energi (kJ)",
        "100 Gram": "1829 kJ"
      },
      {
        "Näringsvärde": "Fett",
        "100 Gram": "14 g"
      },
      {
        "Näringsvärde": "Varav mättat fett",
        "100 Gram": "1.2 g"
      },
      {
        "Näringsvärde": "Kolhydrat",
        "100 Gram": "72 g"
      },
      {
        "Näringsvärde": "Varav sockerarter",
        "100 Gram": "2.2 g"
      },
      {
        "Näringsvärde": "Fiber",
        "100 Gram": "2.4 g"
      },
      {
        "Näringsvärde": "Protein",
        "100 Gram": "6.2 g"
      },
      {
        "Näringsvärde": "Salt",
        "100 Gram": "1.6 g"
      }
    ],
    "nutritionUnitText": "Näringsvärde per 100 gram",
    "categories": {
      "mainCategory": "Bröd & Kakor",
      "subCategories": [
        {
          "name": "Knäckebröd & Skorpor",
          "subSubCategories": [
            "Riskakor"
          ]
        }
      ]
    }
  },
  {
    "name": "KvarnGoda Rågbröd 420g Fazer",
    "weightText": "0.42 kg",
    "caPart": "",
    "weightValue": 0.42,
    "weightUnit": "kg",
    "comparePrice": "65,48 kr/kg",
    "currentPrice": 27.5,
    "attributes": [
      "Från Sverige",
      "Ursprungsland Sverige"
    ],
    "imgUrl": "https://handlaprivatkund.ica.se/images-v3/bf7a00ca-390e-4769-865f-dc369586872e/9f803240-198a-498c-b14e-8602e5b3fa86/500x500.jpg",
    "productInformation": "Kvarn Goda är luftigt, gott och mättande rågbröd för hela familjen.Ett bröd som kan ätas precis som det är men som även är jättegott att rosta. Kvarn Goda är bakad med egen surdeg och flera olika varianter av råg från egen kvarn. Det här brödet är bakat enligt nordisk tradition på mjöl från spannmål som är odlat på Västgötaslätten. Spannmålet mals i vår egen kvarn i Lidköping och bredvid kvarnen finns vårt bageri. Fazer Kvarn Goda är en naturlig förlängning av vår tradition att baka välsmakande rågbröd med utgångspunkt i vårt nordiska arv.",
    "countryText": "Sverige",
    "companyText": "Fazer",
    "ingrediensText": "Mjöl (VETE, fullkorn av RÅG 7,5 %, fullkorn av VETE, VETE, fermenterat VETE), vatten, fullkornsRÅGflingor 9,0 %, socker, jäst, sirap, VETEgluten, RÅGfiber 2,2%, surdeg av fullkornsRÅGmjöl 2,1 %, rapsolja, malt av RÅG 0,9 % och KORN, rostat RÅGmjöl 0,9 %, salt, stabiliseringsmedel (guarkärnmjöl), mjölbehandlingsmedel (askorbinsyra). Brödet innehåller 17 % fullkornsråg.",
    "storage": "",
    "allergens": "",
    "usage": "",
    "nutrition": [
      {
        "Näringsvärde": "Energi (kcal)",
        "100 Gram": "270 kcal"
      },
      {
        "Näringsvärde": "Energi (kJ)",
        "100 Gram": "1150 kJ"
      },
      {
        "Näringsvärde": "Fett",
        "100 Gram": "3.2 g"
      },
      {
        "Näringsvärde": "Varav mättat fett",
        "100 Gram": "0.5 g"
      },
      {
        "Näringsvärde": "Kolhydrat",
        "100 Gram": "49 g"
      },
      {
        "Näringsvärde": "Varav sockerarter",
        "100 Gram": "10 g"
      },
      {
        "Näringsvärde": "Fiber",
        "100 Gram": "6 g"
      },
      {
        "Näringsvärde": "Protein",
        "100 Gram": "9 g"
      },
      {
        "Näringsvärde": "Salt",
        "100 Gram": "0.9 g"
      }
    ],
    "nutritionUnitText": "Näringsvärde per 100 gram",
    "categories": {
      "mainCategory": "Bröd & Kakor",
      "subCategories": [
        {
          "name": "Matbröd",
          "subSubCategories": [
            "Mörkt & Grovt bröd",
            "Mörkt styckpackat bröd"
          ]
        }
      ]
    }
  },
  {
    "name": "Majskakor chokladdoppade 100g ICA",
    "weightText": "0.1 kg",
    "caPart": "",
    "weightValue": 0.1,
    "weightUnit": "kg",
    "comparePrice": "255,00 kr/kg",
    "currentPrice": 25.5,
    "attributes": [
      "Rainforest Alliance certifierad"
    ],
    "imgUrl": "https://handlaprivatkund.ica.se/images-v3/bf7a00ca-390e-4769-865f-dc369586872e/a59163f8-bc4f-49ad-8f06-956d4bb3d6b9/500x500.jpg",
    "productInformation": "Krispiga kakor av puffad majs, doppade i mjölkchoklad med etiskt producerad, god kakao från Rainforest Alliance-certifierade odlingar.",
    "countryText": "",
    "companyText": "ICA",
    "ingrediensText": "Mjölkchoklad* 59% (socker, kakaosmör**, HELMJÖLKSPULVER, kakaomassa**, emulgeringsmedel (lecitiner (SOJA)), naturlig vaniljarom), majs 41%, salt. Innehåller minst 39% kakao. Kan innehålla spår av sesamfrö, hasselnöt och mandel. *Ursprung EU, kakaobönor odlade i icke-EU. **Rainforest Alliancecertifierad. Läs mer på www.ra.org",
    "storage": "",
    "allergens": "",
    "usage": "",
    "nutrition": [
      {
        "Näringsvärde": "Energi (kcal)",
        "100 Gram": "496 kcal"
      },
      {
        "Näringsvärde": "Energi (kJ)",
        "100 Gram": "2077 kJ"
      },
      {
        "Näringsvärde": "Fett",
        "100 Gram": "23 g"
      },
      {
        "Näringsvärde": "Varav mättat fett",
        "100 Gram": "14 g"
      },
      {
        "Näringsvärde": "Kolhydrat",
        "100 Gram": "65 g"
      },
      {
        "Näringsvärde": "Varav sockerarter",
        "100 Gram": "29 g"
      },
      {
        "Näringsvärde": "Protein",
        "100 Gram": "6.1 g"
      },
      {
        "Näringsvärde": "Salt",
        "100 Gram": "0.18 g"
      }
    ],
    "nutritionUnitText": "Näringsvärde per 100 gram",
    "categories": {
      "mainCategory": "Bröd & Kakor",
      "subCategories": [
        {
          "name": "Knäckebröd & Skorpor",
          "subSubCategories": [
            "Riskakor"
          ]
        }
      ]
    }
  },
  {
    "name": "Våffelstrutar vanilj 10st 120g ICA",
    "weightText": "0.12 kg",
    "caPart": "",
    "weightValue": 0.12,
    "weightUnit": "kg",
    "comparePrice": "124,58 kr/kg",
    "currentPrice": 14.95,
    "attributes": [
      "Från Sverige"
    ],
    "imgUrl": "https://handlaprivatkund.ica.se/images-v3/bf7a00ca-390e-4769-865f-dc369586872e/c391f147-c627-4c9e-8a21-506b1c1459a3/500x500.jpg",
    "productInformation": "ICA Våffelstrutar med smak av vanilj. Fyll struten med glass, grädde och toppa den med din favorit topping.",
    "countryText": "",
    "companyText": "ICA",
    "ingrediensText": "VETEMJÖL*, socker*, vegetabiliskt fett (kokos), VETEFIBER, emulgeringsmedel (SOJALECITIN), salt, arom, bakpulver (E500).*Ursprung Sverige",
    "storage": "Kapsel med plastpåse.",
    "allergens": "",
    "usage": "",
    "nutrition": [
      {
        "Näringsvärde": "Energi (kcal)",
        "100 Gram": "400 kcal"
      },
      {
        "Näringsvärde": "Energi (kJ)",
        "100 Gram": "1700 kJ"
      },
      {
        "Näringsvärde": "Fett",
        "100 Gram": "6 g"
      },
      {
        "Näringsvärde": "Varav mättat fett",
        "100 Gram": "4.9 g"
      },
      {
        "Näringsvärde": "Kolhydrat",
        "100 Gram": "79 g"
      },
      {
        "Näringsvärde": "Varav sockerarter",
        "100 Gram": "29 g"
      },
      {
        "Näringsvärde": "Protein",
        "100 Gram": "6 g"
      },
      {
        "Näringsvärde": "Salt",
        "100 Gram": "0.25 g"
      }
    ],
    "nutritionUnitText": "Näringsvärde per 100 gram",
    "categories": {
      "mainCategory": "Bröd & Kakor",
      "subCategories": [
        {
          "name": "Kaffebröd",
          "subSubCategories": [
            "Kex & kakor",
            "Våffelstrutar & Maränger"
          ]
        }
      ]
    }
  },
  {
    "name": "CRACKERS 150 g Ritz",
    "weightText": "0.15 kg",
    "caPart": "",
    "weightValue": 0.15,
    "weightUnit": "kg",
    "comparePrice": "136,67 kr/kg",
    "currentPrice": 20.5,
    "attributes": [],
    "imgUrl": "https://handlaprivatkund.ica.se/images-v3/bf7a00ca-390e-4769-865f-dc369586872e/47a4e211-5594-41d9-b859-63f4c7e10171/500x500.jpg",
    "productInformation": "",
    "countryText": "",
    "companyText": "Ritz",
    "ingrediensText": "Ingredienser: VETEMJÖL, palmolja, socker, glukos-fruktossirap, bakpulver (kalciumfosfater, natriumkarbonater, ammoniumkarbonater, kaliumkarbonater), salt, KORNMALTSMJÖL. KAN INNEHÅLLA MJÖLK.",
    "storage": "",
    "allergens": "",
    "usage": "",
    "nutrition": [
      {
        "Näringsvärde": "Energi (kcal)",
        "100 Gram": "499 kcal"
      },
      {
        "Näringsvärde": "Energi (kJ)",
        "100 Gram": "2088 kJ"
      },
      {
        "Näringsvärde": "Fett",
        "100 Gram": "24 g"
      },
      {
        "Näringsvärde": "Varav mättat fett",
        "100 Gram": "11 g"
      },
      {
        "Näringsvärde": "Kolhydrat",
        "100 Gram": "62 g"
      },
      {
        "Näringsvärde": "Varav sockerarter",
        "100 Gram": "9.3 g"
      },
      {
        "Näringsvärde": "Fiber",
        "100 Gram": "2.7 g"
      },
      {
        "Näringsvärde": "Protein",
        "100 Gram": "7.2 g"
      },
      {
        "Näringsvärde": "Salt",
        "100 Gram": "1.3 g"
      }
    ],
    "nutritionUnitText": "Näringsvärde per 100 gram",
    "categories": {
      "mainCategory": "Bröd & Kakor",
      "subCategories": [
        {
          "name": "Kaffebröd",
          "subSubCategories": [
            "Kex & kakor",
            "Matkex",
            "Kex till ost"
          ]
        }
      ]
    }
  },
  {
    "name": "REAL Burger bun 292g Korvbrödsbagarn",
    "weightText": "0.292 kg",
    "caPart": "",
    "weightValue": 0.292,
    "weightUnit": "kg",
    "comparePrice": "104,45 kr/kg",
    "currentPrice": 30.5,
    "attributes": [
      "Från Sverige"
    ],
    "imgUrl": "https://handlaprivatkund.ica.se/images-v3/bf7a00ca-390e-4769-865f-dc369586872e/2a188c97-da63-482a-8a3b-069de2afb9f6/500x500.jpg",
    "productInformation": "REAL burger bun är ett trendigt USA-inspirerat burgar-bröd, som är mjukt, saftigt, luftigt och lite extra högt och med glaze på toppen. Brödet passar perfekt till den nya trenden att bygga burgare på höjden. Underdelen är något tjockare för att klara mycket fyllning och den höga överdelen omsluter portionen väl.",
    "countryText": "",
    "companyText": "Korvbrödsbagarn",
    "ingrediensText": "INGREDIENSER: VETEMJÖL, vatten, invertsocker, rapsolja, DURUMVETEMJÖL, jäst*, salt, VETEGLUTEN, vegetabiliskt emulgeringsmedel (E471), vegetabiliskt protein (ärta), glukossirap, rismjöl, maltmjöl av VETE, mjölbehandlingsmedel (E300). Kan innehålla spår av sesamfrö.",
    "storage": "Förvara i sin förpackning i rumstemperatur.",
    "allergens": "",
    "usage": "Rosta gärna innan servering.",
    "nutrition": [
      {
        "Näringsvärde": "Energi (kcal)",
        "100 Gram": "282 kcal"
      },
      {
        "Näringsvärde": "Energi (kJ)",
        "100 Gram": "1182 kJ"
      },
      {
        "Näringsvärde": "Fett",
        "100 Gram": "5.4 g"
      },
      {
        "Näringsvärde": "Varav mättat fett",
        "100 Gram": "0.8 g"
      },
      {
        "Näringsvärde": "Kolhydrat",
        "100 Gram": "47 g"
      },
      {
        "Näringsvärde": "Varav sockerarter",
        "100 Gram": "5.3 g"
      },
      {
        "Näringsvärde": "Fiber",
        "100 Gram": "3.3 g"
      },
      {
        "Näringsvärde": "Protein",
        "100 Gram": "9 g"
      },
      {
        "Näringsvärde": "Salt",
        "100 Gram": "1 g"
      }
    ],
    "nutritionUnitText": "Näringsvärde per 100 gram",
    "categories": {
      "mainCategory": "Bröd & Kakor",
      "subCategories": [
        {
          "name": "Korvbröd, Hamburgerbröd & Maträttsbröd",
          "subSubCategories": [
            "Hamburgerbröd"
          ]
        }
      ]
    }
  },
  {
    "name": "Cookies choklad 150g ICA",
    "weightText": "0.15 kg",
    "caPart": "",
    "weightValue": 0.15,
    "weightUnit": "kg",
    "comparePrice": "133,00 kr/kg",
    "currentPrice": 19.95,
    "attributes": [
      "Rainforest Alliance certifierad"
    ],
    "imgUrl": "https://handlaprivatkund.ica.se/images-v3/bf7a00ca-390e-4769-865f-dc369586872e/7a8b0c47-1b26-43ab-90ee-7395a84dcde0/500x500.jpg",
    "productInformation": "Krispiga kakor med generösa bitar av mörk choklad och mjölkchoklad.",
    "countryText": "",
    "companyText": "ICA",
    "ingrediensText": "Mörk choklad 29% (socker, kakaomassa*, glukossirap, kakaosmör*, emulgeringsmedel (SOJALECITIN)), VETEMJÖL, socker, vegetabilisk olja (palm**, solros), mjölkchoklad 11 % (socker, HELMJÖLKSPULVER, kakaosmör*, kakaomassa*, glukossirap, SKUMMJÖLKSPULVER, emulgeringsmedel (SOJALECITIN), arom), glukos-fruktossirap, smör (MJÖLK), ÄGG, SKUMMJÖLKSPULVER, VETESTÄRKELSE, bakpulver (E450, E500), karamelliserat socker, arom. Kan innehålla spår av hasselnöt, pekannöt och mandel. *Rainforest Alliance-certifierad. Läs mer på www.ra.org **Läs om hållbarhetscertifierad palmolja på ica.se",
    "storage": "Förvaras torrt, ej över normal rumstemperatur.",
    "allergens": "",
    "usage": "",
    "nutrition": [
      {
        "Näringsvärde": "Energi (kcal)",
        "100 Gram": "497 kcal"
      },
      {
        "Näringsvärde": "Energi (kJ)",
        "100 Gram": "2077 kJ"
      },
      {
        "Näringsvärde": "Fett",
        "100 Gram": "25 g"
      },
      {
        "Näringsvärde": "Varav mättat fett",
        "100 Gram": "14 g"
      },
      {
        "Näringsvärde": "Kolhydrat",
        "100 Gram": "60 g"
      },
      {
        "Näringsvärde": "Varav sockerarter",
        "100 Gram": "36 g"
      },
      {
        "Näringsvärde": "Fiber",
        "100 Gram": "3.7 g"
      },
      {
        "Näringsvärde": "Protein",
        "100 Gram": "5.4 g"
      },
      {
        "Näringsvärde": "Salt",
        "100 Gram": "0.67 g"
      }
    ],
    "nutritionUnitText": "Näringsvärde per 100 gram",
    "categories": {
      "mainCategory": "Fika",
      "subCategories": []
    }
  },
  {
    "name": "Medelhavsbröd Osötat 650g ICA God smak från",
    "weightText": "0.65 kg",
    "caPart": "",
    "weightValue": 0.65,
    "weightUnit": "kg",
    "comparePrice": "54,62 kr/kg",
    "currentPrice": 35.5,
    "attributes": [
      "Från Sverige"
    ],
    "imgUrl": "https://handlaprivatkund.ica.se/images-v3/bf7a00ca-390e-4769-865f-dc369586872e/29574241-1852-4f5c-8b69-bbd12e92dbc1/500x500.jpg",
    "productInformation": "ICA Selection Medelhavsbröd osötat är bakat med durumvete, havssalt och olivolja. Det mjuka inkråmet och den smakrika skorpan får brödet genom att vi använder det finaste durumvetet och gräddar det i stenugn på hög temperatur.",
    "countryText": "",
    "companyText": "ICA Selection",
    "ingrediensText": "INGREDIENSER: VETEMJÖL*, vatten, DURUMVETE 6%, surdeg av FULLKORNSRÅGMJÖL*, RÅGSKÅLLNING, jäst, havssalt 1%, KORNMALTEXTRAKT, olivolja 0,8%, VETEGLUTEN. * Ursprung Sverige.",
    "storage": "",
    "allergens": "",
    "usage": "",
    "nutrition": [
      {
        "Näringsvärde": "Energi (kcal)",
        "100 Gram": "249 kcal"
      },
      {
        "Näringsvärde": "Energi (kJ)",
        "100 Gram": "1053 kJ"
      },
      {
        "Näringsvärde": "Fett",
        "100 Gram": "2.5 g"
      },
      {
        "Näringsvärde": "Varav mättat fett",
        "100 Gram": "0.3 g"
      },
      {
        "Näringsvärde": "Kolhydrat",
        "100 Gram": "47 g"
      },
      {
        "Näringsvärde": "Varav sockerarter",
        "100 Gram": "1 g"
      },
      {
        "Näringsvärde": "Fiber",
        "100 Gram": "2.1 g"
      },
      {
        "Näringsvärde": "Protein",
        "100 Gram": "8.5 g"
      },
      {
        "Näringsvärde": "Salt",
        "100 Gram": "1.2 g"
      }
    ],
    "nutritionUnitText": "Näringsvärde per 100 gram",
    "categories": {
      "mainCategory": "Bröd & Kakor",
      "subCategories": [
        {
          "name": "Matbröd",
          "subSubCategories": [
            "Ljust bröd",
            "Rostbröd"
          ]
        }
      ]
    }
  },
  {
    "name": "Digestive Fullkorn 400g Mc Vities",
    "weightText": "0.4 kg",
    "caPart": "",
    "weightValue": 0.4,
    "weightUnit": "kg",
    "comparePrice": "37,38 kr/kg",
    "currentPrice": 14.95,
    "attributes": [],
    "imgUrl": "https://handlaprivatkund.ica.se/images-v3/bf7a00ca-390e-4769-865f-dc369586872e/8272acc1-8d4c-499d-b4b3-550333f02092/500x500.jpg",
    "productInformation": "",
    "countryText": "",
    "companyText": "Mc Vities",
    "ingrediensText": "Fullkornsvetemjöl (69 %), vegetabiliska oljor (solrosolja, palmolja), socker, bakpulver (natriumkarbonater, äpplesyra, ammoniumkarbonater), salt, inverterad sockersirap.",
    "storage": "",
    "allergens": "",
    "usage": "",
    "nutrition": [
      {
        "Näringsvärde": "Energi (kcal)",
        "100 Gram": "467 kcal"
      },
      {
        "Näringsvärde": "Energi (kJ)",
        "100 Gram": "1955 kJ"
      },
      {
        "Näringsvärde": "Fett",
        "100 Gram": "20.8 g"
      },
      {
        "Näringsvärde": "Varav mättat fett",
        "100 Gram": "4.6 g"
      },
      {
        "Näringsvärde": "Kolhydrat",
        "100 Gram": "58.1 g"
      },
      {
        "Näringsvärde": "Varav sockerarter",
        "100 Gram": "19.1 g"
      },
      {
        "Näringsvärde": "Fiber",
        "100 Gram": "6.5 g"
      },
      {
        "Näringsvärde": "Protein",
        "100 Gram": "8.3 g"
      },
      {
        "Näringsvärde": "Salt",
        "100 Gram": "1.5 g"
      }
    ],
    "nutritionUnitText": "Näringsvärde per 100 gram",
    "categories": {
      "mainCategory": "Bröd & Kakor",
      "subCategories": [
        {
          "name": "Kaffebröd",
          "subSubCategories": [
            "Kex & kakor",
            "Matkex",
            "Digestivekex"
          ]
        }
      ]
    }
  },
  {
    "name": "Oat & carrot rolls Glutenfri Fryst 400g Elovena",
    "weightText": "0.4 kg",
    "caPart": "",
    "weightValue": 0.4,
    "weightUnit": "kg",
    "comparePrice": "98,75 kr/kg",
    "currentPrice": 39.5,
    "attributes": [
      "Glutenfritt"
    ],
    "imgUrl": "https://handlaprivatkund.ica.se/images-v3/bf7a00ca-390e-4769-865f-dc369586872e/64506611-69d0-4323-bfef-c59482428115/500x500.jpg",
    "productInformation": "Färdiggräddade och djupfrysta. Bakade helt glutenfritt på ren havre. Ljust matbröd med surdeg och lätt smak av morot. Utmärkt till frukost och som kuvertbröd.",
    "countryText": "",
    "companyText": "Provena",
    "ingrediensText": "Ingredienser: Glutenfritt HAVREmjöl (33%), vatten, potatisstärkelse, riven morot (10%), rapsolja, socker, förtjockningsmedel (E415, E464, E466), bakpulver (E575, E500), jäst, salt, mineralsalt (kaliumklorid), emulgeringsmedel (E471). Fritt från gluten, mjölk, soja och ägg. Utan vetestärkelse. Innehåller en liten mängd rismjöl, som använts vid utbakningen. Havre 100% av spannmålet.",
    "storage": "I frysen under -18°C. Får inte frysas igen efter upptiningem. Lägsta förvaringstemperatur -25°C Högsta förvaringstemperatur -18°C",
    "allergens": "",
    "usage": "",
    "nutrition": [
      {
        "Näringsvärde": "Energi (kcal)",
        "100 Gram": "237 kcal"
      },
      {
        "Näringsvärde": "Energi (kJ)",
        "100 Gram": "991 kJ"
      },
      {
        "Näringsvärde": "Fett",
        "100 Gram": "7.4 g"
      },
      {
        "Näringsvärde": "Varav mättat fett",
        "100 Gram": "0.9 g"
      },
      {
        "Näringsvärde": "Kolhydrat",
        "100 Gram": "35 g"
      },
      {
        "Näringsvärde": "Varav sockerarter",
        "100 Gram": "3.6 g"
      },
      {
        "Näringsvärde": "Fiber",
        "100 Gram": "6.6 g"
      },
      {
        "Näringsvärde": "Protein",
        "100 Gram": "4.3 g"
      },
      {
        "Näringsvärde": "Salt",
        "100 Gram": "1.1 g"
      }
    ],
    "nutritionUnitText": "Näringsvärde per 100 gram",
    "categories": {
      "mainCategory": "Bröd & Kakor",
      "subCategories": [
        {
          "name": "Glutenfritt bröd & Kakor",
          "subSubCategories": [
            "Glutenfritt bröd",
            "Glutenfritt fryst bröd"
          ]
        }
      ]
    }
  },
  {
    "name": "Knäckebröd Husman 260g Wasa",
    "weightText": "0.26 kg",
    "caPart": "",
    "weightValue": 0.26,
    "weightUnit": "kg",
    "comparePrice": "53,65 kr/kg",
    "currentPrice": 13.95,
    "attributes": [
      "Nyckelhålet"
    ],
    "imgUrl": "https://handlaprivatkund.ica.se/images-v3/bf7a00ca-390e-4769-865f-dc369586872e/bc9246ab-d1eb-4dd0-ba74-81ee83fe9431/500x500.jpg",
    "productInformation": "Wasa Knäckebröd Husman är ett smakrikt och nyttigt rågknäcke. Vi har följt samma traditioner, och bakat detta knäcke enligt samma recept med fullkornsrågmjöl, i över 80 år. Det är precis lika krispigt nu som då, och uppskattas både till frukost, lunch, middag och mellanmål tillsammans med valfritt pålägg. Husman är ett knäckebröd med fiber, en källa till järn och med 100% fullkorn. Wasa Husman rågknäckebröd är nyckelhålsmärkt och 100% klimatkompenserat.",
    "countryText": "",
    "companyText": "Wasa",
    "ingrediensText": "Ingredienser: FullkornsRÅGmjöl 105 g*, jäst, salt. *i g för 100 g produkt.",
    "storage": "Förvaras torrt och mörkt. Högsta förvaringstemperatur 25°C",
    "allergens": "",
    "usage": "",
    "nutrition": [
      {
        "Näringsvärde": "Energi (kcal)",
        "100 Gram": "330 kcal"
      },
      {
        "Näringsvärde": "Energi (kJ)",
        "100 Gram": "1389 kJ"
      },
      {
        "Näringsvärde": "Fett",
        "100 Gram": "1.5 g"
      },
      {
        "Näringsvärde": "Varav mättat fett",
        "100 Gram": "0.4 g"
      },
      {
        "Näringsvärde": "Kolhydrat",
        "100 Gram": "59 g"
      },
      {
        "Näringsvärde": "Varav sockerarter",
        "100 Gram": "1.5 g"
      },
      {
        "Näringsvärde": "Fiber",
        "100 Gram": "20 g"
      },
      {
        "Näringsvärde": "Protein",
        "100 Gram": "10 g"
      },
      {
        "Näringsvärde": "Salt",
        "100 Gram": "1.2 g"
      },
      {
        "Näringsvärde": "Järn",
        "100 Gram": "2.6 mg",
        "% av DRI(*)": "19"
      },
      {
        "Näringsvärde": "Magnesium",
        "100 Gram": "85 mg",
        "% av DRI(*)": "23"
      },
      {
        "Näringsvärde": "Zink",
        "100 Gram": "2.4 mg",
        "% av DRI(*)": "24"
      }
    ],
    "nutritionUnitText": "Näringsvärde per 100 gram",
    "categories": {
      "mainCategory": "Bröd & Kakor",
      "subCategories": [
        {
          "name": "Knäckebröd & Skorpor",
          "subSubCategories": [
            "Knäckebröd",
            "Mörkt knäckebröd"
          ]
        }
      ]
    }
  },
  {
    "name": "Rågknäcke Creamy Ranch 150g Finn Crisp",
    "weightText": "0.15 kg",
    "caPart": "",
    "weightValue": 0.15,
    "weightUnit": "kg",
    "comparePrice": "163,33 kr/kg",
    "currentPrice": 24.5,
    "attributes": [],
    "imgUrl": "https://handlaprivatkund.ica.se/images-v3/bf7a00ca-390e-4769-865f-dc369586872e/3ab322d9-4e40-4450-911f-6c1d3a4b2b17/500x500.jpg",
    "productInformation": "Finn crisp Snacks Creamy Ranch bakas med 100% fullkornsråg, solrosolja och toppas med kryddor. Ett välsmakande alternativ till vanliga potatischips, fulla av det goda från finsk råg. Perfekt för helgen eller när du önskar ett smakfullt mellanmål.",
    "countryText": "",
    "companyText": "Finn Crisp",
    "ingrediensText": "FullkornsRÅGmjöl 75%, kryddblandning [maltodextrin, salt, socker, druvsocker, OSTpulver, lök, paprika, tomat, vasslepulver (MJÖLK), jästextrakt, vitlök, kryddor, surhetsreglerande medel (mjölksyra), kryddextrakt (paprika), arom], solrosolja, vatten, jäst. Kan innehålla spår av sesamfrön.",
    "storage": "Förvaras torrt och mörkt.",
    "allergens": "Innehåller Spannmål som innehåller gluten Innehåller Mjölk Kan innehålla Sesamfrön",
    "usage": "Färdigt att ätas.",
    "nutrition": [
      {
        "Näringsvärde": "Energi (kcal)",
        "100 Gram": "404 kcal"
      },
      {
        "Näringsvärde": "Energi (kJ)",
        "100 Gram": "1689 kJ"
      },
      {
        "Näringsvärde": "Fett",
        "100 Gram": "13 g"
      },
      {
        "Näringsvärde": "Varav mättat fett",
        "100 Gram": "1.4 g"
      },
      {
        "Näringsvärde": "Kolhydrat",
        "100 Gram": "53 g"
      },
      {
        "Näringsvärde": "Varav sockerarter",
        "100 Gram": "5.4 g"
      },
      {
        "Näringsvärde": "Fiber",
        "100 Gram": "18 g"
      },
      {
        "Näringsvärde": "Protein",
        "100 Gram": "9.6 g"
      },
      {
        "Näringsvärde": "Salt",
        "100 Gram": "1.4 g"
      }
    ],
    "nutritionUnitText": "Näringsvärde per 100 gram",
    "categories": {
      "mainCategory": "Bröd & Kakor",
      "subCategories": [
        {
          "name": "Knäckebröd & Skorpor",
          "subSubCategories": [
            "Knäckebröd",
            "Knäckesnacks"
          ]
        }
      ]
    }
  },
  {
    "name": "Wienerbröd Fryst 10-p 400g Findus",
    "weightText": "0.4 kg",
    "caPart": "",
    "weightValue": 0.4,
    "weightUnit": "kg",
    "comparePrice": "89,88 kr/kg",
    "currentPrice": 35.95,
    "attributes": [],
    "imgUrl": "https://handlaprivatkund.ica.se/images-v3/bf7a00ca-390e-4769-865f-dc369586872e/647a39e0-4770-4cf0-93be-9507d9c8d436/500x500.jpg",
    "productInformation": "Det finns alltid en doft av nybakade bullar i havsbrisen i Loftahammar. I det småländska skärgårdssamhället, precis vid den lilla viken, ligger Findus bageri. Här har det knådats deg och gräddats bullar av glada bagare sedan 1966. Våra frasiga Wienerbröd har en härligt krämig vaniljfyllning och är underbart goda att njuta av när du vill. Bullarna blir godast och frasigast när du värmer dem i ugnen. Aldrig har det varit enklare att känna doften och smaken av nybakat. Pssst! Ta med dem i picknickkorgen, så har du nybakade bullar till utflykten.",
    "countryText": "",
    "companyText": "Findus",
    "ingrediensText": "VETEMJÖL, vatten, palmolja*, socker, vaniljkräm [socker, modifierad potatisstärkelse, SKUMMJÖLKSPULVER, kokosolja, förtjockningsmedel (E401), salt, färgämne (betakaroten), naturlig arom], rapsolja, ÄGG, druvsocker, jäst, salt, naturlig arom, vitamin A, maltmjöl av VETE, mjölbehandlingsmedel (askorbinsyra). *certifierad hållbar palmolja.",
    "storage": "FÖRVARING OCH MINSTA HÅLLBARHET: I frysutrymme (-18ºC eller kallare), se datummärkning. Bör alltid förvaras fryst. Bör ej frysas efter upptining. Lägsta förvaringstemperatur -25°C Högsta förvaringstemperatur -18°C",
    "allergens": "Innehåller Spannmål som innehåller gluten Innehåller Mjölk Innehåller Ägg",
    "usage": "",
    "nutrition": [
      {
        "Näringsvärde": "Energi (kcal)",
        "100 Gram": "393 kcal"
      },
      {
        "Näringsvärde": "Energi (kJ)",
        "100 Gram": "1641 kJ"
      },
      {
        "Näringsvärde": "Fett",
        "100 Gram": "22 g"
      },
      {
        "Näringsvärde": "Varav mättat fett",
        "100 Gram": "9.2 g"
      },
      {
        "Näringsvärde": "Kolhydrat",
        "100 Gram": "43 g"
      },
      {
        "Näringsvärde": "Varav sockerarter",
        "100 Gram": "16 g"
      },
      {
        "Näringsvärde": "Fiber",
        "100 Gram": "1.4 g"
      },
      {
        "Näringsvärde": "Protein",
        "100 Gram": "5 g"
      },
      {
        "Näringsvärde": "Salt",
        "100 Gram": "0.35 g"
      }
    ],
    "nutritionUnitText": "Näringsvärde per 100 gram",
    "categories": {
      "mainCategory": "Fryst",
      "subCategories": [
        {
          "name": "Fryst bröd & dessert",
          "subSubCategories": [
            "Frysta bullar & kakor"
          ]
        }
      ]
    }
  },
  {
    "name": "Drömrulltårta 370g ICA",
    "weightText": "0.37 kg",
    "caPart": "",
    "weightValue": 0.37,
    "weightUnit": "kg",
    "comparePrice": "80,95 kr/kg",
    "currentPrice": 29.95,
    "attributes": [
      "Laktosfritt"
    ],
    "imgUrl": "https://handlaprivatkund.ica.se/images-v3/bf7a00ca-390e-4769-865f-dc369586872e/8671ae7b-d963-4a0a-a1d8-2036f21e5928/500x500.jpg",
    "productInformation": "Vår Drömrulltårta är vår chokladigaste rulltårta. Bara att ta fram och skiva upp när du får finbesök!",
    "countryText": "",
    "companyText": "ICA",
    "ingrediensText": "Tårtbotten 54%: VETEMJÖL, socker,ÄGG, vatten, stabiliseringsmedel(E420, E422), kakao, glukossirap,salt, emulgeringsmedel (E471,E475), aromer, konserveringsmedel(E202, E281), potatismjöl,bakpulver (E450, E500), färgämne(E150c), surhetsreglerande medel(E330).Kräm med vaniljsmak 46%:vegetabiliskt fett (kokos- ochpalmolja*), socker, rapsolja, vatten,salt, emulgeringsmedel (E475),arom, konserveringsmedel (E202),surhetsreglerande medel (E330).*Den här produkten innehållercertifierad hållbar palmolja.",
    "storage": "Förvaras torrt, ej över normal rumstemperatur.",
    "allergens": "",
    "usage": "",
    "nutrition": [
      {
        "Näringsvärde": "Energi (kcal)",
        "100 Gram": "440 kcal"
      },
      {
        "Näringsvärde": "Energi (kJ)",
        "100 Gram": "1800 kJ"
      },
      {
        "Näringsvärde": "Fett",
        "100 Gram": "28 g"
      },
      {
        "Näringsvärde": "Varav mättat fett",
        "100 Gram": "13 g"
      },
      {
        "Näringsvärde": "Kolhydrat",
        "100 Gram": "42 g"
      },
      {
        "Näringsvärde": "Varav sockerarter",
        "100 Gram": "29 g"
      },
      {
        "Näringsvärde": "Protein",
        "100 Gram": "3.3 g"
      },
      {
        "Näringsvärde": "Salt",
        "100 Gram": "0.5 g"
      }
    ],
    "nutritionUnitText": "Näringsvärde per 100 gram",
    "categories": {
      "mainCategory": "Bröd & Kakor",
      "subCategories": [
        {
          "name": "Kaffebröd",
          "subSubCategories": [
            "Mjuka kakor & Muffins",
            "Rulltårta"
          ]
        }
      ]
    }
  }
]