[
  {
    "name": "Smör & Raps Normalsaltat 75% 500g Bregott®",
    "weightText": "0.5 kg",
    "caPart": "",
    "weightValue": 0.5,
    "weightUnit": "kg",
    "comparePrice": "90,00 kr/kg",
    "currentPrice": 45,
    "attributes": [
      "Ursprungsland Sverige"
    ],
    "imgUrl": "https://handlaprivatkund.ica.se/images-v3/bf7a00ca-390e-4769-865f-dc369586872e/8eb26a32-bd75-4705-aa7c-6094e88829a9/500x500.jpg",
    "productInformation": "Bregott® Normalsaltat är en favorit på svenska smörgåsar alltsedan 1969. Kärnat till smör av svensk grädde blandat med rapsolja och en nypa salt – naturligt gott. Grädden finns med för den goda smakens skull och rapsoljan gör det lättare att bre på brödet. Bregott® Normalsaltat gör sig allra bäst på smörgåsen men passar också att steka i och baka med. Symbolen med den blågula gräddkannan garanterar att produkten är gjord på 100 procent svensk grädde.",
    "countryText": "Sverige",
    "companyText": "Bregott",
    "ingrediensText": "SMÖR (pastöriserad GRÄDDE, mjölksyrakultur), rapsolja, vatten, salt, vitamin A och D.",
    "storage": "Bör förvaras vid högst +8ºC. Lägsta förvaringstemperatur 2°C Högsta förvaringstemperatur 8°C",
    "allergens": "Innehåller Mjölk",
    "usage": "",
    "nutrition": [
      {
        "Näringsvärde": "Energi (kcal)",
        "100 Gram": "678 kcal"
      },
      {
        "Näringsvärde": "Energi (kJ)",
        "100 Gram": "2789 kJ"
      },
      {
        "Näringsvärde": "Fett",
        "100 Gram": "75 g"
      },
      {
        "Näringsvärde": "Varav fleromättat fett",
        "100 Gram": "8.7 g"
      },
      {
        "Näringsvärde": "Varav mättat fett",
        "100 Gram": "33 g"
      },
      {
        "Näringsvärde": "Varav enkelomättat fett",
        "100 Gram": "28 g"
      },
      {
        "Näringsvärde": "Kolhydrat",
        "100 Gram": "0.4 g"
      },
      {
        "Näringsvärde": "Varav sockerarter",
        "100 Gram": "0.4 g"
      },
      {
        "Näringsvärde": "Protein",
        "100 Gram": "0.4 g"
      },
      {
        "Näringsvärde": "Salt",
        "100 Gram": "1.2 g"
      },
      {
        "Näringsvärde": "Vitamin A",
        "100 Gram": "900 µg",
        "% av DRI(*)": "113"
      },
      {
        "Näringsvärde": "Vitamin D",
        "100 Gram": "20 µg",
        "% av DRI(*)": "400"
      }
    ],
    "nutritionUnitText": "Näringsvärde per 100 gram",
    "categories": {
      "mainCategory": "Mejeri & Ost",
      "subCategories": [
        {
          "name": "Smör & Margarin",
          "subSubCategories": [
            "Bordsask smör"
          ]
        }
      ]
    }
  },
  {
    "name": "Mellanmjölkdryck Laktosfri 1,5% 1,5l Valio",
    "weightText": "1.5 l",
    "caPart": "",
    "weightValue": 1.5,
    "weightUnit": "l",
    "comparePrice": "13,33 kr/l",
    "currentPrice": 20,
    "attributes": [
      "Laktosfritt"
    ],
    "imgUrl": "https://handlaprivatkund.ica.se/images-v3/bf7a00ca-390e-4769-865f-dc369586872e/ed45e555-795b-4c8a-9852-4d5c155e97d9/500x500.jpg",
    "productInformation": "Hemligheten bakom vår goda mjölkdryck är enkel. Vi har låtit alla naturliga smaker, vitaminer och mineraler vara kvar och endast tagit bort all laktos - för en lättare magkänsla. Fetthalt 1,5%. Njut av vår goda laktosfria mjölk till maten, frukost eller i kaffet.",
    "countryText": "",
    "companyText": "Valio",
    "ingrediensText": "MELLANMJÖLK, vitamin D, laktas- och proteasenzym.",
    "storage": "Förvaras vid högst +8°C. Öppnad förpackning är hållbar 4-5 dagar i kylskåp.",
    "allergens": "Innehåller Mjölk",
    "usage": "",
    "nutrition": [
      {
        "Näringsvärde": "Energi (kcal)",
        "100 Gram": "39 kcal"
      },
      {
        "Näringsvärde": "Energi (kJ)",
        "100 Gram": "164 kJ"
      },
      {
        "Näringsvärde": "Fett",
        "100 Gram": "1.5 g"
      },
      {
        "Näringsvärde": "Varav mättat fett",
        "100 Gram": "0.9 g"
      },
      {
        "Näringsvärde": "Kolhydrat",
        "100 Gram": "3.1 g"
      },
      {
        "Näringsvärde": "Varav sockerarter",
        "100 Gram": "3.1 g"
      },
      {
        "Näringsvärde": "Protein",
        "100 Gram": "3.3 g"
      },
      {
        "Näringsvärde": "Salt",
        "100 Gram": "0.1 g"
      },
      {
        "Näringsvärde": "Vitamin B12",
        "100 Gram": "0.4 µg",
        "% av DRI(*)": "16"
      },
      {
        "Näringsvärde": "Vitamin D",
        "100 Gram": "2 µg",
        "% av DRI(*)": "40"
      },
      {
        "Näringsvärde": "Riboflavin",
        "100 Gram": "0.18 mg",
        "% av DRI(*)": "12"
      },
      {
        "Näringsvärde": "Kalcium",
        "100 Gram": "120 mg",
        "% av DRI(*)": "15"
      },
      {
        "Näringsvärde": "Jod",
        "100 Gram": "16 µg",
        "% av DRI(*)": "10"
      }
    ],
    "nutritionUnitText": "Näringsvärde per 100 gram",
    "categories": {
      "mainCategory": "Mejeri & Ost",
      "subCategories": [
        {
          "name": "Mjölk",
          "subSubCategories": [
            "Mellanmjölk",
            "Mellanmjölk, laktosfri"
          ]
        }
      ]
    }
  },
  {
    "name": "Smör & Raps Extrasaltat 75% 500g Bregott®",
    "weightText": "0.5 kg",
    "caPart": "",
    "weightValue": 0.5,
    "weightUnit": "kg",
    "comparePrice": "90,00 kr/kg",
    "currentPrice": 45,
    "attributes": [
      "Ursprungsland Sverige"
    ],
    "imgUrl": "https://handlaprivatkund.ica.se/images-v3/bf7a00ca-390e-4769-865f-dc369586872e/7a1a81db-8f5e-4617-ae25-91f069955bc6/500x500.jpg",
    "productInformation": "Bregott® Extrasaltat är en favorit på den svenska smörgåsen sedan 1971. Kärnat till smör av svensk grädde blandat med rapsolja och en extra nypa salt – naturligt gott. Grädden finns med för den goda smakens skull och rapsoljan gör det lättare att bre på brödet. Bregott® Extrasaltat gör sig allra bäst på smörgåsen men passar också att steka i och baka med. Symbolen med den blågula gräddkannan garanterar att produkten är gjord på 100 procent svensk grädde.",
    "countryText": "Sverige",
    "companyText": "Bregott",
    "ingrediensText": "SMÖR (pastöriserad GRÄDDE, mjölksyrakultur), rapsolja, vatten, salt, vitamin A och D.",
    "storage": "Bör förvaras vid högst +8ºC. Lägsta förvaringstemperatur 2°C Högsta förvaringstemperatur 8°C",
    "allergens": "Innehåller Mjölk",
    "usage": "",
    "nutrition": [
      {
        "Näringsvärde": "Energi (kcal)",
        "100 Gram": "678 kcal"
      },
      {
        "Näringsvärde": "Energi (kJ)",
        "100 Gram": "2789 kJ"
      },
      {
        "Näringsvärde": "Fett",
        "100 Gram": "75 g"
      },
      {
        "Näringsvärde": "Varav fleromättat fett",
        "100 Gram": "8.7 g"
      },
      {
        "Näringsvärde": "Varav mättat fett",
        "100 Gram": "33 g"
      },
      {
        "Näringsvärde": "Varav enkelomättat fett",
        "100 Gram": "28 g"
      },
      {
        "Näringsvärde": "Kolhydrat",
        "100 Gram": "0.4 g"
      },
      {
        "Näringsvärde": "Varav sockerarter",
        "100 Gram": "0.4 g"
      },
      {
        "Näringsvärde": "Protein",
        "100 Gram": "0.4 g"
      },
      {
        "Näringsvärde": "Salt",
        "100 Gram": "1.8 g"
      },
      {
        "Näringsvärde": "Vitamin A",
        "100 Gram": "900 µg",
        "% av DRI(*)": "113"
      },
      {
        "Näringsvärde": "Vitamin D",
        "100 Gram": "20 µg",
        "% av DRI(*)": "400"
      }
    ],
    "nutritionUnitText": "Näringsvärde per 100 gram",
    "categories": {
      "mainCategory": "Mejeri & Ost",
      "subCategories": [
        {
          "name": "Smör & Margarin",
          "subSubCategories": [
            "Bordsask smör"
          ]
        }
      ]
    }
  },
  {
    "name": "Mjölkdryck Laktosfri 3% 1,5l Valio",
    "weightText": "1.5 l",
    "caPart": "",
    "weightValue": 1.5,
    "weightUnit": "l",
    "comparePrice": "13,33 kr/l",
    "currentPrice": 20,
    "attributes": [
      "Laktosfritt"
    ],
    "imgUrl": "https://handlaprivatkund.ica.se/images-v3/bf7a00ca-390e-4769-865f-dc369586872e/a364a855-5986-469d-8b35-59b0d1258efd/500x500.jpg",
    "productInformation": "Hemligheten bakom vår goda mjölkdryck är enkel. Vi har låtit alla naturliga smaker, vitaminer och mineraler vara kvar och endast tagit bort all laktos - för en lättare magkänsla. Fetthalt 3%. Njut av vår goda laktosfria mjölk till maten, frukost eller i kaffet.",
    "countryText": "",
    "companyText": "Valio",
    "ingrediensText": "MJÖLK, vitamin D, laktas- och proteasenzym.",
    "storage": "Förvaras vid högst +8°C. Öppnad förpackning är hållbar 4-5 dagar i kylskåp.",
    "allergens": "Innehåller Mjölk",
    "usage": "",
    "nutrition": [
      {
        "Näringsvärde": "Energi (kcal)",
        "100 Gram": "52 kcal"
      },
      {
        "Näringsvärde": "Energi (kJ)",
        "100 Gram": "218 kJ"
      },
      {
        "Näringsvärde": "Fett",
        "100 Gram": "3 g"
      },
      {
        "Näringsvärde": "Varav mättat fett",
        "100 Gram": "1.8 g"
      },
      {
        "Näringsvärde": "Kolhydrat",
        "100 Gram": "3.1 g"
      },
      {
        "Näringsvärde": "Varav sockerarter",
        "100 Gram": "3.1 g"
      },
      {
        "Näringsvärde": "Protein",
        "100 Gram": "3.2 g"
      },
      {
        "Näringsvärde": "Salt",
        "100 Gram": "0.1 g"
      },
      {
        "Näringsvärde": "Vitamin B12",
        "100 Gram": "0.4 µg",
        "% av DRI(*)": "16"
      },
      {
        "Näringsvärde": "Vitamin D",
        "100 Gram": "2 µg",
        "% av DRI(*)": "40"
      },
      {
        "Näringsvärde": "Riboflavin",
        "100 Gram": "0.18 mg",
        "% av DRI(*)": "12"
      },
      {
        "Näringsvärde": "Kalcium",
        "100 Gram": "120 mg",
        "% av DRI(*)": "15"
      },
      {
        "Näringsvärde": "Jod",
        "100 Gram": "16 µg",
        "% av DRI(*)": "10"
      }
    ],
    "nutritionUnitText": "Näringsvärde per 100 gram",
    "categories": {
      "mainCategory": "Mejeri & Ost",
      "subCategories": [
        {
          "name": "Mjölk",
          "subSubCategories": [
            "Standardmjölk",
            "Standardmjölk, laktosfri"
          ]
        }
      ]
    }
  },
  {
    "name": "Smör & Raps Normalsaltat Laktosfri 70% 500g Bregott®",
    "weightText": "0.5 kg",
    "caPart": "",
    "weightValue": 0.5,
    "weightUnit": "kg",
    "comparePrice": "90,00 kr/kg",
    "currentPrice": 45,
    "attributes": [
      "Ursprungsland Sverige",
      "Laktosfritt"
    ],
    "imgUrl": "https://handlaprivatkund.ica.se/images-v3/bf7a00ca-390e-4769-865f-dc369586872e/e6a8de49-8d97-44c4-b2b3-0e4b0eca2889/500x500.jpg",
    "productInformation": "Naturligt gott, helt enkelt men utan laktos! Bregott® Laktosfri är kärnat till smör av svensk grädde blandat med rapsolja och en nypa salt. Grädden finns med för den goda smakens skull och rapsoljan gör det lättare att bre på brödet. Bregott® Laktosfri gör sig allra bäst på smörgåsen men passar också att steka i och baka med. Symbolen med den blågula gräddkannan garanterar att produkten är gjord på 100 procent svensk grädde.",
    "countryText": "Sverige",
    "companyText": "Bregott",
    "ingrediensText": "SMÖR (pastöriserad GRÄDDE, mjölksyrakultur), rapsolja, vatten, salt, laktasenzym, vitamin A och D.",
    "storage": "Bör förvaras vid högst +8ºC.",
    "allergens": "Innehåller Mjölk",
    "usage": "",
    "nutrition": [
      {
        "Näringsvärde": "Energi (kcal)",
        "100 Gram": "633 kcal"
      },
      {
        "Näringsvärde": "Energi (kJ)",
        "100 Gram": "2602 kJ"
      },
      {
        "Näringsvärde": "Fett",
        "100 Gram": "70 g"
      },
      {
        "Näringsvärde": "Varav fleromättat fett",
        "100 Gram": "9 g"
      },
      {
        "Näringsvärde": "Varav mättat fett",
        "100 Gram": "29 g"
      },
      {
        "Näringsvärde": "Varav enkelomättat fett",
        "100 Gram": "27 g"
      },
      {
        "Näringsvärde": "Kolhydrat",
        "100 Gram": "0.4 g"
      },
      {
        "Näringsvärde": "Varav sockerarter",
        "100 Gram": "0.4 g"
      },
      {
        "Näringsvärde": "Protein",
        "100 Gram": "0.3 g"
      },
      {
        "Näringsvärde": "Salt",
        "100 Gram": "1.2 g"
      },
      {
        "Näringsvärde": "Vitamin A",
        "100 Gram": "900 µg",
        "% av DRI(*)": "113"
      },
      {
        "Näringsvärde": "Vitamin D",
        "100 Gram": "20 µg",
        "% av DRI(*)": "400"
      }
    ],
    "nutritionUnitText": "Näringsvärde per 100 gram",
    "categories": {
      "mainCategory": "Mejeri & Ost",
      "subCategories": [
        {
          "name": "Smör & Margarin",
          "subSubCategories": [
            "Laktosfritt smör & margarin"
          ]
        }
      ]
    }
  },
  {
    "name": "Familjefavoriter Port salut mild 26% ca 750g Arla",
    "weightText": "Ca 0.75 kg",
    "caPart": "Ca",
    "weightValue": 0.75,
    "weightUnit": "kg",
    "comparePrice": "79,90 kr/kg",
    "currentPrice": 59.93,
    "attributes": [],
    "imgUrl": "https://handlaprivatkund.ica.se/images-v3/bf7a00ca-390e-4769-865f-dc369586872e/3f7f2105-1229-4248-a5eb-2823efc55f32/500x500.jpg",
    "productInformation": "Arla® Familjefavoriter - milda och goda ostar för hela familjen. Ost som är enkel att hyvla och skära, perfekt som pålägg eller att skära i bitar till fredagsmyset. Port Salut ost har smidig konsistens med gräddig smak, fetthalten är 26%. Tips: när du närmar dig slutet av osten och den blir lite svårare att hyvla, riv och frys in. Supersmidigt att plocka fram när det är dags för tacopaj! Vår Port Salut är tillverkad i Vium, Danmark, av mjölk från danska Arlagårdar.",
    "countryText": "",
    "companyText": "Arla",
    "ingrediensText": "Pastöriserad MJÖLK, salt, syrningskultur, ystenzym, färgämne E160b.",
    "storage": "",
    "allergens": "",
    "usage": "",
    "nutrition": [
      {
        "Näringsvärde": "Energi (kcal)",
        "100 Gram": "340 kcal"
      },
      {
        "Näringsvärde": "Energi (kJ)",
        "100 Gram": "1411 kJ"
      },
      {
        "Näringsvärde": "Fett",
        "100 Gram": "26 g"
      },
      {
        "Näringsvärde": "Varav mättat fett",
        "100 Gram": "17 g"
      },
      {
        "Näringsvärde": "Kolhydrat",
        "100 Gram": "0 g"
      },
      {
        "Näringsvärde": "Varav sockerarter",
        "100 Gram": "0 g"
      },
      {
        "Näringsvärde": "Protein",
        "100 Gram": "25 g"
      },
      {
        "Näringsvärde": "Salt",
        "100 Gram": "1.6 g"
      },
      {
        "Näringsvärde": "Vitamin B12",
        "100 Gram": "1.4 µg",
        "% av DRI(*)": "56"
      },
      {
        "Näringsvärde": "Kalcium",
        "100 Gram": "751 mg",
        "% av DRI(*)": "94"
      }
    ],
    "nutritionUnitText": "Näringsvärde per 100 gram",
    "categories": {
      "mainCategory": "Mejeri & Ost",
      "subCategories": [
        {
          "name": "Ost",
          "subSubCategories": [
            "Påläggsost",
            "Övrig hårdost"
          ]
        }
      ]
    }
  },
  {
    "name": "Familjefavoriter Gräddis ost mild ca 1kg Arla®",
    "weightText": "Ca 1 kg",
    "caPart": "Ca",
    "weightValue": 1,
    "weightUnit": "kg",
    "comparePrice": "79,90 kr/kg",
    "currentPrice": 79.9,
    "attributes": [],
    "imgUrl": "https://handlaprivatkund.ica.se/images-v3/bf7a00ca-390e-4769-865f-dc369586872e/45bae446-4932-476a-ab2d-7aabd790548b/500x500.jpg",
    "productInformation": "Arla® Familjefavoriter - milda och goda ostar för hela familjen. Ost som är enkel att hyvla och skära, perfekt på mackan eller att skära i bitar till fredagsmyset. Gräddis är en ost med krämig konsistens och gräddig smak, fetthalten är 31%. Tips: när du närmar dig slutet av osten och den blir lite svårare att hyvla, riv och frys in. Supersmidigt att plocka fram till nästa pizzatillfälle! Gräddis är tillverkad i Vium, Danmark, av mjölk från danska Arlagårdar.",
    "countryText": "",
    "companyText": "Arla",
    "ingrediensText": "Pastöriserad MJÖLK, salt, syrningskultur, ystenzym.",
    "storage": "",
    "allergens": "",
    "usage": "",
    "nutrition": [
      {
        "Näringsvärde": "Energi (kcal)",
        "100 Gram": "370 kcal"
      },
      {
        "Näringsvärde": "Energi (kJ)",
        "100 Gram": "1530 kJ"
      },
      {
        "Näringsvärde": "Fett",
        "100 Gram": "30 g"
      },
      {
        "Näringsvärde": "Varav mättat fett",
        "100 Gram": "19 g"
      },
      {
        "Näringsvärde": "Kolhydrat",
        "100 Gram": "0 g"
      },
      {
        "Näringsvärde": "Varav sockerarter",
        "100 Gram": "0 g"
      },
      {
        "Näringsvärde": "Protein",
        "100 Gram": "24 g"
      },
      {
        "Näringsvärde": "Salt",
        "100 Gram": "1.6 g"
      },
      {
        "Näringsvärde": "Vitamin B12",
        "100 Gram": "1.4 µg",
        "% av DRI(*)": "56"
      },
      {
        "Näringsvärde": "Kalcium",
        "100 Gram": "707 mg",
        "% av DRI(*)": "90"
      }
    ],
    "nutritionUnitText": "Näringsvärde per 100 gram",
    "categories": {
      "mainCategory": "Mejeri & Ost",
      "subCategories": [
        {
          "name": "Ost",
          "subSubCategories": [
            "Påläggsost"
          ]
        }
      ]
    }
  },
  {
    "name": "Vaniljyoghurt Hallon slät 2,1% 1000g Valio",
    "weightText": "1 kg",
    "caPart": "",
    "weightValue": 1,
    "weightUnit": "kg",
    "comparePrice": "20,00 kr/kg",
    "currentPrice": 20,
    "attributes": [],
    "imgUrl": "https://handlaprivatkund.ica.se/images-v3/bf7a00ca-390e-4769-865f-dc369586872e/ebbaa52d-51cf-4c5f-8113-567ee5868566/500x500.jpg",
    "productInformation": "Slät och krämig vaniljyoghurt med smak av hallon. Yoghurten är varsamt sockrad med 30 % mindre tillsatt socker än vanliga smaksatta yoghurtar. Passar utmärkt till frukost och mellanmål.",
    "countryText": "",
    "companyText": "Valio",
    "ingrediensText": "Högpastöriserad MJÖLK, socker 5,2%, hallon 1,8%, modifierad potatisstärkelse, aromer, vaniljextrakt, mald vaniljstång, färgämne (rödbetsrött), koncentrerad fläderbärsjuice, yoghurtkultur, Lactobacillus acidophilus, Bifidobacterium sp. och vitamin D.",
    "storage": "Förvaras vid högst +8°C. Öppnad förpackning är hållbar 4-5 dagar i kylskåp.",
    "allergens": "",
    "usage": "Omskakas före användning.",
    "nutrition": [
      {
        "Näringsvärde": "Energi (kcal)",
        "100 Gram": "76 kcal"
      },
      {
        "Näringsvärde": "Energi (kJ)",
        "100 Gram": "320 kJ"
      },
      {
        "Näringsvärde": "Fett",
        "100 Gram": "2.2 g"
      },
      {
        "Näringsvärde": "Varav mättat fett",
        "100 Gram": "1.3 g"
      },
      {
        "Näringsvärde": "Kolhydrat",
        "100 Gram": "9.6 g"
      },
      {
        "Näringsvärde": "Varav sockerarter",
        "100 Gram": "9.4 g"
      },
      {
        "Näringsvärde": "Protein",
        "100 Gram": "3.8 g"
      },
      {
        "Näringsvärde": "Salt",
        "100 Gram": "0.1 g"
      },
      {
        "Näringsvärde": "Vitamin B12",
        "100 Gram": "0.4 µg",
        "% av DRI(*)": "16"
      },
      {
        "Näringsvärde": "Vitamin D",
        "100 Gram": "1 µg",
        "% av DRI(*)": "20"
      },
      {
        "Näringsvärde": "Kalcium",
        "100 Gram": "120 mg",
        "% av DRI(*)": "15"
      }
    ],
    "nutritionUnitText": "Näringsvärde per 100 gram",
    "categories": {
      "mainCategory": "Mejeri & Ost",
      "subCategories": [
        {
          "name": "Yoghurt",
          "subSubCategories": [
            "Smaksatt yoghurt"
          ]
        }
      ]
    }
  },
  {
    "name": "Familjefavoriter Gouda ost mild ca 1,2kg Arla®",
    "weightText": "Ca 1.2 kg",
    "caPart": "Ca",
    "weightValue": 1.2,
    "weightUnit": "kg",
    "comparePrice": "79,90 kr/kg",
    "currentPrice": 95.88,
    "attributes": [
      "Ursprungsland Sverige"
    ],
    "imgUrl": "https://handlaprivatkund.ica.se/images-v3/bf7a00ca-390e-4769-865f-dc369586872e/d9e4ae75-d84d-42fc-832d-cf9fd53d059c/500x500.jpg",
    "productInformation": "Arla® Familjefavoriter - milda och goda ostar för hela familjen. Vår Gouda ost är len i konsistensen och har god sälta och lite syrlighet, fetthalten är 28%. Arla® Familjefavoriter är enkla att hyvla och skära, perfekt pålägg på frukostmackan eller att skära i bitar till fredagsmyset. Tips: när du närmar dig slutet av osten och den blir svårare att hyvla, riv och frys in. Supersmidigt att plocka fram till nästa pizzatillfälle! Symbolen med den blågula mjölkkannan innebär att osten är gjord på 100 procent svensk mjölk.",
    "countryText": "Sverige",
    "companyText": "Arla",
    "ingrediensText": "Pastöriserad MJÖLK, salt, syrningskultur, ystenzym, kalciumklorid.",
    "storage": "",
    "allergens": "",
    "usage": "",
    "nutrition": [
      {
        "Näringsvärde": "Energi (kcal)",
        "100 Gram": "354 kcal"
      },
      {
        "Näringsvärde": "Energi (kJ)",
        "100 Gram": "1471 kJ"
      },
      {
        "Näringsvärde": "Fett",
        "100 Gram": "28 g"
      },
      {
        "Näringsvärde": "Varav mättat fett",
        "100 Gram": "18 g"
      },
      {
        "Näringsvärde": "Kolhydrat",
        "100 Gram": "0 g"
      },
      {
        "Näringsvärde": "Varav sockerarter",
        "100 Gram": "0 g"
      },
      {
        "Näringsvärde": "Protein",
        "100 Gram": "25 g"
      },
      {
        "Näringsvärde": "Salt",
        "100 Gram": "1.4 g"
      }
    ],
    "nutritionUnitText": "Näringsvärde per 100 gram",
    "categories": {
      "mainCategory": "Mejeri & Ost",
      "subCategories": [
        {
          "name": "Ost",
          "subSubCategories": [
            "Påläggsost",
            "Gouda & edamer"
          ]
        }
      ]
    }
  },
  {
    "name": "Creamy Blue Blåmögelost 42% 150g Castello®",
    "weightText": "0.15 kg",
    "caPart": "",
    "weightValue": 0.15,
    "weightUnit": "kg",
    "comparePrice": "193,33 kr/kg",
    "currentPrice": 29,
    "attributes": [],
    "imgUrl": "https://handlaprivatkund.ica.se/images-v3/bf7a00ca-390e-4769-865f-dc369586872e/10ddfb20-c5c6-4c08-8144-a1f504064559/500x500.jpg",
    "productInformation": "Castello® Blue är en krämig ädelost med mild doft och rikligt blåmögelmarmorerad snittyta. Osten kallas även blåmögel och blue cheese. Konsistensen är len, krämig och bredbar. Smaken är mild med tydlig sälta och beska och den utvecklas utan att bli stark. Den långa mogna eftersmaken har inslag av grapefrukt. Castello® Blue är en utmärkt dessertost till din ostbricka. Osten smakar särskilt gott till rågbröd eller rågkex, mogna päron & plommon eller söt marmelad. Servera med humlearomatiskt öl med beska eller ett bärigt och mjukt rött vin.",
    "countryText": "",
    "companyText": "Castello",
    "ingrediensText": "Pastöriserad MJÖLK och GRÄDDE, salt, syrningskultur, ystenzym, blåmögelkultur, mognadskultur.",
    "storage": "",
    "allergens": "",
    "usage": "",
    "nutrition": [
      {
        "Näringsvärde": "Energi (kcal)",
        "100 Gram": "431 kcal"
      },
      {
        "Näringsvärde": "Energi (kJ)",
        "100 Gram": "1779 kJ"
      },
      {
        "Näringsvärde": "Fett",
        "100 Gram": "42 g"
      },
      {
        "Näringsvärde": "Varav mättat fett",
        "100 Gram": "27 g"
      },
      {
        "Näringsvärde": "Kolhydrat",
        "100 Gram": "0.5 g"
      },
      {
        "Näringsvärde": "Varav sockerarter",
        "100 Gram": "0.5 g"
      },
      {
        "Näringsvärde": "Protein",
        "100 Gram": "13 g"
      },
      {
        "Näringsvärde": "Salt",
        "100 Gram": "1.6 g"
      }
    ],
    "nutritionUnitText": "Näringsvärde per 100 gram",
    "categories": {
      "mainCategory": "Mejeri & Ost",
      "subCategories": [
        {
          "name": "Ost",
          "subSubCategories": [
            "Dessertost",
            "Blåmögelost"
          ]
        }
      ]
    }
  },
  {
    "name": "Vaniljyoghurt 2,1% 1000g Valio",
    "weightText": "1 kg",
    "caPart": "",
    "weightValue": 1,
    "weightUnit": "kg",
    "comparePrice": "20,00 kr/kg",
    "currentPrice": 20,
    "attributes": [],
    "imgUrl": "https://handlaprivatkund.ica.se/images-v3/bf7a00ca-390e-4769-865f-dc369586872e/0807a413-7d7d-4308-9ecf-c2bbfb3e0f40/500x500.jpg",
    "productInformation": "Originalet! Valios krämiga vaniljyoghurt original. Yoghurten är varsamt sockrad med 30% mindre tillsatt socker än vanliga smaksatta yoghurtar. Passar utmärkt både till frukost och mellanmål.",
    "countryText": "",
    "companyText": "Valio",
    "ingrediensText": "Högpastöriserad MJÖLK, vatten, socker 5,2%, modifierad potatisstärkelse, aromer, vaniljextrakt, mald vaniljstång, yoghurtkultur, Lactobacillus acidophilus, Bifidobacterium sp. och vitamin D.",
    "storage": "Förvaras vid högst +8°C. Öppnad förpackning är hållbar 4-5 dagar i kylskåp.",
    "allergens": "",
    "usage": "Omskakas före användning.",
    "nutrition": [
      {
        "Näringsvärde": "Energi (kcal)",
        "100 Gram": "74 kcal"
      },
      {
        "Näringsvärde": "Energi (kJ)",
        "100 Gram": "311 kJ"
      },
      {
        "Näringsvärde": "Fett",
        "100 Gram": "2.1 g"
      },
      {
        "Näringsvärde": "Varav mättat fett",
        "100 Gram": "1.2 g"
      },
      {
        "Näringsvärde": "Kolhydrat",
        "100 Gram": "9.5 g"
      },
      {
        "Näringsvärde": "Varav sockerarter",
        "100 Gram": "9.2 g"
      },
      {
        "Näringsvärde": "Protein",
        "100 Gram": "3.6 g"
      },
      {
        "Näringsvärde": "Salt",
        "100 Gram": "0.1 g"
      },
      {
        "Näringsvärde": "Vitamin B12",
        "100 Gram": "0.4 µg",
        "% av DRI(*)": "16"
      },
      {
        "Näringsvärde": "Vitamin D",
        "100 Gram": "1 µg",
        "% av DRI(*)": "20"
      },
      {
        "Näringsvärde": "Kalcium",
        "100 Gram": "120 mg",
        "% av DRI(*)": "15"
      }
    ],
    "nutritionUnitText": "Näringsvärde per 100 gram",
    "categories": {
      "mainCategory": "Mejeri & Ost",
      "subCategories": [
        {
          "name": "Yoghurt",
          "subSubCategories": [
            "Smaksatt yoghurt"
          ]
        }
      ]
    }
  },
  {
    "name": "Lättmjölkdryck Laktosfri 0,5% 1,5l Valio",
    "weightText": "1.5 l",
    "caPart": "",
    "weightValue": 1.5,
    "weightUnit": "l",
    "comparePrice": "13,33 kr/l",
    "currentPrice": 20,
    "attributes": [
      "Nyckelhålet",
      "Laktosfritt"
    ],
    "imgUrl": "https://handlaprivatkund.ica.se/images-v3/bf7a00ca-390e-4769-865f-dc369586872e/ca3b6c3c-fcc0-42c6-b45b-4b1f1d404ed2/500x500.jpg",
    "productInformation": "Hemligheten bakom vår goda mjölkdryck är enkel. Vi har låtit alla naturliga smaker, vitaminer och mineraler vara kvar och endast tagit bort all laktos - för en lättare magkänsla. Fetthalt 0,5%. Njut av vår goda laktosfria mjölk till maten, frukost eller i kaffet.",
    "countryText": "",
    "companyText": "Valio",
    "ingrediensText": "LÄTTMJÖLK, vitamin D, laktas- och proteasenzym.",
    "storage": "Förvaras vid högst +8°C. Öppnad förpackning är hållbar 4-5 dagar i kylskåp.",
    "allergens": "Innehåller Mjölk",
    "usage": "",
    "nutrition": [
      {
        "Näringsvärde": "Energi (kcal)",
        "100 Gram": "30 kcal"
      },
      {
        "Näringsvärde": "Energi (kJ)",
        "100 Gram": "127 kJ"
      },
      {
        "Näringsvärde": "Fett",
        "100 Gram": "0.5 g"
      },
      {
        "Näringsvärde": "Varav mättat fett",
        "100 Gram": "0.3 g"
      },
      {
        "Näringsvärde": "Kolhydrat",
        "100 Gram": "3.1 g"
      },
      {
        "Näringsvärde": "Varav sockerarter",
        "100 Gram": "3.1 g"
      },
      {
        "Näringsvärde": "Protein",
        "100 Gram": "3.3 g"
      },
      {
        "Näringsvärde": "Salt",
        "100 Gram": "0.1 g"
      },
      {
        "Näringsvärde": "Vitamin B12",
        "100 Gram": "0.4 µg",
        "% av DRI(*)": "16"
      },
      {
        "Näringsvärde": "Vitamin D",
        "100 Gram": "2 µg",
        "% av DRI(*)": "40"
      },
      {
        "Näringsvärde": "Riboflavin",
        "100 Gram": "0.19 mg",
        "% av DRI(*)": "13"
      },
      {
        "Näringsvärde": "Kalcium",
        "100 Gram": "120 mg",
        "% av DRI(*)": "15"
      },
      {
        "Näringsvärde": "Jod",
        "100 Gram": "16 µg",
        "% av DRI(*)": "10"
      }
    ],
    "nutritionUnitText": "Näringsvärde per 100 gram",
    "categories": {
      "mainCategory": "Mejeri & Ost",
      "subCategories": [
        {
          "name": "Mjölk",
          "subSubCategories": [
            "Lättmjölk",
            "Lättmjölk, laktosfri"
          ]
        }
      ]
    }
  },
  {
    "name": "Cheddar mild 32% ca 500g Kvibille",
    "weightText": "Ca 0.5 kg",
    "caPart": "Ca",
    "weightValue": 0.5,
    "weightUnit": "kg",
    "comparePrice": "139,00 kr/kg",
    "currentPrice": 69.5,
    "attributes": [
      "Ursprungsland Sverige",
      "Mjölk från Sverige"
    ],
    "imgUrl": "https://handlaprivatkund.ica.se/images-v3/bf7a00ca-390e-4769-865f-dc369586872e/746caf6a-b5c0-461e-847a-0d1d7a4c2ffb/500x500.jpg",
    "productInformation": "Fyllig och smakrik cheddarost som lagrats i sex till åtta månader. Den är svagt syrlig och aromatisk med tydlig sälta och lång, behaglig eftersmak. Kvibille® Cheddar 6 mån 32% passar utmärkt på såväl ostbricka och buffé som i matlagning och på smörgås. Lagrad cheddar är även en klassiker på julbordet. Kvibille® Cheddar 6 månader tillverkas hantverksmässigt på halländska Kvibille mejeri.",
    "countryText": "Sverige",
    "companyText": "Kvibille",
    "ingrediensText": "Pastöriserad svensk MJÖLK, salt, syrningskultur, ystenzym, konserveringsmedel E251, E202.",
    "storage": "",
    "allergens": "",
    "usage": "",
    "nutrition": [
      {
        "Näringsvärde": "Energi (kcal)",
        "100 Gram": "388 kcal"
      },
      {
        "Näringsvärde": "Energi (kJ)",
        "100 Gram": "1607 kJ"
      },
      {
        "Näringsvärde": "Fett",
        "100 Gram": "32 g"
      },
      {
        "Näringsvärde": "Varav mättat fett",
        "100 Gram": "20 g"
      },
      {
        "Näringsvärde": "Kolhydrat",
        "100 Gram": "0 g"
      },
      {
        "Näringsvärde": "Varav sockerarter",
        "100 Gram": "0 g"
      },
      {
        "Näringsvärde": "Protein",
        "100 Gram": "24 g"
      },
      {
        "Näringsvärde": "Salt",
        "100 Gram": "1.3 g"
      }
    ],
    "nutritionUnitText": "Näringsvärde per 100 gram",
    "categories": {
      "mainCategory": "Mejeri & Ost",
      "subCategories": [
        {
          "name": "Ost",
          "subSubCategories": [
            "Påläggsost",
            "Cheddar"
          ]
        }
      ]
    }
  },
  {
    "name": "Vaniljyoghurt Päron slät 2,1% 1000g Valio",
    "weightText": "1 kg",
    "caPart": "",
    "weightValue": 1,
    "weightUnit": "kg",
    "comparePrice": "20,00 kr/kg",
    "currentPrice": 20,
    "attributes": [],
    "imgUrl": "https://handlaprivatkund.ica.se/images-v3/bf7a00ca-390e-4769-865f-dc369586872e/bc1405b5-0953-4263-9d1d-70d30c2cba48/500x500.jpg",
    "productInformation": "Slät och krämig vaniljyoghurt med smak av päron. Yoghurten är varsamt sockrad med 30 % mindre tillsatt socker än vanliga smaksatta yoghurtar. Passar utmärkt både till frukost och mellanmål.",
    "countryText": "",
    "companyText": "Valio",
    "ingrediensText": "Högpastöriserad MJÖLK, socker 5,2%, päron 1,8%, modifierad potatisstärkelse, aromer, vaniljextrakt, mald vaniljstång, yoghurtkultur, Lactobacillus acidophilus, Bifidobacterium sp. och vitamin D.",
    "storage": "Förvaras vid högst +8°C. Öppnad förpackning är hållbar 4-5 dagar i kylskåp.",
    "allergens": "",
    "usage": "Omskakas före användning.",
    "nutrition": [
      {
        "Näringsvärde": "Energi (kcal)",
        "100 Gram": "76 kcal"
      },
      {
        "Näringsvärde": "Energi (kJ)",
        "100 Gram": "321 kJ"
      },
      {
        "Näringsvärde": "Fett",
        "100 Gram": "2.2 g"
      },
      {
        "Näringsvärde": "Varav mättat fett",
        "100 Gram": "1.3 g"
      },
      {
        "Näringsvärde": "Kolhydrat",
        "100 Gram": "9.7 g"
      },
      {
        "Näringsvärde": "Varav sockerarter",
        "100 Gram": "9.5 g"
      },
      {
        "Näringsvärde": "Protein",
        "100 Gram": "3.8 g"
      },
      {
        "Näringsvärde": "Salt",
        "100 Gram": "0.1 g"
      },
      {
        "Näringsvärde": "Vitamin B12",
        "100 Gram": "0.4 µg",
        "% av DRI(*)": "16"
      },
      {
        "Näringsvärde": "Vitamin D",
        "100 Gram": "1 µg",
        "% av DRI(*)": "20"
      },
      {
        "Näringsvärde": "Kalcium",
        "100 Gram": "120 mg",
        "% av DRI(*)": "15"
      }
    ],
    "nutritionUnitText": "Näringsvärde per 100 gram",
    "categories": {
      "mainCategory": "Mejeri & Ost",
      "subCategories": [
        {
          "name": "Yoghurt",
          "subSubCategories": [
            "Smaksatt yoghurt"
          ]
        }
      ]
    }
  },
  {
    "name": "Vaniljyoghurt Sommarbär 2,1% 1000g Valio",
    "weightText": "1 kg",
    "caPart": "",
    "weightValue": 1,
    "weightUnit": "kg",
    "comparePrice": "20,00 kr/kg",
    "currentPrice": 20,
    "attributes": [],
    "imgUrl": "https://handlaprivatkund.ica.se/images-v3/bf7a00ca-390e-4769-865f-dc369586872e/a1d0c60b-28d3-405b-9167-379fc96a4102/500x500.jpg",
    "productInformation": "Valio Vanilj Klassisk Sommarbär är en krämig och smakrik yoghurt med vårt klassiska recept sedan 2002. I perfekt harmoni, len mjuk vanilj med sommarens godaste bär: jordgubbar och smultron. En perfekt frukost till hela familjen eller som ett gott mellanmål.",
    "countryText": "",
    "companyText": "Valio",
    "ingrediensText": "Högpastöriserad MJÖLK, socker 8,0%, jordgubbar 2,4%, jordgubbspuré 0,7%, smultron 0,4%, modifierad majsstärkelse, förtjockningsmedel (guarkärnmjöl), aromer, vaniljextrakt, färgämne (rödbetsrött), yoghurtkultur, Lactobacillus acidophilus, Bifidobacterium sp. och D-vitamin.",
    "storage": "Förvaras vid högst +8°C. Öppnad förpackning är hållbar 4-5 dagar i kylskåp.",
    "allergens": "",
    "usage": "Omskakas före användning.",
    "nutrition": [
      {
        "Näringsvärde": "Energi (kcal)",
        "100 Gram": "88 kcal"
      },
      {
        "Näringsvärde": "Energi (kJ)",
        "100 Gram": "370 kJ"
      },
      {
        "Näringsvärde": "Fett",
        "100 Gram": "2.1 g"
      },
      {
        "Näringsvärde": "Varav mättat fett",
        "100 Gram": "1.2 g"
      },
      {
        "Näringsvärde": "Kolhydrat",
        "100 Gram": "13 g"
      },
      {
        "Näringsvärde": "Varav sockerarter",
        "100 Gram": "12 g"
      },
      {
        "Näringsvärde": "Protein",
        "100 Gram": "3.6 g"
      },
      {
        "Näringsvärde": "Salt",
        "100 Gram": "0.1 g"
      },
      {
        "Näringsvärde": "Vitamin B12",
        "100 Gram": "0.4 µg",
        "% av DRI(*)": "16"
      },
      {
        "Näringsvärde": "Vitamin D",
        "100 Gram": "1 µg",
        "% av DRI(*)": "20"
      },
      {
        "Näringsvärde": "Kalcium",
        "100 Gram": "120 mg",
        "% av DRI(*)": "15"
      }
    ],
    "nutritionUnitText": "Näringsvärde per 100 gram",
    "categories": {
      "mainCategory": "Mejeri & Ost",
      "subCategories": [
        {
          "name": "Yoghurt",
          "subSubCategories": [
            "Smaksatt yoghurt"
          ]
        }
      ]
    }
  },
  {
    "name": "Proteinmilkshake Chocolate 330ml Barebells",
    "weightText": "0.33 l",
    "caPart": "",
    "weightValue": 0.33,
    "weightUnit": "l",
    "comparePrice": "77,27 kr/l",
    "currentPrice": 25.5,
    "attributes": [
      "Laktosfritt"
    ],
    "imgUrl": "https://handlaprivatkund.ica.se/images-v3/bf7a00ca-390e-4769-865f-dc369586872e/9e02c287-d751-433b-8e1f-9bd07bd60b9e/500x500.jpg",
    "productInformation": "Proteinrik milkshake med smak av choklad. Innehåller sötningsmedel.",
    "countryText": "",
    "companyText": "Barebells",
    "ingrediensText": "MJÖLK/MÆLK (64 %), MJÖLK-/MÆLK-/MELKPROTEINKONCENTRAT (31 %), vatten/vand, kakao (1 %), stabiliseringsmedel/stabilisator (cellulosa, cellulosagummi, karragenan), surhetsreglerande medel (natriumfosfat), sötningsmedel/sødestoffer (acesulfam-K, sukralos), laktas, aromer/aromaer.",
    "storage": "",
    "allergens": "Innehåller Mjölk",
    "usage": "",
    "nutrition": [
      {
        "Näringsvärde": "Energi (kcal)",
        "100 Milliliter": "57 kcal"
      },
      {
        "Näringsvärde": "Energi (kJ)",
        "100 Milliliter": "240 kJ"
      },
      {
        "Näringsvärde": "Fett",
        "100 Milliliter": "1.3 g"
      },
      {
        "Näringsvärde": "Varav mättat fett",
        "100 Milliliter": "0.8 g"
      },
      {
        "Näringsvärde": "Kolhydrat",
        "100 Milliliter": "3.6 g"
      },
      {
        "Näringsvärde": "Varav sockerarter",
        "100 Milliliter": "3.5 g"
      },
      {
        "Näringsvärde": "Protein",
        "100 Milliliter": "7.3 g"
      },
      {
        "Näringsvärde": "Salt",
        "100 Milliliter": "0.2 g"
      },
      {
        "Näringsvärde": "Natrium",
        "100 Milliliter": "80 mg"
      }
    ],
    "nutritionUnitText": "",
    "categories": {
      "mainCategory": "Mejeri & Ost",
      "subCategories": [
        {
          "name": "Kylda mellanmål & desserter",
          "subSubCategories": [
            "Färdig proteindryck"
          ]
        }
      ]
    }
  },
  {
    "name": "Munkens Svarta skivad ost 31% 150g Wästgöta Kloster",
    "weightText": "0.15 kg",
    "caPart": "",
    "weightValue": 0.15,
    "weightUnit": "kg",
    "comparePrice": "200,00 kr/kg",
    "currentPrice": 30,
    "attributes": [
      "Ursprungsland Sverige"
    ],
    "imgUrl": "https://handlaprivatkund.ica.se/images-v3/bf7a00ca-390e-4769-865f-dc369586872e/78754ce3-343c-4e1c-b068-ab8c40dabe59/500x500.jpg",
    "productInformation": "Wästgöta Kloster® - för god att avstå! Munkens Svarta 31% är en grynpipig hårdost med karaktäristisk smak, rund och balanserad och ett stänk av pigg syrlighet och sälta. Färdigskivad ost är perfekt pålägg och att ta med på utflyken, enklare kan det inte bli! Symbolen med den blågula mjölkkannan garanterar 100 procent svensk mjölk.",
    "countryText": "Sverige",
    "companyText": "Wästgöta Kloster",
    "ingrediensText": "Pastöriserad MJÖLK, salt, syrningskultur, ystenzym, kalciumklorid.",
    "storage": "",
    "allergens": "",
    "usage": "",
    "nutrition": [
      {
        "Näringsvärde": "Energi (kcal)",
        "100 Gram": "384 kcal"
      },
      {
        "Näringsvärde": "Energi (kJ)",
        "100 Gram": "1594 kJ"
      },
      {
        "Näringsvärde": "Fett",
        "100 Gram": "31 g"
      },
      {
        "Näringsvärde": "Varav mättat fett",
        "100 Gram": "20 g"
      },
      {
        "Näringsvärde": "Kolhydrat",
        "100 Gram": "0 g"
      },
      {
        "Näringsvärde": "Varav sockerarter",
        "100 Gram": "0 g"
      },
      {
        "Näringsvärde": "Protein",
        "100 Gram": "25 g"
      },
      {
        "Näringsvärde": "Salt",
        "100 Gram": "1.2 g"
      },
      {
        "Näringsvärde": "Vitamin B12",
        "100 Gram": "1.4 µg",
        "% av DRI(*)": "56"
      },
      {
        "Näringsvärde": "Kalcium",
        "100 Gram": "756 mg",
        "% av DRI(*)": "95"
      }
    ],
    "nutritionUnitText": "Näringsvärde per 100 gram",
    "categories": {
      "mainCategory": "Mejeri & Ost",
      "subCategories": [
        {
          "name": "Ost",
          "subSubCategories": [
            "Påläggsost",
            "Skivad ost"
          ]
        }
      ]
    }
  },
  {
    "name": "Präst mellanlagrad skivad 31% 150g Arla Ko",
    "weightText": "0.15 kg",
    "caPart": "",
    "weightValue": 0.15,
    "weightUnit": "kg",
    "comparePrice": "200,00 kr/kg",
    "currentPrice": 30,
    "attributes": [
      "Ursprungsland Sverige"
    ],
    "imgUrl": "https://handlaprivatkund.ica.se/images-v3/bf7a00ca-390e-4769-865f-dc369586872e/2dff3ae4-a630-4602-867a-8fdfa406b46f/500x500.jpg",
    "productInformation": "Vår goda Arla Ko® Präst® 31% skivad är härligt gräddig, med inslag av sälta, behaglig beska och sötma. En skivad ost, perfekt som pålägg. Präst® har sina rötter i 1700-talets Småland. Namnet kommer av att osten fungerade som betalningsmedel när det var dags att betala kyrkoskatt till prästen. Vid ystningen tillsatte man lite extra grädde för att blidka prästen och än i dag är Präst® lite fetare än andra ostar. Vår Präst® görs på Kalmar mejeri på färsk mjölk från Öland och Småland. Varumärket Arla Ko® garanterar att osten är gjord på 100 procent svensk mjölk.",
    "countryText": "Sverige",
    "companyText": "Arla Ko",
    "ingrediensText": "Pastöriserad MJÖLK, salt, syrningskultur, ystenzym, kalciumklorid, konserveringsmedel E202.",
    "storage": "",
    "allergens": "",
    "usage": "",
    "nutrition": [
      {
        "Näringsvärde": "Energi (kcal)",
        "100 Gram": "384 kcal"
      },
      {
        "Näringsvärde": "Energi (kJ)",
        "100 Gram": "1594 kJ"
      },
      {
        "Näringsvärde": "Fett",
        "100 Gram": "31 g"
      },
      {
        "Näringsvärde": "Varav mättat fett",
        "100 Gram": "20 g"
      },
      {
        "Näringsvärde": "Kolhydrat",
        "100 Gram": "0 g"
      },
      {
        "Näringsvärde": "Varav sockerarter",
        "100 Gram": "0 g"
      },
      {
        "Näringsvärde": "Protein",
        "100 Gram": "25 g"
      },
      {
        "Näringsvärde": "Salt",
        "100 Gram": "1.2 g"
      },
      {
        "Näringsvärde": "Vitamin B12",
        "100 Gram": "1.4 µg",
        "% av DRI(*)": "56"
      },
      {
        "Näringsvärde": "Kalcium",
        "100 Gram": "756 mg",
        "% av DRI(*)": "95"
      }
    ],
    "nutritionUnitText": "Näringsvärde per 100 gram",
    "categories": {
      "mainCategory": "Mejeri & Ost",
      "subCategories": [
        {
          "name": "Ost",
          "subSubCategories": [
            "Påläggsost",
            "Skivad ost"
          ]
        }
      ]
    }
  },
  {
    "name": "Ost Mild & Krämig 17% skivad 150g Arla",
    "weightText": "0.15 kg",
    "caPart": "",
    "weightValue": 0.15,
    "weightUnit": "kg",
    "comparePrice": "200,00 kr/kg",
    "currentPrice": 30,
    "attributes": [
      "Nyckelhålet",
      "Ursprungsland Sverige"
    ],
    "imgUrl": "https://handlaprivatkund.ica.se/images-v3/bf7a00ca-390e-4769-865f-dc369586872e/a5311b99-a00e-4d91-a3d8-8ca6bc63adb8/500x500.jpg",
    "productInformation": "Information från leverantör \n Arla® Naturligt Näringsrik Ost – Mild&Krämig 17% – är en ost med mild och krämig smak och smidig konsistens. Osten är naturligt näringsrik med ett högt innehåll av protein (29%), kalcium, vitamin B12 och zink. Färdiga skivor är perfekta som pålägg, ostrullar, eller som snack. Du kan enkelt fylla på med näringsämnen och energi för en aktiv livsstil, utan att kompromissa med smaken. Osten är nyckelhålsmärkt för dig som söker magrare ost (17% fetthalt) och är gjord på 100 pro-cent svensk mjölk.",
    "countryText": "Sverige",
    "companyText": "Arla",
    "ingrediensText": "Pastöriserad MJÖLK, salt, syrningskultur, ystenzym, kalciumklorid.",
    "storage": "",
    "allergens": "",
    "usage": "",
    "nutrition": [
      {
        "Näringsvärde": "Energi (kcal)",
        "100 Gram": "274 kcal"
      },
      {
        "Näringsvärde": "Energi (kJ)",
        "100 Gram": "1142 kJ"
      },
      {
        "Näringsvärde": "Fett",
        "100 Gram": "17 g"
      },
      {
        "Näringsvärde": "Varav mättat fett",
        "100 Gram": "11 g"
      },
      {
        "Näringsvärde": "Kolhydrat",
        "100 Gram": "0 g"
      },
      {
        "Näringsvärde": "Varav sockerarter",
        "100 Gram": "0 g"
      },
      {
        "Näringsvärde": "Protein",
        "100 Gram": "29 g"
      },
      {
        "Näringsvärde": "Salt",
        "100 Gram": "1.2 g"
      },
      {
        "Näringsvärde": "Vitamin B12",
        "100 Gram": "1.8 µg",
        "% av DRI(*)": "72"
      },
      {
        "Näringsvärde": "Kalcium",
        "100 Gram": "872 mg",
        "% av DRI(*)": "109"
      },
      {
        "Näringsvärde": "Zink",
        "100 Gram": "4.3 mg",
        "% av DRI(*)": "43"
      }
    ],
    "nutritionUnitText": "Näringsvärde per 100 gram",
    "categories": {
      "mainCategory": "Mejeri & Ost",
      "subCategories": [
        {
          "name": "Ost",
          "subSubCategories": [
            "Påläggsost",
            "Skivad ost"
          ]
        }
      ]
    }
  },
  {
    "name": "Cheddar Krämig Lagrad utan vax ca 750g Kvibille",
    "weightText": "Ca 0.75 kg",
    "caPart": "Ca",
    "weightValue": 0.75,
    "weightUnit": "kg",
    "comparePrice": "139,00 kr/kg",
    "currentPrice": 104.25,
    "attributes": [
      "Ursprungsland Sverige",
      "Mjölk från Sverige"
    ],
    "imgUrl": "https://handlaprivatkund.ica.se/images-v3/bf7a00ca-390e-4769-865f-dc369586872e/d134547f-fb74-41ea-abc4-a7b6dce5ac76/500x500.jpg",
    "productInformation": "Krämig cheddarost med mogen och intensiv smak. Att den är krämigare än en klassisk cheddar beror på att den inte lagras med bomullsväv som drar ut vätskan ur osten. Smaken är rik med en härlig balans av syra och sötma. Osten passar utmärkt på såväl ostbricka och buffé som i matlagning och på smörgås. Kvibille Cheddar tillverkas hantverksmässigt på halländska Kvibille mejeri.",
    "countryText": "Sverige",
    "companyText": "Kvibille",
    "ingrediensText": "Pastöriserad svensk MJÖLK, salt, syrningskultur, ystenzym, konserveringsmedel E251, E202.",
    "storage": "",
    "allergens": "",
    "usage": "",
    "nutrition": [
      {
        "Näringsvärde": "Energi (kcal)",
        "100 Gram": "388 kcal"
      },
      {
        "Näringsvärde": "Energi (kJ)",
        "100 Gram": "1607 kJ"
      },
      {
        "Näringsvärde": "Fett",
        "100 Gram": "32 g"
      },
      {
        "Näringsvärde": "Varav mättat fett",
        "100 Gram": "20 g"
      },
      {
        "Näringsvärde": "Kolhydrat",
        "100 Gram": "0 g"
      },
      {
        "Näringsvärde": "Varav sockerarter",
        "100 Gram": "0 g"
      },
      {
        "Näringsvärde": "Protein",
        "100 Gram": "24 g"
      },
      {
        "Näringsvärde": "Salt",
        "100 Gram": "1.3 g"
      }
    ],
    "nutritionUnitText": "Näringsvärde per 100 gram",
    "categories": {
      "mainCategory": "Mejeri & Ost",
      "subCategories": [
        {
          "name": "Ost",
          "subSubCategories": [
            "Påläggsost",
            "Cheddar"
          ]
        }
      ]
    }
  },
  {
    "name": "Smör & Raps Normalsaltat Mindre 40% 500g Bregott®",
    "weightText": "0.5 kg",
    "caPart": "",
    "weightValue": 0.5,
    "weightUnit": "kg",
    "comparePrice": "90,00 kr/kg",
    "currentPrice": 45,
    "attributes": [
      "Ursprungsland Sverige"
    ],
    "imgUrl": "https://handlaprivatkund.ica.se/images-v3/bf7a00ca-390e-4769-865f-dc369586872e/7a904005-e4e6-4ba8-b164-c2cc0bc81717/500x500.jpg",
    "productInformation": "Mycket smak med lägre fetthalt. Bregott® Mindre är ett smakrikt alternativ med god och fyllig smak, men med betydligt mindre fett. Grädden finns med för den goda smakens skull och rapsoljan gör det lättare att bre på brödet. Bregott® Mindre gör sig allra bäst på smörgåsen. Symbolen med den blågula gräddkannan garanterar att produkten är gjord på 100 procent svensk grädde.",
    "countryText": "Sverige",
    "companyText": "Bregott",
    "ingrediensText": "Vatten, SMÖR (pastöriserad GRÄDDE, mjölksyrakultur), rapsolja, modifierad stärkelse, salt, konserveringsmedel (kaliumsorbat), vitamin A och D.",
    "storage": "Bör förvaras vid högst +8ºC. Lägsta förvaringstemperatur 2°C Högsta förvaringstemperatur 8°C",
    "allergens": "Innehåller Mjölk",
    "usage": "",
    "nutrition": [
      {
        "Näringsvärde": "Energi (kcal)",
        "100 Gram": "381 kcal"
      },
      {
        "Näringsvärde": "Energi (kJ)",
        "100 Gram": "1568 kJ"
      },
      {
        "Näringsvärde": "Fett",
        "100 Gram": "40 g"
      },
      {
        "Näringsvärde": "Varav fleromättat fett",
        "100 Gram": "5.7 g"
      },
      {
        "Näringsvärde": "Varav mättat fett",
        "100 Gram": "15 g"
      },
      {
        "Näringsvärde": "Varav enkelomättat fett",
        "100 Gram": "16 g"
      },
      {
        "Näringsvärde": "Kolhydrat",
        "100 Gram": "4.9 g"
      },
      {
        "Näringsvärde": "Varav sockerarter",
        "100 Gram": "0.4 g"
      },
      {
        "Näringsvärde": "Protein",
        "100 Gram": "0.3 g"
      },
      {
        "Näringsvärde": "Salt",
        "100 Gram": "1 g"
      },
      {
        "Näringsvärde": "Vitamin A",
        "100 Gram": "900 µg",
        "% av DRI(*)": "113"
      },
      {
        "Näringsvärde": "Vitamin D",
        "100 Gram": "20 µg",
        "% av DRI(*)": "400"
      }
    ],
    "nutritionUnitText": "Näringsvärde per 100 gram",
    "categories": {
      "mainCategory": "Mejeri & Ost",
      "subCategories": [
        {
          "name": "Smör & Margarin",
          "subSubCategories": [
            "Bordsask smör"
          ]
        }
      ]
    }
  },
  {
    "name": "Vaniljyoghurt Passionsfrukt Slät 2,2% 1000g Valio",
    "weightText": "1 kg",
    "caPart": "",
    "weightValue": 1,
    "weightUnit": "kg",
    "comparePrice": "20,00 kr/kg",
    "currentPrice": 20,
    "attributes": [],
    "imgUrl": "https://handlaprivatkund.ica.se/images-v3/bf7a00ca-390e-4769-865f-dc369586872e/7d143101-7b2b-45d0-bfcd-fb3964a0d94c/500x500.jpg",
    "productInformation": "",
    "countryText": "",
    "companyText": "Valio",
    "ingrediensText": "Högpastöriserad MJÖLK, socker 5,2 %, passionsfruktsjuice från koncentrat 2,0 %, modifierad stärkelse, aromer, färgämne (karotener), vaniljextrakt, mald vaniljstång, yoghurtkultur, Lactobacillus acidophilus, Bifidobacterium sp. och vitamin D.",
    "storage": "Förvaras vid högst +8°C. Öppnad förpackning är hållbar 4-5 dagar i kylskåp.",
    "allergens": "",
    "usage": "Omskakas före användning.",
    "nutrition": [
      {
        "Näringsvärde": "Energi (kcal)",
        "100 Gram": "76 kcal"
      },
      {
        "Näringsvärde": "Energi (kJ)",
        "100 Gram": "321 kJ"
      },
      {
        "Näringsvärde": "Fett",
        "100 Gram": "2.2 g"
      },
      {
        "Näringsvärde": "Varav mättat fett",
        "100 Gram": "1.3 g"
      },
      {
        "Näringsvärde": "Kolhydrat",
        "100 Gram": "9.7 g"
      },
      {
        "Näringsvärde": "Varav sockerarter",
        "100 Gram": "9.5 g"
      },
      {
        "Näringsvärde": "Protein",
        "100 Gram": "3.8 g"
      },
      {
        "Näringsvärde": "Salt",
        "100 Gram": "0.11 g"
      },
      {
        "Näringsvärde": "Vitamin D",
        "100 Gram": "1 µg",
        "% av DRI(*)": "20"
      },
      {
        "Näringsvärde": "Kalcium",
        "100 Gram": "120 mg",
        "% av DRI(*)": "15"
      }
    ],
    "nutritionUnitText": "Näringsvärde per 100 gram",
    "categories": {
      "mainCategory": "Mejeri & Ost",
      "subCategories": [
        {
          "name": "Yoghurt",
          "subSubCategories": [
            "Smaksatt yoghurt"
          ]
        }
      ]
    }
  },
  {
    "name": "Yoghurt Vanilj 2,1% 1l Valio",
    "weightText": "1 kg",
    "caPart": "",
    "weightValue": 1,
    "weightUnit": "kg",
    "comparePrice": "20,00 kr/kg",
    "currentPrice": 20,
    "attributes": [],
    "imgUrl": "https://handlaprivatkund.ica.se/images-v3/bf7a00ca-390e-4769-865f-dc369586872e/b51e93df-78d7-4675-b96f-bb5b9986c720/500x500.jpg",
    "productInformation": "Valio Vanilj ? Klassisk Original är en krämig och smakrik vaniljyoghurt med vårt klassiska recept sedan 2002. Vi erbjuder favoriten Valio Vanilj ? Original med 30 % mindre tillsatt socker än vanliga smaksatta yoghurter och nu också Valio Vanilj ? Klassisk Original ? Valio Vanilj för alla smaker! Passar utmärkt både till frukost och mellanmål.",
    "countryText": "",
    "companyText": "Valio",
    "ingrediensText": "Högpastöriserad MJÖLK, vatten, socker 8%, förtjockningsmedel (modifierad majsstärkelse, guarkärnmjöl), aromer, vaniljextrakt, yoghurtkultur, Lactobacillus acidophilus, Bifidobacterium sp. och D-vitamin.",
    "storage": "Förvaras vid högst +8°C. Öppnad förpackning är hållbar 4-5 dagar i kylskåp.",
    "allergens": "",
    "usage": "Omskakas före användning.",
    "nutrition": [
      {
        "Näringsvärde": "Energi (kcal)",
        "100 Gram": "85 kcal"
      },
      {
        "Näringsvärde": "Energi (kJ)",
        "100 Gram": "353 kJ"
      },
      {
        "Näringsvärde": "Fett",
        "100 Gram": "2.1 g"
      },
      {
        "Näringsvärde": "Varav mättat fett",
        "100 Gram": "1.2 g"
      },
      {
        "Näringsvärde": "Kolhydrat",
        "100 Gram": "12 g"
      },
      {
        "Näringsvärde": "Varav sockerarter",
        "100 Gram": "12 g"
      },
      {
        "Näringsvärde": "Protein",
        "100 Gram": "3.6 g"
      },
      {
        "Näringsvärde": "Salt",
        "100 Gram": "0.1 g"
      },
      {
        "Näringsvärde": "Vitamin B12",
        "100 Gram": "0.4 µg",
        "% av DRI(*)": "16"
      },
      {
        "Näringsvärde": "Vitamin D",
        "100 Gram": "1 µg",
        "% av DRI(*)": "20"
      },
      {
        "Näringsvärde": "Kalcium",
        "100 Gram": "120 mg",
        "% av DRI(*)": "15"
      }
    ],
    "nutritionUnitText": "Näringsvärde per 100 gram",
    "categories": {
      "mainCategory": "Mejeri & Ost",
      "subCategories": [
        {
          "name": "Yoghurt",
          "subSubCategories": [
            "Smaksatt yoghurt"
          ]
        }
      ]
    }
  },
  {
    "name": "Vaniljyoghurt Morotskaka 2,2% 1000g Valio",
    "weightText": "1 kg",
    "caPart": "",
    "weightValue": 1,
    "weightUnit": "kg",
    "comparePrice": "20,00 kr/kg",
    "currentPrice": 20,
    "attributes": [],
    "imgUrl": "https://handlaprivatkund.ica.se/images-v3/bf7a00ca-390e-4769-865f-dc369586872e/7a41b80c-7a34-4541-bbf9-b25289f54f3f/500x500.jpg",
    "productInformation": "Njut av en god och härligt krämig vaniljyoghurt med smak av morotskaka, en dröm för alla som letar efter en yoghurt med det lilla extra! Denna limited edition yoghurt är lika god till frukost, mellanmål eller varför inte som en efterrätt på kvällen. Innehåller även bakteriekulturerna Acidophilus och Bifido samt vitamin D.",
    "countryText": "",
    "companyText": "Valio",
    "ingrediensText": "Högpastöriserad MJÖLK, socker 5,2 %, morotsjuice från koncentrat 5,0 %, modifierad stärkelse, aromer, vaniljextrakt, mald vaniljstång, kanel, kardemumma, yoghurtkultur, Lactobacillus acidophilus, Bifidobacterium sp. och D-vitamin.",
    "storage": "Förvaras vid högst +8°C. Öppnad förpackning är hållbar 4-5 dagar i kylskåp. Lägsta förvaringstemperatur 2°C Högsta förvaringstemperatur 8°C",
    "allergens": "",
    "usage": "Omskakas före användning.",
    "nutrition": [
      {
        "Näringsvärde": "Energi (kcal)",
        "100 Gram": "76 kcal"
      },
      {
        "Näringsvärde": "Energi (kJ)",
        "100 Gram": "321 kJ"
      },
      {
        "Näringsvärde": "Fett",
        "100 Gram": "2.2 g"
      },
      {
        "Näringsvärde": "Varav mättat fett",
        "100 Gram": "1.3 g"
      },
      {
        "Näringsvärde": "Kolhydrat",
        "100 Gram": "9.7 g"
      },
      {
        "Näringsvärde": "Varav sockerarter",
        "100 Gram": "9.5 g"
      },
      {
        "Näringsvärde": "Protein",
        "100 Gram": "3.8 g"
      },
      {
        "Näringsvärde": "Salt",
        "100 Gram": "0.1 g"
      },
      {
        "Näringsvärde": "Vitamin D",
        "100 Gram": "1 µg",
        "% av DRI(*)": "20"
      },
      {
        "Näringsvärde": "Kalcium",
        "100 Gram": "120 mg",
        "% av DRI(*)": "15"
      }
    ],
    "nutritionUnitText": "Näringsvärde per 100 gram",
    "categories": {
      "mainCategory": "Mejeri & Ost",
      "subCategories": [
        {
          "name": "Yoghurt",
          "subSubCategories": [
            "Smaksatt yoghurt"
          ]
        }
      ]
    }
  },
  {
    "name": "Vaniljyoghurt Blåbär 2,1% 1000g Valio",
    "weightText": "1 kg",
    "caPart": "",
    "weightValue": 1,
    "weightUnit": "kg",
    "comparePrice": "20,00 kr/kg",
    "currentPrice": 20,
    "attributes": [],
    "imgUrl": "https://handlaprivatkund.ica.se/images-v3/bf7a00ca-390e-4769-865f-dc369586872e/e2932fe4-0cf3-492d-a701-b329315d6a85/500x500.jpg",
    "productInformation": "Blåbär har en frisk och lite söt smak. Bäret är rikt på vitaminer och antioxidanter, och det är antioxidanten antocyanin som ger blåbären sin blå färg. Yoghurten är varsamt sockrad med 30 % mindre tillsatt socker än vanliga smaksatta yoghurtar. Passar utmärkt till frukost eller mellanmål.",
    "countryText": "",
    "companyText": "Valio",
    "ingrediensText": "Högpastöriserad MJÖLK, vatten, socker 5,2%, blåbär 3%, lingon 0,5%, modifierad potatisstärkelse, aromer, vaniljextrakt, mald vaniljstång, yoghurtkultur, Lactobacillus acidophilus, Bifidobacterium sp. och vitamin D.",
    "storage": "Förvaras vid högst +8°C. Öppnad förpackning är hållbar 4-5 dagar i kylskåp.",
    "allergens": "",
    "usage": "Omskakas före användning.",
    "nutrition": [
      {
        "Näringsvärde": "Energi (kcal)",
        "100 Gram": "74 kcal"
      },
      {
        "Näringsvärde": "Energi (kJ)",
        "100 Gram": "313 kJ"
      },
      {
        "Näringsvärde": "Fett",
        "100 Gram": "2.1 g"
      },
      {
        "Näringsvärde": "Varav mättat fett",
        "100 Gram": "1.2 g"
      },
      {
        "Näringsvärde": "Kolhydrat",
        "100 Gram": "9.7 g"
      },
      {
        "Näringsvärde": "Varav sockerarter",
        "100 Gram": "9.5 g"
      },
      {
        "Näringsvärde": "Protein",
        "100 Gram": "3.6 g"
      },
      {
        "Näringsvärde": "Salt",
        "100 Gram": "0.1 g"
      },
      {
        "Näringsvärde": "Vitamin B12",
        "100 Gram": "0.4 µg",
        "% av DRI(*)": "16"
      },
      {
        "Näringsvärde": "Vitamin D",
        "100 Gram": "1 µg",
        "% av DRI(*)": "20"
      },
      {
        "Näringsvärde": "Kalcium",
        "100 Gram": "120 mg",
        "% av DRI(*)": "15"
      }
    ],
    "nutritionUnitText": "Näringsvärde per 100 gram",
    "categories": {
      "mainCategory": "Mejeri & Ost",
      "subCategories": [
        {
          "name": "Yoghurt",
          "subSubCategories": [
            "Smaksatt yoghurt"
          ]
        }
      ]
    }
  },
  {
    "name": "White Vitmögelost 39% 150g Castello®",
    "weightText": "0.15 kg",
    "caPart": "",
    "weightValue": 0.15,
    "weightUnit": "kg",
    "comparePrice": "193,33 kr/kg",
    "currentPrice": 29,
    "attributes": [],
    "imgUrl": "https://handlaprivatkund.ica.se/images-v3/bf7a00ca-390e-4769-865f-dc369586872e/07ebfcf4-0884-4090-98ee-6012196438c5/500x500.jpg",
    "productInformation": "Aromatiskt och friskt syrligt doftande vitmögelost med tydligt inslag av honung och sommaräng. Ostens skal är matt vitt, snittytan är krämvit och konsistensen mjukt krämig. Castello® Creamy White 39 % har en fyllig smak med tydlig syrlighet och toner av smör, grädde och aningen beska. Eftersmaken är lång, mild och balanserad. Castello White smakar utmärkt till exempelvis stenugnsbakat bröd, nötter, päron, plommon och persikor. Självklart är det även en trevlig ost till ostbricka.",
    "countryText": "",
    "companyText": "Castello",
    "ingrediensText": "Pastöriserad MJÖLK och GRÄDDE, salt, syrningskultur, ystenzym, vitmögelkultur.",
    "storage": "",
    "allergens": "",
    "usage": "",
    "nutrition": [
      {
        "Näringsvärde": "Energi (kcal)",
        "100 Gram": "410 kcal"
      },
      {
        "Näringsvärde": "Energi (kJ)",
        "100 Gram": "1692 kJ"
      },
      {
        "Näringsvärde": "Fett",
        "100 Gram": "39 g"
      },
      {
        "Näringsvärde": "Varav mättat fett",
        "100 Gram": "25 g"
      },
      {
        "Näringsvärde": "Kolhydrat",
        "100 Gram": "0.5 g"
      },
      {
        "Näringsvärde": "Varav sockerarter",
        "100 Gram": "0.5 g"
      },
      {
        "Näringsvärde": "Protein",
        "100 Gram": "14 g"
      },
      {
        "Näringsvärde": "Salt",
        "100 Gram": "1.5 g"
      }
    ],
    "nutritionUnitText": "Näringsvärde per 100 gram",
    "categories": {
      "mainCategory": "Mejeri & Ost",
      "subCategories": [
        {
          "name": "Ost",
          "subSubCategories": [
            "Dessertost",
            "Vitmögelost"
          ]
        }
      ]
    }
  },
  {
    "name": "Marquis Kittost 42% 150g Castello®",
    "weightText": "0.15 kg",
    "caPart": "",
    "weightValue": 0.15,
    "weightUnit": "kg",
    "comparePrice": "193,33 kr/kg",
    "currentPrice": 29,
    "attributes": [],
    "imgUrl": "https://handlaprivatkund.ica.se/images-v3/bf7a00ca-390e-4769-865f-dc369586872e/18625030-d63e-4386-bd0d-73b8c42f5d42/500x500.jpg",
    "productInformation": "Ost av typen Castello® Marquis, perfekt på ostbricka. Njut av en fyllig, aromatisk ost med smakinslag av svamp, smör och sälta. Eftersmaken är något syrlig med en ton av beska. Doften för tankarna till varm mjölk och rotfrukter. Castello® Marquis 42% har vitmögelpudrad orange yta, svagt gul snittyta och tydliga strängar av vitt mögel. Dessertosten har en mjuk och krämig konsistens.",
    "countryText": "",
    "companyText": "Castello",
    "ingrediensText": "Pastöriserad MJÖLK och GRÄDDE, salt, syrningskultur, ystenzym, mögelkultur, mogningskultur, rödkittkultur.",
    "storage": "",
    "allergens": "",
    "usage": "",
    "nutrition": [
      {
        "Näringsvärde": "Energi (kcal)",
        "100 Gram": "433 kcal"
      },
      {
        "Näringsvärde": "Energi (kJ)",
        "100 Gram": "1786 kJ"
      },
      {
        "Näringsvärde": "Fett",
        "100 Gram": "42 g"
      },
      {
        "Näringsvärde": "Varav mättat fett",
        "100 Gram": "27 g"
      },
      {
        "Näringsvärde": "Kolhydrat",
        "100 Gram": "0.5 g"
      },
      {
        "Näringsvärde": "Varav sockerarter",
        "100 Gram": "0.5 g"
      },
      {
        "Näringsvärde": "Protein",
        "100 Gram": "13 g"
      },
      {
        "Näringsvärde": "Salt",
        "100 Gram": "1.6 g"
      }
    ],
    "nutritionUnitText": "Näringsvärde per 100 gram",
    "categories": {
      "mainCategory": "Mejeri & Ost",
      "subCategories": [
        {
          "name": "Ost",
          "subSubCategories": [
            "Dessertost",
            "Kittost"
          ]
        }
      ]
    }
  },
  {
    "name": "Familjefavoriter Edamer mild 23% ca 1,2kg Arla",
    "weightText": "Ca 1.2 kg",
    "caPart": "Ca",
    "weightValue": 1.2,
    "weightUnit": "kg",
    "comparePrice": "79,90 kr/kg",
    "currentPrice": 95.88,
    "attributes": [
      "Ursprungsland Sverige"
    ],
    "imgUrl": "https://handlaprivatkund.ica.se/images-v3/bf7a00ca-390e-4769-865f-dc369586872e/afbdc104-d619-421f-8a52-f2641788555f/500x500.jpg",
    "productInformation": "Arla® Familjefavoriter - milda och goda ostar för hela familjen. Enkla att hyvla och skära, perfekt som pålägg eller att skära i bitar till fredagsmyset. Vår Edamer är fast och smidig i konsistensen och smakar lite salt och smörigt, fetthalten är 23%. Tips: när du närmar dig slutet av osten, och den blir lite svårare att hyvla, riv och frys in. Supersmidigt att plocka fram till nästa pizzatillfälle! Symbolen med den blågula mjölkkannan innebär att osten är gjord på 100 procent svensk mjölk.",
    "countryText": "Sverige",
    "companyText": "Arla",
    "ingrediensText": "Pastöriserad MJÖLK, salt, syrningskultur, ystenzym, kalciumklorid.",
    "storage": "",
    "allergens": "",
    "usage": "",
    "nutrition": [
      {
        "Näringsvärde": "Energi (kcal)",
        "100 Gram": "315 kcal"
      },
      {
        "Näringsvärde": "Energi (kJ)",
        "100 Gram": "1312 kJ"
      },
      {
        "Näringsvärde": "Fett",
        "100 Gram": "23 g"
      },
      {
        "Näringsvärde": "Varav mättat fett",
        "100 Gram": "15 g"
      },
      {
        "Näringsvärde": "Kolhydrat",
        "100 Gram": "0 g"
      },
      {
        "Näringsvärde": "Varav sockerarter",
        "100 Gram": "0 g"
      },
      {
        "Näringsvärde": "Protein",
        "100 Gram": "27 g"
      },
      {
        "Näringsvärde": "Salt",
        "100 Gram": "1.4 g"
      },
      {
        "Näringsvärde": "Vitamin B12",
        "100 Gram": "1.6 µg",
        "% av DRI(*)": "64"
      },
      {
        "Näringsvärde": "Kalcium",
        "100 Gram": "805 mg",
        "% av DRI(*)": "101"
      }
    ],
    "nutritionUnitText": "Näringsvärde per 100 gram",
    "categories": {
      "mainCategory": "Mejeri & Ost",
      "subCategories": [
        {
          "name": "Ost",
          "subSubCategories": [
            "Påläggsost",
            "Gouda & edamer"
          ]
        }
      ]
    }
  },
  {
    "name": "Cheddar krämig mild utan vax ca 750g Kvibille®",
    "weightText": "Ca 0.75 kg",
    "caPart": "Ca",
    "weightValue": 0.75,
    "weightUnit": "kg",
    "comparePrice": "139,00 kr/kg",
    "currentPrice": 104.25,
    "attributes": [
      "Ursprungsland Sverige",
      "Mjölk från Sverige"
    ],
    "imgUrl": "https://handlaprivatkund.ica.se/images-v3/bf7a00ca-390e-4769-865f-dc369586872e/616efa68-1fb5-42a9-bbf4-a1db6ccc9d19/500x500.jpg",
    "productInformation": "Mild cheddarost med krämigt len smak och en härlig balans av syra och sötma. Att den är krämigare än en klassisk lagrad cheddar beror på att den inte lagras med bomullsväv som drar ut vätskan ur osten. Kvibille® Cheddar Krämig Mild 32% är speciellt lämpad för smörgås, men fungerar även fint i matlagning och som lagrad hårdost till ostbrickan. Kvibille® Cheddar tillverkas hantverksmässigt på halländska Kvibille mejeri.",
    "countryText": "Sverige",
    "companyText": "Kvibille",
    "ingrediensText": "Pastöriserad svensk MJÖLK, salt, syrningskultur, ystenzym, konserveringsmedel E251, E202.",
    "storage": "",
    "allergens": "",
    "usage": "",
    "nutrition": [
      {
        "Näringsvärde": "Energi (kcal)",
        "100 Gram": "388 kcal"
      },
      {
        "Näringsvärde": "Energi (kJ)",
        "100 Gram": "1607 kJ"
      },
      {
        "Näringsvärde": "Fett",
        "100 Gram": "32 g"
      },
      {
        "Näringsvärde": "Varav mättat fett",
        "100 Gram": "20 g"
      },
      {
        "Näringsvärde": "Kolhydrat",
        "100 Gram": "0 g"
      },
      {
        "Näringsvärde": "Varav sockerarter",
        "100 Gram": "0 g"
      },
      {
        "Näringsvärde": "Protein",
        "100 Gram": "24 g"
      },
      {
        "Näringsvärde": "Salt",
        "100 Gram": "1.3 g"
      }
    ],
    "nutritionUnitText": "Näringsvärde per 100 gram",
    "categories": {
      "mainCategory": "Jul",
      "subCategories": [
        {
          "name": "Julmat",
          "subSubCategories": [
            "Julbröd & Ost"
          ]
        }
      ]
    }
  },
  {
    "name": "Yoghurt Vanilj Melon 2,1% 1000g Valio",
    "weightText": "1 kg",
    "caPart": "",
    "weightValue": 1,
    "weightUnit": "kg",
    "comparePrice": "20,00 kr/kg",
    "currentPrice": 20,
    "attributes": [],
    "imgUrl": "https://handlaprivatkund.ica.se/images-v3/bf7a00ca-390e-4769-865f-dc369586872e/9fcac6b9-c86a-4151-9e66-278906b70a04/500x500.jpg",
    "productInformation": "",
    "countryText": "",
    "companyText": "Valio",
    "ingrediensText": "Högpastöriserad MJÖLK, socker 5,2 %, vattenmelonjuice från koncentrat 1,8 %, modifierad potatisstärkelse, svart morotsjuicekoncentrat, aromer, vaniljextrakt, mald vaniljstång, yoghurtkultur, Lactobacillus acidofilus, Bifidobacterium sp. och vitamin D.",
    "storage": "Förvaras vid högst +8°C. Öppnad förpackning är hållbar 4-5 dagar i kylskåp.",
    "allergens": "",
    "usage": "Omskakas före användning.",
    "nutrition": [
      {
        "Näringsvärde": "Energi (kcal)",
        "100 Gram": "76 kcal"
      },
      {
        "Näringsvärde": "Energi (kJ)",
        "100 Gram": "320 kJ"
      },
      {
        "Näringsvärde": "Fett",
        "100 Gram": "2.2 g"
      },
      {
        "Näringsvärde": "Varav mättat fett",
        "100 Gram": "1.3 g"
      },
      {
        "Näringsvärde": "Kolhydrat",
        "100 Gram": "9.6 g"
      },
      {
        "Näringsvärde": "Varav sockerarter",
        "100 Gram": "9.4 g"
      },
      {
        "Näringsvärde": "Protein",
        "100 Gram": "3.8 g"
      },
      {
        "Näringsvärde": "Salt",
        "100 Gram": "0.1 g"
      },
      {
        "Näringsvärde": "Vitamin B12",
        "100 Gram": "0.4 µg",
        "% av DRI(*)": "16"
      },
      {
        "Näringsvärde": "Vitamin D",
        "100 Gram": "1 µg",
        "% av DRI(*)": "20"
      },
      {
        "Näringsvärde": "Kalcium",
        "100 Gram": "120 mg",
        "% av DRI(*)": "15"
      }
    ],
    "nutritionUnitText": "Näringsvärde per 100 gram",
    "categories": {
      "mainCategory": "Mejeri & Ost",
      "subCategories": [
        {
          "name": "Yoghurt",
          "subSubCategories": [
            "Smaksatt yoghurt"
          ]
        }
      ]
    }
  },
  {
    "name": "Organic Blue Eko blåmögelost 150g Castello®",
    "weightText": "0.15 kg",
    "caPart": "",
    "weightValue": 0.15,
    "weightUnit": "kg",
    "comparePrice": "193,33 kr/kg",
    "currentPrice": 29,
    "attributes": [
      "EU Ekologiskt",
      "Ekologiskt"
    ],
    "imgUrl": "https://handlaprivatkund.ica.se/images-v3/bf7a00ca-390e-4769-865f-dc369586872e/16715ba1-4cb9-46c6-8fdd-237f4e6788a5/500x500.jpg",
    "productInformation": "Upptäck en ekologisk ost med mild doft och rikligt marmorerad blåmögel med ljust gul snittyta. Castello® Organic Blue är en blåmögelost till ostbrickan. Ostsorten kallas även ädelost och blue cheese. Konsistensen är len, krämig och bredbar. Den har tydlig sälta och beska och den långa mogna eftersmaken har en avslutande smak av grapefrukt. Osten smakar särskilt gott till rostad butternutpumpa, som topping på soppor och sallader eller som dessertost med en söt marmelad på ostbricka.",
    "countryText": "",
    "companyText": "Castello",
    "ingrediensText": "Pastöriserad ekologisk MJÖLK och ekologisk GRÄDDE, salt, syrningskultur, ystenzym, blåmögelkultur, mognadskultur.",
    "storage": "",
    "allergens": "",
    "usage": "",
    "nutrition": [
      {
        "Näringsvärde": "Energi (kcal)",
        "100 Gram": "435 kcal"
      },
      {
        "Näringsvärde": "Energi (kJ)",
        "100 Gram": "1797 kJ"
      },
      {
        "Näringsvärde": "Fett",
        "100 Gram": "42 g"
      },
      {
        "Näringsvärde": "Varav mättat fett",
        "100 Gram": "27 g"
      },
      {
        "Näringsvärde": "Kolhydrat",
        "100 Gram": "0.5 g"
      },
      {
        "Näringsvärde": "Varav sockerarter",
        "100 Gram": "0.5 g"
      },
      {
        "Näringsvärde": "Protein",
        "100 Gram": "13 g"
      },
      {
        "Näringsvärde": "Salt",
        "100 Gram": "1.7 g"
      }
    ],
    "nutritionUnitText": "Näringsvärde per 100 gram",
    "categories": {
      "mainCategory": "Mejeri & Ost",
      "subCategories": [
        {
          "name": "Ost",
          "subSubCategories": [
            "Dessertost",
            "Blåmögelost"
          ]
        }
      ]
    }
  },
  {
    "name": "Proteinmilkshake Strawberry 330ml Barebells",
    "weightText": "0.33 l",
    "caPart": "",
    "weightValue": 0.33,
    "weightUnit": "l",
    "comparePrice": "77,27 kr/l",
    "currentPrice": 25.5,
    "attributes": [
      "Laktosfritt"
    ],
    "imgUrl": "https://handlaprivatkund.ica.se/images-v3/bf7a00ca-390e-4769-865f-dc369586872e/fa5b88af-f342-4610-92d5-5a6b2babc92d/500x500.jpg",
    "productInformation": "Proteinrik milkshake med smak av jordgubb. Innehåller sötningsmedel.",
    "countryText": "",
    "companyText": "Barebells",
    "ingrediensText": "MJÖLK/MÆLK (66%), MJÖLK-/MÆLK-/MELKPROTEINKONCENTRAT (31%), vatten/vand, stabiliseringsmedel/stabilisator (cellulosa, cellulosagummi, karragenan), kakaosmör, aromer/aromaer, surhetsreglerande medel (natriumfosfat), laktas, sötningsmedel/sødestoffer (acesulfam-K, sukralos), färgämne/fargestoff (karoten).",
    "storage": "",
    "allergens": "Innehåller Mjölk",
    "usage": "",
    "nutrition": [
      {
        "Näringsvärde": "Energi (kcal)",
        "100 Milliliter": "58 kcal"
      },
      {
        "Näringsvärde": "Energi (kJ)",
        "100 Milliliter": "245 kJ"
      },
      {
        "Näringsvärde": "Fett",
        "100 Milliliter": "1.4 g"
      },
      {
        "Näringsvärde": "Varav mättat fett",
        "100 Milliliter": "0.9 g"
      },
      {
        "Näringsvärde": "Kolhydrat",
        "100 Milliliter": "3.8 g"
      },
      {
        "Näringsvärde": "Varav sockerarter",
        "100 Milliliter": "3.7 g"
      },
      {
        "Näringsvärde": "Protein",
        "100 Milliliter": "7.3 g"
      },
      {
        "Näringsvärde": "Salt",
        "100 Milliliter": "0.22 g"
      },
      {
        "Näringsvärde": "Natrium",
        "100 Milliliter": "88 mg"
      }
    ],
    "nutritionUnitText": "",
    "categories": {
      "mainCategory": "Mejeri & Ost",
      "subCategories": [
        {
          "name": "Kylda mellanmål & desserter",
          "subSubCategories": [
            "Färdig proteindryck"
          ]
        }
      ]
    }
  },
  {
    "name": "Ost Mild & Fyllig 17% skivad 150g Arla",
    "weightText": "0.15 kg",
    "caPart": "",
    "weightValue": 0.15,
    "weightUnit": "kg",
    "comparePrice": "200,00 kr/kg",
    "currentPrice": 30,
    "attributes": [
      "Nyckelhålet",
      "Ursprungsland Sverige"
    ],
    "imgUrl": "https://handlaprivatkund.ica.se/images-v3/bf7a00ca-390e-4769-865f-dc369586872e/accd0f82-06cb-46b7-b818-5d2f62c7f254/500x500.jpg",
    "productInformation": "Arla® Naturligt Näringsrik Ost – Mild&Fyllig 17% – är en ost med mild och fyllig smak och en fast konsistens. Osten är naturligt näringsrik med ett högt innehåll av protein (29%), kalcium, vitamin B12 och zink. Färdiga skivor är perfekta som pålägg, ostrullar, eller som snack. Du kan enkelt fylla på med näringsämnen och energi för en aktiv livsstil, utan att kompromissa med smaken. Osten är nyckelhålsmärkt för dig som söker magrare ost (17% fetthalt) och är gjord på 100 pro-cent svensk mjölk.",
    "countryText": "Sverige",
    "companyText": "Arla",
    "ingrediensText": "Pastöriserad MJÖLK, salt, syrningskultur, ystenzym, kalciumklorid.",
    "storage": "",
    "allergens": "",
    "usage": "",
    "nutrition": [
      {
        "Näringsvärde": "Energi (kcal)",
        "100 Gram": "274 kcal"
      },
      {
        "Näringsvärde": "Energi (kJ)",
        "100 Gram": "1142 kJ"
      },
      {
        "Näringsvärde": "Fett",
        "100 Gram": "17 g"
      },
      {
        "Näringsvärde": "Varav mättat fett",
        "100 Gram": "11 g"
      },
      {
        "Näringsvärde": "Kolhydrat",
        "100 Gram": "0 g"
      },
      {
        "Näringsvärde": "Varav sockerarter",
        "100 Gram": "0 g"
      },
      {
        "Näringsvärde": "Protein",
        "100 Gram": "29 g"
      },
      {
        "Näringsvärde": "Salt",
        "100 Gram": "1.2 g"
      },
      {
        "Näringsvärde": "Vitamin B12",
        "100 Gram": "1.8 µg",
        "% av DRI(*)": "72"
      },
      {
        "Näringsvärde": "Kalcium",
        "100 Gram": "872 mg",
        "% av DRI(*)": "109"
      },
      {
        "Näringsvärde": "Zink",
        "100 Gram": "4.3 mg",
        "% av DRI(*)": "43"
      }
    ],
    "nutritionUnitText": "Näringsvärde per 100 gram",
    "categories": {
      "mainCategory": "Mejeri & Ost",
      "subCategories": [
        {
          "name": "Ost",
          "subSubCategories": [
            "Påläggsost",
            "Skivad ost"
          ]
        }
      ]
    }
  },
  {
    "name": "Proteinmilkshake Vanilla 330ml Barebells",
    "weightText": "0.33 l",
    "caPart": "",
    "weightValue": 0.33,
    "weightUnit": "l",
    "comparePrice": "77,27 kr/l",
    "currentPrice": 25.5,
    "attributes": [
      "Laktosfritt"
    ],
    "imgUrl": "https://handlaprivatkund.ica.se/images-v3/bf7a00ca-390e-4769-865f-dc369586872e/229f0c61-a19d-4dbe-a39a-6d1faec866c9/500x500.jpg",
    "productInformation": "Proteinrik milkshake med smak av vanilj. Innehåller sötningsmedel.",
    "countryText": "",
    "companyText": "Barebells",
    "ingrediensText": "MJÖLK (66%), MJÖLKPROTEINKONCENTRAT (31%), vatten, stabiliseringsmedel (cellulosa, cellulosagummi, karragenan), kakaosmör, aromer, surhetsreglerande medel (natriumfosfat), laktas, sötningsmedel (acesulfam-K, sukralos), färgämne (karoten).",
    "storage": "Kan förvaras i rumstemperatur. Öppnad förpackning förvaras i kylskåp och bör förtäras inom 24 timmar. Lägsta förvaringstemperatur 5°C Högsta förvaringstemperatur 22°C",
    "allergens": "Innehåller Mjölk",
    "usage": "",
    "nutrition": [
      {
        "Näringsvärde": "Energi (kcal)",
        "100 Milliliter": "58 kcal"
      },
      {
        "Näringsvärde": "Energi (kJ)",
        "100 Milliliter": "245 kJ"
      },
      {
        "Näringsvärde": "Fett",
        "100 Milliliter": "1.4 g"
      },
      {
        "Näringsvärde": "Varav mättat fett",
        "100 Milliliter": "0.9 g"
      },
      {
        "Näringsvärde": "Kolhydrat",
        "100 Milliliter": "3.8 g"
      },
      {
        "Näringsvärde": "Varav sockerarter",
        "100 Milliliter": "3.8 g"
      },
      {
        "Näringsvärde": "Protein",
        "100 Milliliter": "7.3 g"
      },
      {
        "Näringsvärde": "Salt",
        "100 Milliliter": "0.22 g"
      },
      {
        "Näringsvärde": "Natrium",
        "100 Milliliter": "88 mg"
      }
    ],
    "nutritionUnitText": "Näringsvärde per 100 milliliter",
    "categories": {
      "mainCategory": "Mejeri & Ost",
      "subCategories": [
        {
          "name": "Mjölk",
          "subSubCategories": [
            "Smaksatt mjölk",
            "Smaksatt mjölk, laktos"
          ]
        }
      ]
    }
  },
  {
    "name": "Familjefavoriter Jämtgård ost mild ca 1,2kg Arla®",
    "weightText": "Ca 1.2 kg",
    "caPart": "Ca",
    "weightValue": 1.2,
    "weightUnit": "kg",
    "comparePrice": "79,90 kr/kg",
    "currentPrice": 95.88,
    "attributes": [
      "Ursprungsland Sverige"
    ],
    "imgUrl": "https://handlaprivatkund.ica.se/images-v3/bf7a00ca-390e-4769-865f-dc369586872e/e0e40357-597b-4dc0-bf8b-bd8975041ba6/500x500.jpg",
    "productInformation": "Arla® Familjefavoriter - milda och goda ostar för hela familjen. Ost som är enkel att hyvla och skära, perfekt som pålägg eller att skära i bitar till fredagsmyset. Jämtgård är fast i konsistensen och har lite mer smak, lätt syrlig, fetthalten är 28%. Tips: när du närmar dig slutet av osten och den blir lite svårare att hyvla, riv och frys in. Supersmidigt att plocka fram när det är dags för toast! Symbolen med den blågula mjölkkannan innebär att osten är gjord på 100 procent svensk mjölk.",
    "countryText": "Sverige",
    "companyText": "Arla",
    "ingrediensText": "Pastöriserad MJÖLK, salt, syrningskultur, ystenzym, kalciumklorid.",
    "storage": "",
    "allergens": "",
    "usage": "",
    "nutrition": [
      {
        "Näringsvärde": "Energi (kcal)",
        "100 Gram": "354 kcal"
      },
      {
        "Näringsvärde": "Energi (kJ)",
        "100 Gram": "1471 kJ"
      },
      {
        "Näringsvärde": "Fett",
        "100 Gram": "28 g"
      },
      {
        "Näringsvärde": "Varav mättat fett",
        "100 Gram": "18 g"
      },
      {
        "Näringsvärde": "Kolhydrat",
        "100 Gram": "0 g"
      },
      {
        "Näringsvärde": "Varav sockerarter",
        "100 Gram": "0 g"
      },
      {
        "Näringsvärde": "Protein",
        "100 Gram": "25 g"
      },
      {
        "Näringsvärde": "Salt",
        "100 Gram": "1.4 g"
      },
      {
        "Näringsvärde": "Vitamin B12",
        "100 Gram": "1.5 µg",
        "% av DRI(*)": "60"
      },
      {
        "Näringsvärde": "Kalcium",
        "100 Gram": "740 mg",
        "% av DRI(*)": "93"
      }
    ],
    "nutritionUnitText": "Näringsvärde per 100 gram",
    "categories": {
      "mainCategory": "Mejeri & Ost",
      "subCategories": [
        {
          "name": "Ost",
          "subSubCategories": [
            "Påläggsost",
            "Hushåll"
          ]
        }
      ]
    }
  },
  {
    "name": "Cheddar lagrad XL 32% ca 500g Kvibille",
    "weightText": "Ca 0.5 kg",
    "caPart": "Ca",
    "weightValue": 0.5,
    "weightUnit": "kg",
    "comparePrice": "138,99 kr/kg",
    "currentPrice": 69.5,
    "attributes": [
      "Ursprungsland Sverige",
      "Mjölk från Sverige"
    ],
    "imgUrl": "https://handlaprivatkund.ica.se/images-v3/bf7a00ca-390e-4769-865f-dc369586872e/323546ce-174c-436a-b738-a1fa58bf20da/500x500.jpg",
    "productInformation": "Aromatisk, smakrik och lagrad cheddar. Osten har lagrats i minst ett år, vilket ger en kraftig, fyllig och mogen smak med betydande sälta, frisk syra och brända toner. Den långa, balanserade eftersmaken kittlar på tungan. Kvibille® Cheddar 12 mån 32% passar utmärkt till ostbricka och är en klassiker på julbordet. Lagrad cheddar är också perfekt i matlagning. Kvibille® Cheddar 12 månader tillverkas hantverksmässigt på Kvibille mejeri i Halland.",
    "countryText": "Sverige",
    "companyText": "Kvibille",
    "ingrediensText": "Pastöriserad svensk MJÖLK, salt, syrningskultur, ystenzym, konserveringsmedel E251, E202.",
    "storage": "Lägsta förvaringstemperatur 2°C Högsta förvaringstemperatur 10°C",
    "allergens": "",
    "usage": "",
    "nutrition": [
      {
        "Näringsvärde": "Energi (kcal)",
        "100 Gram": "388 kcal"
      },
      {
        "Näringsvärde": "Energi (kJ)",
        "100 Gram": "1607 kJ"
      },
      {
        "Näringsvärde": "Fett",
        "100 Gram": "32 g"
      },
      {
        "Näringsvärde": "Varav mättat fett",
        "100 Gram": "20 g"
      },
      {
        "Näringsvärde": "Kolhydrat",
        "100 Gram": "0 g"
      },
      {
        "Näringsvärde": "Varav sockerarter",
        "100 Gram": "0 g"
      },
      {
        "Näringsvärde": "Protein",
        "100 Gram": "24 g"
      },
      {
        "Näringsvärde": "Salt",
        "100 Gram": "1.3 g"
      }
    ],
    "nutritionUnitText": "",
    "categories": {
      "mainCategory": "Mejeri & Ost",
      "subCategories": [
        {
          "name": "Ost",
          "subSubCategories": [
            "Påläggsost",
            "Cheddar"
          ]
        }
      ]
    }
  },
  {
    "name": "Billinge ost skivad 150 g Arla",
    "weightText": "0.15 kg",
    "caPart": "",
    "weightValue": 0.15,
    "weightUnit": "kg",
    "comparePrice": "200,00 kr/kg",
    "currentPrice": 30,
    "attributes": [
      "Ursprungsland Sverige"
    ],
    "imgUrl": "https://handlaprivatkund.ica.se/images-v3/bf7a00ca-390e-4769-865f-dc369586872e/6ce28487-f189-4505-8a05-e29006228e62/500x500.jpg",
    "productInformation": ".Vår goda Arla® Billinge 26% är mild med toner av nötighet och en behagligt frisk efter-smak. Den är kantfri, smidig och rundpipig och passar perfekt som pålägg eller snygga ostrullar tack vare den smidiga konsistensen.Symbolen med den blågula mjölkkannan garanterar 100 procent svensk mjölk.",
    "countryText": "Sverige",
    "companyText": "Arla",
    "ingrediensText": "Pastöriserad MJÖLK, salt, syrningskultur, ystenzym, kalciumklorid.",
    "storage": "",
    "allergens": "",
    "usage": "",
    "nutrition": [
      {
        "Näringsvärde": "Energi (kcal)",
        "100 Gram": "343 kcal"
      },
      {
        "Näringsvärde": "Energi (kJ)",
        "100 Gram": "1424 kJ"
      },
      {
        "Näringsvärde": "Fett",
        "100 Gram": "26 g"
      },
      {
        "Näringsvärde": "Varav mättat fett",
        "100 Gram": "17 g"
      },
      {
        "Näringsvärde": "Kolhydrat",
        "100 Gram": "0 g"
      },
      {
        "Näringsvärde": "Varav sockerarter",
        "100 Gram": "0 g"
      },
      {
        "Näringsvärde": "Protein",
        "100 Gram": "26 g"
      },
      {
        "Näringsvärde": "Salt",
        "100 Gram": "1.2 g"
      },
      {
        "Näringsvärde": "Vitamin B12",
        "100 Gram": "1.6 µg",
        "% av DRI(*)": "64"
      },
      {
        "Näringsvärde": "Kalcium",
        "100 Gram": "782 mg",
        "% av DRI(*)": "98"
      }
    ],
    "nutritionUnitText": "Näringsvärde per 100 gram",
    "categories": {
      "mainCategory": "Mejeri & Ost",
      "subCategories": [
        {
          "name": "Ost",
          "subSubCategories": [
            "Påläggsost",
            "Skivad ost"
          ]
        }
      ]
    }
  },
  {
    "name": "Vaniljyoghurt Banan 2,2% 1000g Valio",
    "weightText": "1 kg",
    "caPart": "",
    "weightValue": 1,
    "weightUnit": "kg",
    "comparePrice": "20,00 kr/kg",
    "currentPrice": 20,
    "attributes": [],
    "imgUrl": "https://handlaprivatkund.ica.se/images-v3/bf7a00ca-390e-4769-865f-dc369586872e/52b6cee1-4dc0-4f46-936f-0c6530420409/500x500.jpg",
    "productInformation": "Slät och krämig vaniljyoghurt med smak av banan. Yoghurten är varsamt sockrad med 30 % mindre tillsatt socker än vanliga smaksatta yoghurtar. Innehåller Acidophilus och Bifido.",
    "countryText": "",
    "companyText": "Valio",
    "ingrediensText": "Högpastöriserad MJÖLK, socker 5,2 %, bananpuré 1,8 %, modifierad stärkelse, aromer, safflorextrakt, vaniljextrakt, mald vaniljstång, yoghurtkultur, Lactobacillus acidophilus, Bifidobacterium sp. och vitamin D.",
    "storage": "Förvaras vid högst +8°C. Öppnad förpackning är hållbar 4-5 dagar i kylskåp.",
    "allergens": "",
    "usage": "Omskakas före användning.",
    "nutrition": [
      {
        "Näringsvärde": "Energi (kcal)",
        "100 Gram": "76 kcal"
      },
      {
        "Näringsvärde": "Energi (kJ)",
        "100 Gram": "323 kJ"
      },
      {
        "Näringsvärde": "Fett",
        "100 Gram": "2.2 g"
      },
      {
        "Näringsvärde": "Varav mättat fett",
        "100 Gram": "1.3 g"
      },
      {
        "Näringsvärde": "Kolhydrat",
        "100 Gram": "9.8 g"
      },
      {
        "Näringsvärde": "Varav sockerarter",
        "100 Gram": "9.7 g"
      },
      {
        "Näringsvärde": "Protein",
        "100 Gram": "3.8 g"
      },
      {
        "Näringsvärde": "Salt",
        "100 Gram": "0.1 g"
      },
      {
        "Näringsvärde": "Vitamin D",
        "100 Gram": "1 µg",
        "% av DRI(*)": "20"
      },
      {
        "Näringsvärde": "Kalcium",
        "100 Gram": "120 mg",
        "% av DRI(*)": "15"
      }
    ],
    "nutritionUnitText": "Näringsvärde per 100 gram",
    "categories": {
      "mainCategory": "Mejeri & Ost",
      "subCategories": [
        {
          "name": "Yoghurt",
          "subSubCategories": [
            "Smaksatt yoghurt"
          ]
        }
      ]
    }
  },
  {
    "name": "Herrgård mild skivad 28% 150g Arla Ko",
    "weightText": "0.15 kg",
    "caPart": "",
    "weightValue": 0.15,
    "weightUnit": "kg",
    "comparePrice": "200,00 kr/kg",
    "currentPrice": 30,
    "attributes": [
      "Ursprungsland Sverige"
    ],
    "imgUrl": "https://handlaprivatkund.ica.se/images-v3/bf7a00ca-390e-4769-865f-dc369586872e/6a66ac6b-2e15-4c8d-9320-31123faac3e0/500x500.jpg",
    "productInformation": "Vår goda Arla Ko® Herrgård® är mild och gräddig med karakteristiskt inslag av sötma och hasselnöt. Färdigskivad Herrgård® som passar perfekt som pålägg. Herrgård® började tillverkas på 1800-talet och är än idag en av de mest omtyckta ostarna i Sverige. Vår Arla Ko® Herrgård® görs på Kalmar mejeri på färsk mjölk från Öland och Småland. Varumärket Arla Ko® garanterar att osten är gjord på 100 procent svensk mjölk.",
    "countryText": "Sverige",
    "companyText": "Arla Ko",
    "ingrediensText": "Pastöriserad MJÖLK, salt, syrningskultur, ystenzym, kalciumklorid, konserveringsmedel E202.",
    "storage": "",
    "allergens": "",
    "usage": "",
    "nutrition": [
      {
        "Näringsvärde": "Energi (kcal)",
        "100 Gram": "360 kcal"
      },
      {
        "Näringsvärde": "Energi (kJ)",
        "100 Gram": "1493 kJ"
      },
      {
        "Näringsvärde": "Fett",
        "100 Gram": "28 g"
      },
      {
        "Näringsvärde": "Varav mättat fett",
        "100 Gram": "18 g"
      },
      {
        "Näringsvärde": "Kolhydrat",
        "100 Gram": "0 g"
      },
      {
        "Näringsvärde": "Varav sockerarter",
        "100 Gram": "0 g"
      },
      {
        "Näringsvärde": "Protein",
        "100 Gram": "26 g"
      },
      {
        "Näringsvärde": "Salt",
        "100 Gram": "1.2 g"
      }
    ],
    "nutritionUnitText": "Näringsvärde per 100 gram",
    "categories": {
      "mainCategory": "Mejeri & Ost",
      "subCategories": [
        {
          "name": "Ost",
          "subSubCategories": [
            "Påläggsost",
            "Skivad ost"
          ]
        }
      ]
    }
  },
  {
    "name": "Familjefavoriter Storsjö ost mild ca 1,2kg Arla®",
    "weightText": "Ca 1.2 kg",
    "caPart": "Ca",
    "weightValue": 1.2,
    "weightUnit": "kg",
    "comparePrice": "79,90 kr/kg",
    "currentPrice": 95.88,
    "attributes": [
      "Ursprungsland Sverige"
    ],
    "imgUrl": "https://handlaprivatkund.ica.se/images-v3/bf7a00ca-390e-4769-865f-dc369586872e/46289e6d-321b-497a-a27f-71c2351f4479/500x500.jpg",
    "productInformation": "Arla® Familjefavoriter - milda och goda ostar för hela familjen. Ost som är enkel att hyvla och skära, perfekt som pålägg eller att skära i bitar till fredagsmyset. Familjefavoriter Storsjö 31% är fast i konsistensen och smakar fylligt. Tips: när du närmar dig slutet av osten och den blir lite svårare att hyvla, riv och frys in. Supersmidigt att plocka fram när det är dags för toast! Symbolen med den blågula mjölkkannan innebär att osten är gjord 100 procent svensk mjölk.",
    "countryText": "Sverige",
    "companyText": "Arla",
    "ingrediensText": "Pastöriserad MJÖLK, salt, syrningskultur, ystenzym, kalciumklorid.",
    "storage": "",
    "allergens": "",
    "usage": "",
    "nutrition": [
      {
        "Näringsvärde": "Energi (kcal)",
        "100 Gram": "375 kcal"
      },
      {
        "Näringsvärde": "Energi (kJ)",
        "100 Gram": "1555 kJ"
      },
      {
        "Näringsvärde": "Fett",
        "100 Gram": "31 g"
      },
      {
        "Näringsvärde": "Varav mättat fett",
        "100 Gram": "20 g"
      },
      {
        "Näringsvärde": "Kolhydrat",
        "100 Gram": "0 g"
      },
      {
        "Näringsvärde": "Varav sockerarter",
        "100 Gram": "0 g"
      },
      {
        "Näringsvärde": "Protein",
        "100 Gram": "23 g"
      },
      {
        "Näringsvärde": "Salt",
        "100 Gram": "1.4 g"
      },
      {
        "Näringsvärde": "Vitamin B12",
        "100 Gram": "1.4 µg",
        "% av DRI(*)": "56"
      },
      {
        "Näringsvärde": "Kalcium",
        "100 Gram": "686 mg",
        "% av DRI(*)": "86"
      }
    ],
    "nutritionUnitText": "Näringsvärde per 100 gram",
    "categories": {
      "mainCategory": "Mejeri & Ost",
      "subCategories": [
        {
          "name": "Ost",
          "subSubCategories": [
            "Påläggsost",
            "Gouda & edamer"
          ]
        }
      ]
    }
  },
  {
    "name": "Vänerost 33% ca 1,2kg Arla",
    "weightText": "Ca 1.2 kg",
    "caPart": "Ca",
    "weightValue": 1.2,
    "weightUnit": "kg",
    "comparePrice": "79,90 kr/kg",
    "currentPrice": 95.88,
    "attributes": [
      "Ursprungsland Sverige"
    ],
    "imgUrl": "https://handlaprivatkund.ica.se/images-v3/bf7a00ca-390e-4769-865f-dc369586872e/d1531e9d-a47a-43d0-8674-e6cd87f4c356/500x500.jpg",
    "productInformation": "Arla® Familjefavoriter - milda och goda ostar för hela familjen. Ost som är enkel att hyvla och skära, perfekt som pålägg eller att skära i bitar till fredagsmyset. Familjefavoriter Vänerost 33% är krämig och smakar härligt gräddigt. Tips: när du närmar dig slutet av osten och den blir lite svårare att hyvla, riv den och frys in. Supersmidigt att plocka fram när det är dags för varma mackor! Symbolen med den blågula mjölkkannan garanterar att osten är gjord på 100 procent svensk mjölk.",
    "countryText": "Sverige",
    "companyText": "Arla",
    "ingrediensText": "Pastöriserad MJÖLK, salt, syrningskultur, ystenzym, kalciumklorid.",
    "storage": "",
    "allergens": "",
    "usage": "",
    "nutrition": [
      {
        "Näringsvärde": "Energi (kcal)",
        "100 Gram": "392 kcal"
      },
      {
        "Näringsvärde": "Energi (kJ)",
        "100 Gram": "1624 kJ"
      },
      {
        "Näringsvärde": "Fett",
        "100 Gram": "33 g"
      },
      {
        "Näringsvärde": "Varav mättat fett",
        "100 Gram": "21 g"
      },
      {
        "Näringsvärde": "Kolhydrat",
        "100 Gram": "0 g"
      },
      {
        "Näringsvärde": "Varav sockerarter",
        "100 Gram": "0 g"
      },
      {
        "Näringsvärde": "Protein",
        "100 Gram": "24 g"
      },
      {
        "Näringsvärde": "Salt",
        "100 Gram": "1.2 g"
      },
      {
        "Näringsvärde": "Vitamin B12",
        "100 Gram": "1.4 µg",
        "% av DRI(*)": "56"
      },
      {
        "Näringsvärde": "Kalcium",
        "100 Gram": "704 mg",
        "% av DRI(*)": "88"
      }
    ],
    "nutritionUnitText": "Näringsvärde per 100 gram",
    "categories": {
      "mainCategory": "Mejeri & Ost",
      "subCategories": [
        {
          "name": "Ost",
          "subSubCategories": [
            "Påläggsost",
            "Hushåll"
          ]
        }
      ]
    }
  },
  {
    "name": "Vaniljyoghurt Jordgubb 2,1% 1000g Valio",
    "weightText": "1 kg",
    "caPart": "",
    "weightValue": 1,
    "weightUnit": "kg",
    "comparePrice": "20,00 kr/kg",
    "currentPrice": 20,
    "attributes": [],
    "imgUrl": "https://handlaprivatkund.ica.se/images-v3/bf7a00ca-390e-4769-865f-dc369586872e/7d65c266-b78a-4674-b794-3d5aa8c50107/500x500.jpg",
    "productInformation": "Njut av den goda vaniljyoghurten med bitar av jordgubbar! Yoghurten är varsamt sockrad med 30 % mindre tillsatt socker än vanliga smaksatta yoghurtar. Passar utmärkt till frukost eller mellanmål.",
    "countryText": "",
    "companyText": "Valio",
    "ingrediensText": "Högpastöriserad MJÖLK, vatten, socker 5,2%, jordgubbar 3,5%, modifierad stärkelse, aromer, vaniljextrakt, mald vaniljstång, färg (rödbetsrött), yoghurtkultur, Lactobacillus acidophilus, Bifidobacterium sp. och vitamin D.",
    "storage": "Förvaras vid högst +8°C. Öppnad förpackning är hållbar 4-5 dagar i kylskåp.",
    "allergens": "",
    "usage": "Omskakas före användning.",
    "nutrition": [
      {
        "Näringsvärde": "Energi (kcal)",
        "100 Gram": "74 kcal"
      },
      {
        "Näringsvärde": "Energi (kJ)",
        "100 Gram": "313 kJ"
      },
      {
        "Näringsvärde": "Fett",
        "100 Gram": "2.1 g"
      },
      {
        "Näringsvärde": "Varav mättat fett",
        "100 Gram": "1.2 g"
      },
      {
        "Näringsvärde": "Kolhydrat",
        "100 Gram": "9.7 g"
      },
      {
        "Näringsvärde": "Varav sockerarter",
        "100 Gram": "9.5 g"
      },
      {
        "Näringsvärde": "Protein",
        "100 Gram": "3.6 g"
      },
      {
        "Näringsvärde": "Salt",
        "100 Gram": "0.1 g"
      },
      {
        "Näringsvärde": "Vitamin B12",
        "100 Gram": "0.4 µg",
        "% av DRI(*)": "16"
      },
      {
        "Näringsvärde": "Vitamin D",
        "100 Gram": "1 µg",
        "% av DRI(*)": "20"
      },
      {
        "Näringsvärde": "Kalcium",
        "100 Gram": "120 mg",
        "% av DRI(*)": "15"
      }
    ],
    "nutritionUnitText": "Näringsvärde per 100 gram",
    "categories": {
      "mainCategory": "Mejeri & Ost",
      "subCategories": [
        {
          "name": "Yoghurt",
          "subSubCategories": [
            "Smaksatt yoghurt"
          ]
        }
      ]
    }
  },
  {
    "name": "Vitmögelost Tryffel 150g Castello",
    "weightText": "0.15 kg",
    "caPart": "",
    "weightValue": 0.15,
    "weightUnit": "kg",
    "comparePrice": "193,33 kr/kg",
    "currentPrice": 29,
    "attributes": [],
    "imgUrl": "https://handlaprivatkund.ica.se/images-v3/bf7a00ca-390e-4769-865f-dc369586872e/479fec17-ece1-4cbb-b45e-5f0c06700155/500x500.jpg",
    "productInformation": "Krämigt läcker vitmögelost med en delikat smak av sommartryffel från södra Frankrike. Castello® White with Truffle är gjord enligt traditionella, handgjorda metoder för nå den krämiga konsistensen. Servera med fördel denna tryffelbrie som en liten tapas på färsk baguette tillsammans med ett glas mousserande vitt eller rosévin. Den är även en utmärkt ost till ostbricka!",
    "countryText": "",
    "companyText": "Castello",
    "ingrediensText": "Pastöriserad MJÖLK och GRÄDDE, tryffelpreparat 2%, salt, syrningskultur, tryffelarom, ystenzym, vitmögelkultur.",
    "storage": "",
    "allergens": "",
    "usage": "",
    "nutrition": [
      {
        "Näringsvärde": "Energi (kcal)",
        "100 Gram": "409 kcal"
      },
      {
        "Näringsvärde": "Energi (kJ)",
        "100 Gram": "1688 kJ"
      },
      {
        "Näringsvärde": "Fett",
        "100 Gram": "39 g"
      },
      {
        "Näringsvärde": "Varav mättat fett",
        "100 Gram": "24 g"
      },
      {
        "Näringsvärde": "Kolhydrat",
        "100 Gram": "0.5 g"
      },
      {
        "Näringsvärde": "Varav sockerarter",
        "100 Gram": "0.5 g"
      },
      {
        "Näringsvärde": "Protein",
        "100 Gram": "14 g"
      },
      {
        "Näringsvärde": "Salt",
        "100 Gram": "1.5 g"
      }
    ],
    "nutritionUnitText": "Näringsvärde per 100 gram",
    "categories": {
      "mainCategory": "Mejeri & Ost",
      "subCategories": [
        {
          "name": "Ost",
          "subSubCategories": [
            "Dessertost",
            "Vitmögelost"
          ]
        }
      ]
    }
  },
  {
    "name": "White chili vitmögelost 150g Castello®",
    "weightText": "0.15 kg",
    "caPart": "",
    "weightValue": 0.15,
    "weightUnit": "kg",
    "comparePrice": "193,33 kr/kg",
    "currentPrice": 29,
    "attributes": [],
    "imgUrl": "https://handlaprivatkund.ica.se/images-v3/bf7a00ca-390e-4769-865f-dc369586872e/3ee4e162-b765-4776-b06f-35fd688fe0ca/500x500.jpg",
    "productInformation": "Krämigt läcker vitmögelost där vi försiktigt tillsatt kryddiga röda jalapeño-flingor. Castello® White with Red Chili 39% är gjord enligt traditionella, handgjorda metoder för nå den krämiga konsistensen. En ost som passar utmärkt som topping på sallader och soppor. Den smakar även utmärkt på rostad brioche och honung eller som ett spännande inslag när du vill ha lite olika ostar till ostbricka. Servera gärna denna lite heta vitmögelost med ett druvigt och blommigt vitt vin.",
    "countryText": "",
    "companyText": "Castello",
    "ingrediensText": "Pastöriserad MJÖLK och GRÄDDE, salt, chili, syrningskultur, ystenzym, vitmögelkultur.",
    "storage": "",
    "allergens": "",
    "usage": "",
    "nutrition": [
      {
        "Näringsvärde": "Energi (kcal)",
        "100 Gram": "412 kcal"
      },
      {
        "Näringsvärde": "Energi (kJ)",
        "100 Gram": "1704 kJ"
      },
      {
        "Näringsvärde": "Fett",
        "100 Gram": "39 g"
      },
      {
        "Näringsvärde": "Varav mättat fett",
        "100 Gram": "25 g"
      },
      {
        "Näringsvärde": "Kolhydrat",
        "100 Gram": "0.5 g"
      },
      {
        "Näringsvärde": "Varav sockerarter",
        "100 Gram": "0.5 g"
      },
      {
        "Näringsvärde": "Protein",
        "100 Gram": "15 g"
      },
      {
        "Näringsvärde": "Salt",
        "100 Gram": "1.5 g"
      }
    ],
    "nutritionUnitText": "Näringsvärde per 100 gram",
    "categories": {
      "mainCategory": "Mejeri & Ost",
      "subCategories": [
        {
          "name": "Ost",
          "subSubCategories": [
            "Dessertost",
            "Vitmögelost"
          ]
        }
      ]
    }
  },
  {
    "name": "Proteinmilkshake Creamy Pear 330ml Barebells",
    "weightText": "0.33 l",
    "caPart": "",
    "weightValue": 0.33,
    "weightUnit": "l",
    "comparePrice": "77,27 kr/l",
    "currentPrice": 25.5,
    "attributes": [
      "Laktosfritt"
    ],
    "imgUrl": "https://handlaprivatkund.ica.se/images-v3/bf7a00ca-390e-4769-865f-dc369586872e/4e74904a-5502-432c-af5f-08805cd2b4e9/500x500.jpg",
    "productInformation": "Proteinrik milkshake. UHT-behandlad. Innehåller sötningsmedel och naturligt förekommande socker.",
    "countryText": "",
    "companyText": "Barebells",
    "ingrediensText": "MJÖLK (66%), MJÖLKPROTEINKONCENTRAT (31%), vatten, stabiliseringsmedel (cellulosa, cellulosagummi, karragenan), kakaosmör, aromer, surhetsreglerande medel (natriumfosfat), laktas, sötningsmedel (acesulfam-K, sukralos).",
    "storage": "Kan förvaras i rumstemperatur. Öppnad förpackning förvaras i kylskåp och bör förtäras inom 24 timmar. Lägsta förvaringstemperatur 5°C Högsta förvaringstemperatur 25°C",
    "allergens": "Innehåller Mjölk",
    "usage": "",
    "nutrition": [
      {
        "Näringsvärde": "Energi (kcal)",
        "100 Gram": "58 kcal"
      },
      {
        "Näringsvärde": "Energi (kJ)",
        "100 Gram": "244 kJ"
      },
      {
        "Näringsvärde": "Fett",
        "100 Gram": "1.4 g"
      },
      {
        "Näringsvärde": "Varav mättat fett",
        "100 Gram": "0.9 g"
      },
      {
        "Näringsvärde": "Kolhydrat",
        "100 Gram": "3.8 g"
      },
      {
        "Näringsvärde": "Varav sockerarter",
        "100 Gram": "3.6 g"
      },
      {
        "Näringsvärde": "Protein",
        "100 Gram": "7.3 g"
      },
      {
        "Näringsvärde": "Salt",
        "100 Gram": "0.19 g"
      }
    ],
    "nutritionUnitText": "Näringsvärde per 100 gram",
    "categories": {
      "mainCategory": "Mejeri & Ost",
      "subCategories": [
        {
          "name": "Kylda mellanmål & desserter",
          "subSubCategories": [
            "Proteinmål",
            "Proteinmål, laktosfri"
          ]
        }
      ]
    }
  },
  {
    "name": "Blåmögelost Intense Blue 29% 150g Castello®",
    "weightText": "0.15 kg",
    "caPart": "",
    "weightValue": 0.15,
    "weightUnit": "kg",
    "comparePrice": "193,33 kr/kg",
    "currentPrice": 29,
    "attributes": [],
    "imgUrl": "https://handlaprivatkund.ica.se/images-v3/bf7a00ca-390e-4769-865f-dc369586872e/cfae4a31-a29e-4bc3-898a-f5d0ce8f2946/500x500.jpg",
    "productInformation": "Letar du efter en god dessertost till din ostbricka? Castello® Intense Blue är en smakrik ädelost, även kallad blue cheese eller blåmögelost, gjord på en blandning av ko- och fårmjölk. Blåmögelosten har en frisk doft av blåmögel och inslag av svampskog. Osten har en blåmögelmarmorerad gräddvit snittyta och konsistensen är krämigt len. Smaken är kraftig och aromatisk med tydlig sälta, blåmögel och behaglig syrlighet. Den långa, kraftfulla eftersmaken är präglad av nötighet och skogsmark. Castello Intense Blue passar på ostbrickan och smakar särskilt gott till stenugnsbakat bröd, söta marmelader & chutneys, fikon och fylligt och smakrikt rött vin.",
    "countryText": "",
    "companyText": "Castello",
    "ingrediensText": "Pastöriserad KOMJÖLK 90%, pastöriserad FÅRMJÖLK 7%, salt, syrningskultur, ystenzym, blåmögelkultur, mognadskultur.",
    "storage": "",
    "allergens": "",
    "usage": "",
    "nutrition": [
      {
        "Näringsvärde": "Energi (kcal)",
        "100 Gram": "335 kcal"
      },
      {
        "Näringsvärde": "Energi (kJ)",
        "100 Gram": "1386 kJ"
      },
      {
        "Näringsvärde": "Fett",
        "100 Gram": "29 g"
      },
      {
        "Näringsvärde": "Varav mättat fett",
        "100 Gram": "19 g"
      },
      {
        "Näringsvärde": "Kolhydrat",
        "100 Gram": "0.5 g"
      },
      {
        "Näringsvärde": "Varav sockerarter",
        "100 Gram": "0.5 g"
      },
      {
        "Näringsvärde": "Protein",
        "100 Gram": "17 g"
      },
      {
        "Näringsvärde": "Salt",
        "100 Gram": "2 g"
      }
    ],
    "nutritionUnitText": "Näringsvärde per 100 gram",
    "categories": {
      "mainCategory": "Mejeri & Ost",
      "subCategories": [
        {
          "name": "Ost",
          "subSubCategories": [
            "Dessertost",
            "Blåmögelost"
          ]
        }
      ]
    }
  },
  {
    "name": "Golden Kittost 29% 150g Castello®",
    "weightText": "0.15 kg",
    "caPart": "",
    "weightValue": 0.15,
    "weightUnit": "kg",
    "comparePrice": "193,33 kr/kg",
    "currentPrice": 29,
    "attributes": [],
    "imgUrl": "https://handlaprivatkund.ica.se/images-v3/bf7a00ca-390e-4769-865f-dc369586872e/92808d08-d0fd-4a2e-9721-8b1b2a27188c/500x500.jpg",
    "productInformation": "Castello®ost med vitmögeltäckt orange yta och svagt gul, lite blank snittyta. Castello® Golden 29% är en krämig dessertost med en något elastisk konsistens som blir fastare mot kanten. Smaken är fyllig och aromatisk med mild syra, sälta och liten sötma. Den långa eftersmaken har toner av beska och sälta. Castello Golden är en favorit på ostbrickan och smakar särskilt gott till pistagenötter, kummin, salta och söta kex. Servera gärna ett druvigt och blommigt vitt vin till.",
    "countryText": "",
    "companyText": "Castello",
    "ingrediensText": "Pastöriserad MJÖLK och GRÄDDE, salt, syrningskultur, ystenzym, mögel- och vitmögel kultur.",
    "storage": "",
    "allergens": "",
    "usage": "",
    "nutrition": [
      {
        "Näringsvärde": "Energi (kcal)",
        "100 Gram": "409 kcal"
      },
      {
        "Näringsvärde": "Energi (kJ)",
        "100 Gram": "1688 kJ"
      },
      {
        "Näringsvärde": "Fett",
        "100 Gram": "39 g"
      },
      {
        "Näringsvärde": "Varav mättat fett",
        "100 Gram": "25 g"
      },
      {
        "Näringsvärde": "Kolhydrat",
        "100 Gram": "0.5 g"
      },
      {
        "Näringsvärde": "Varav sockerarter",
        "100 Gram": "0.5 g"
      },
      {
        "Näringsvärde": "Protein",
        "100 Gram": "14 g"
      },
      {
        "Näringsvärde": "Salt",
        "100 Gram": "1.7 g"
      }
    ],
    "nutritionUnitText": "Näringsvärde per 100 gram",
    "categories": {
      "mainCategory": "Mejeri & Ost",
      "subCategories": [
        {
          "name": "Ost",
          "subSubCategories": [
            "Dessertost",
            "Kittost"
          ]
        }
      ]
    }
  },
  {
    "name": "Cheddar 32% ca 1,4kg Kvibille",
    "weightText": "Ca 1.4 kg",
    "caPart": "Ca",
    "weightValue": 1.4,
    "weightUnit": "kg",
    "comparePrice": "139,01 kr/kg",
    "currentPrice": 194.61,
    "attributes": [
      "Ursprungsland Sverige",
      "Mjölk från Sverige"
    ],
    "imgUrl": "https://handlaprivatkund.ica.se/images-v3/bf7a00ca-390e-4769-865f-dc369586872e/15e3c815-d9b6-4c77-bd02-87c37655da1f/500x500.jpg",
    "productInformation": "Aromatisk, fyllig och smakrik cheddarost som lagrats i sex till åtta månader. Den är svagt syrlig med tydlig sälta och lång, behaglig eftersmak. Kvibille® Cheddar 6 mån 32% passar utmärkt på ostbricka och är ett trevligt inslag på buffé. Den är också god i matlagning och på smörgås. Lagrad cheddar är en klassisk ost på julbordet. Kvibille® Cheddar 6 månader tillverkas hantverksmässigt på Kvibille mejeri i Halland.",
    "countryText": "Sverige",
    "companyText": "Kvibille",
    "ingrediensText": "Pastöriserad svensk MJÖLK, salt, syrningskultur, ystenzym, konserveringsmedel E251, E202.",
    "storage": "",
    "allergens": "",
    "usage": "",
    "nutrition": [
      {
        "Näringsvärde": "Energi (kcal)",
        "100 Gram": "388 kcal"
      },
      {
        "Näringsvärde": "Energi (kJ)",
        "100 Gram": "1607 kJ"
      },
      {
        "Näringsvärde": "Fett",
        "100 Gram": "32 g"
      },
      {
        "Näringsvärde": "Varav mättat fett",
        "100 Gram": "20 g"
      },
      {
        "Näringsvärde": "Kolhydrat",
        "100 Gram": "0 g"
      },
      {
        "Näringsvärde": "Varav sockerarter",
        "100 Gram": "0 g"
      },
      {
        "Näringsvärde": "Protein",
        "100 Gram": "24 g"
      },
      {
        "Näringsvärde": "Salt",
        "100 Gram": "1.3 g"
      }
    ],
    "nutritionUnitText": "Näringsvärde per 100 gram",
    "categories": {
      "mainCategory": "Mejeri & Ost",
      "subCategories": [
        {
          "name": "Ost",
          "subSubCategories": [
            "Påläggsost",
            "Cheddar"
          ]
        }
      ]
    }
  },
  {
    "name": "Proteinmilkshake Banana 330ml Barebells",
    "weightText": "0.33 l",
    "caPart": "",
    "weightValue": 0.33,
    "weightUnit": "l",
    "comparePrice": "77,27 kr/l",
    "currentPrice": 25.5,
    "attributes": [
      "Laktosfritt"
    ],
    "imgUrl": "https://handlaprivatkund.ica.se/images-v3/bf7a00ca-390e-4769-865f-dc369586872e/5af2661a-a140-4b67-a828-1aa94030005f/500x500.jpg",
    "productInformation": "Proteinrik milkshake med smak av banan. Innehåller sötningsmedel.",
    "countryText": "",
    "companyText": "Barebells",
    "ingrediensText": "MJÖLK/MÆLK (66%), MJÖLK-/MÆLK-/MELKPROTEINKONCENTRAT (31%), vatten/vand, stabiliseringsmedel/stabilisator (cellulosa, cellulosagummi, karragenan), kakaosmör, aromer/aromaer, surhetsreglerande medel (natriumfosfat), laktas, sötningsmedel/sødestoffer (acesulfam-K, sukralos), färgämne/fargestoff (karoten).",
    "storage": "Kan förvaras i rumstemperatur. Öppnad förpackning förvaras i kylskåp och bör förtäras inom 24 timmar. Lägsta förvaringstemperatur 5°C Högsta förvaringstemperatur 22°C",
    "allergens": "Innehåller Mjölk",
    "usage": "",
    "nutrition": [
      {
        "Näringsvärde": "Energi (kcal)",
        "100 Milliliter": "59 kcal"
      },
      {
        "Näringsvärde": "Energi (kJ)",
        "100 Milliliter": "247 kJ"
      },
      {
        "Näringsvärde": "Fett",
        "100 Milliliter": "1.5 g"
      },
      {
        "Näringsvärde": "Varav mättat fett",
        "100 Milliliter": "1 g"
      },
      {
        "Näringsvärde": "Kolhydrat",
        "100 Milliliter": "3.7 g"
      },
      {
        "Näringsvärde": "Varav sockerarter",
        "100 Milliliter": "3.6 g"
      },
      {
        "Näringsvärde": "Protein",
        "100 Milliliter": "7.3 g"
      },
      {
        "Näringsvärde": "Salt",
        "100 Milliliter": "0.21 g"
      },
      {
        "Näringsvärde": "Natrium",
        "100 Milliliter": "84 mg"
      }
    ],
    "nutritionUnitText": "",
    "categories": {
      "mainCategory": "Mejeri & Ost",
      "subCategories": [
        {
          "name": "Kylda mellanmål & desserter",
          "subSubCategories": [
            "Färdig proteindryck"
          ]
        }
      ]
    }
  },
  {
    "name": "Mild Blue blåmögel 150 g Castello",
    "weightText": "0.15 kg",
    "caPart": "",
    "weightValue": 0.15,
    "weightUnit": "kg",
    "comparePrice": "193,33 kr/kg",
    "currentPrice": 29,
    "attributes": [],
    "imgUrl": "https://handlaprivatkund.ica.se/images-v3/bf7a00ca-390e-4769-865f-dc369586872e/97659c15-cb98-4133-8b9a-4b249d133486/500x500.jpg",
    "productInformation": "Castello® Mild Blue, är en härlig kombination av allt det vi gillar från både brie och blåmögelost. Osten kombinerar en mjuk och krämig konsistens med en mild och smörig smak, som i sin tur balanseras upp med en lagom ton av blåmögel. Detta gör att Mild Blue är det perfekta valet för dig som vill uppleva en ny sida av blåmögelost, men även för dig som precis börjat upptäcka de fantastiska mögelostarnas värld.",
    "countryText": "",
    "companyText": "Castello",
    "ingrediensText": "Pastöriserad MJÖLK och GRÄDDE, salt, syrningskultur, ystenzym, blåmögelkultur, mognadskultur.",
    "storage": "",
    "allergens": "",
    "usage": "",
    "nutrition": [
      {
        "Näringsvärde": "Energi (kcal)",
        "100 Gram": "431 kcal"
      },
      {
        "Näringsvärde": "Energi (kJ)",
        "100 Gram": "1779 kJ"
      },
      {
        "Näringsvärde": "Fett",
        "100 Gram": "42 g"
      },
      {
        "Näringsvärde": "Varav mättat fett",
        "100 Gram": "27 g"
      },
      {
        "Näringsvärde": "Kolhydrat",
        "100 Gram": "0.5 g"
      },
      {
        "Näringsvärde": "Varav sockerarter",
        "100 Gram": "0.5 g"
      },
      {
        "Näringsvärde": "Protein",
        "100 Gram": "13 g"
      },
      {
        "Näringsvärde": "Salt",
        "100 Gram": "1.6 g"
      }
    ],
    "nutritionUnitText": "Näringsvärde per 100 gram",
    "categories": {
      "mainCategory": "Mejeri & Ost",
      "subCategories": [
        {
          "name": "Ost",
          "subSubCategories": [
            "Dessertost",
            "Blåmögelost"
          ]
        }
      ]
    }
  },
  {
    "name": "Proteinmilkshake Hallon 330ml Barebells",
    "weightText": "0.33 l",
    "caPart": "",
    "weightValue": 0.33,
    "weightUnit": "l",
    "comparePrice": "77,27 kr/l",
    "currentPrice": 25.5,
    "attributes": [
      "Laktosfritt"
    ],
    "imgUrl": "https://handlaprivatkund.ica.se/images-v3/bf7a00ca-390e-4769-865f-dc369586872e/5dd8c3a0-148b-48eb-8e71-2aaa8ba4d211/500x500.jpg",
    "productInformation": "Proteinrik milkshake med smak av hallon. Innehåller sötningsmedel. Laktosfri",
    "countryText": "",
    "companyText": "Barebells",
    "ingrediensText": "MJÖLK/MÆLK (66%), MJÖLK-/MÆLK-/MELKPROTEINKONCENTRAT (31%), vatten/vand, stabiliseringsmedel/stabilisator (cellulosa, cellulosagummi, karragenan), aromer/aromaer, kakaosmör, surhetsreglerande medel (natriumfosfat), färgämne/fargestoff (karotener), sötningsmedel/sødestoffer (acesulfam-K, sukralos), laktas.",
    "storage": "Kan förvaras i rumstemperatur. Öppnad förpackning förvaras i kylskåp och bör förtäras inom 24 timmar. Lägsta förvaringstemperatur 5°C Högsta förvaringstemperatur 22°C",
    "allergens": "",
    "usage": "",
    "nutrition": [
      {
        "Näringsvärde": "Energi (kcal)",
        "100 Milliliter": "59 kcal"
      },
      {
        "Näringsvärde": "Energi (kJ)",
        "100 Milliliter": "250 kJ"
      },
      {
        "Näringsvärde": "Fett",
        "100 Milliliter": "1.4 g"
      },
      {
        "Näringsvärde": "Varav mättat fett",
        "100 Milliliter": "0.9 g"
      },
      {
        "Näringsvärde": "Kolhydrat",
        "100 Milliliter": "4.1 g"
      },
      {
        "Näringsvärde": "Varav sockerarter",
        "100 Milliliter": "3.7 g"
      },
      {
        "Näringsvärde": "Protein",
        "100 Milliliter": "7.3 g"
      },
      {
        "Näringsvärde": "Salt",
        "100 Milliliter": "0.21 g"
      }
    ],
    "nutritionUnitText": "Näringsvärde per 100 milliliter",
    "categories": {
      "mainCategory": "Mejeri & Ost",
      "subCategories": [
        {
          "name": "Kylda mellanmål & desserter",
          "subSubCategories": [
            "Färdig proteindryck"
          ]
        }
      ]
    }
  },
  {
    "name": "Proteinmilkshake Cookies and Cream 330ml Barebells",
    "weightText": "0.33 l",
    "caPart": "",
    "weightValue": 0.33,
    "weightUnit": "l",
    "comparePrice": "77,27 kr/l",
    "currentPrice": 25.5,
    "attributes": [
      "Laktosfritt"
    ],
    "imgUrl": "https://handlaprivatkund.ica.se/images-v3/bf7a00ca-390e-4769-865f-dc369586872e/94b913be-083c-41ca-8632-aa4d21df2f47/500x500.jpg",
    "productInformation": "Laktosfri proteinrik milkshake med smak av cookies & cream. Innehåller sötningsmedel. Laktosfri",
    "countryText": "",
    "companyText": "Barebells",
    "ingrediensText": "MJÖLK/MÆLK (66 %), MJÖLK-/MÆLK-/MELKPROTEINKONCENTRAT (31 %), vatten/vand, stabiliseringsmedel/stabilisator (cellulosa, cellulosagummi, karragenan), fettreducerad/fedtfattig kakao, kakaosmör, surhetsreglerande medel (natriumfosfat), aromer/aromaer, sötningsmedel/sødestoffer (acesulfam K/acesulfamkalium, sukralos), laktas.",
    "storage": "",
    "allergens": "Innehåller Mjölk",
    "usage": "",
    "nutrition": [
      {
        "Näringsvärde": "Energi (kcal)",
        "100 Milliliter": "58 kcal"
      },
      {
        "Näringsvärde": "Energi (kJ)",
        "100 Milliliter": "245 kJ"
      },
      {
        "Näringsvärde": "Fett",
        "100 Milliliter": "1.4 g"
      },
      {
        "Näringsvärde": "Varav mättat fett",
        "100 Milliliter": "0.9 g"
      },
      {
        "Näringsvärde": "Kolhydrat",
        "100 Milliliter": "3.8 g"
      },
      {
        "Näringsvärde": "Varav sockerarter",
        "100 Milliliter": "3.7 g"
      },
      {
        "Näringsvärde": "Protein",
        "100 Milliliter": "7.3 g"
      },
      {
        "Näringsvärde": "Salt",
        "100 Milliliter": "0.2 g"
      }
    ],
    "nutritionUnitText": "",
    "categories": {
      "mainCategory": "Mejeri & Ost",
      "subCategories": [
        {
          "name": "Kylda mellanmål & desserter",
          "subSubCategories": [
            "Färdig proteindryck"
          ]
        }
      ]
    }
  },
  {
    "name": "Vispgrädde 36% Längre hållbarhet 5dl ICA",
    "weightText": "0.5 l",
    "caPart": "",
    "weightValue": 0.5,
    "weightUnit": "l",
    "comparePrice": "69,00 kr/l",
    "currentPrice": 34.5,
    "attributes": [
      "Ursprungsland Sverige",
      "Mjölk från Sverige"
    ],
    "imgUrl": "https://handlaprivatkund.ica.se/images-v3/bf7a00ca-390e-4769-865f-dc369586872e/0b49c059-5cb0-44a3-a327-70336776bc1c/500x500.jpg",
    "productInformation": "ICA Vispgrädde Längre hållbarhet är gjord på svensk mjölk och passar i allt som ska bli gott! Tårtor, desserter, grytor, gräddsåser, pastasåser, gratänger, glass – eller bara vispad till färsk frukt eller på toppen av en kopp varm choklad. Den här grädden har dessutom lite längre hållbarhet.",
    "countryText": "Sverige",
    "companyText": "ICA",
    "ingrediensText": "HÖGPASTÖRISERAD GRÄDDE*, stabiliseringsmedel (E407). *Ursprung Sverige.",
    "storage": "",
    "allergens": "",
    "usage": "",
    "nutrition": [
      {
        "Näringsvärde": "Energi (kcal)",
        "100 Gram": "346 kcal"
      },
      {
        "Näringsvärde": "Energi (kJ)",
        "100 Gram": "1427 kJ"
      },
      {
        "Näringsvärde": "Fett",
        "100 Gram": "36 g"
      },
      {
        "Näringsvärde": "Varav mättat fett",
        "100 Gram": "23 g"
      },
      {
        "Näringsvärde": "Kolhydrat",
        "100 Gram": "3.2 g"
      },
      {
        "Näringsvärde": "Varav sockerarter",
        "100 Gram": "3.2 g"
      },
      {
        "Näringsvärde": "Protein",
        "100 Gram": "2.4 g"
      },
      {
        "Näringsvärde": "Salt",
        "100 Gram": "0.06 g"
      },
      {
        "Näringsvärde": "Vitamin A",
        "100 Gram": "330 µg"
      },
      {
        "Näringsvärde": "Vitamin B12",
        "100 Gram": "0.4 µg"
      }
    ],
    "nutritionUnitText": "Näringsvärde per 100 gram",
    "categories": {
      "mainCategory": "Mejeri & Ost",
      "subCategories": [
        {
          "name": "Grädde",
          "subSubCategories": [
            "Vispgrädde"
          ]
        }
      ]
    }
  },
  {
    "name": "Mellanmjölk Lite längre hållbarhet 1,5% 1,5l ICA",
    "weightText": "1.5 l",
    "caPart": "",
    "weightValue": 1.5,
    "weightUnit": "l",
    "comparePrice": "13,67 kr/l",
    "currentPrice": 20.5,
    "attributes": [
      "Ursprungsland Sverige",
      "Mjölk från Sverige"
    ],
    "imgUrl": "https://handlaprivatkund.ica.se/images-v3/bf7a00ca-390e-4769-865f-dc369586872e/f3d472b7-4397-431e-8ea1-226e1cde3e0c/500x500.jpg",
    "productInformation": "ICA Mellanmjölk Lite längre hållbarhet låter kanske för bra för att vara sann, men det är mjölk vi har värmt upp till högre temperatur (högpastöriserad) jämfört med vanlig traditionell lågpastöriserad mjölk. Det gör både att hållbarheten blir längre och att smaken kan upplevas mer fyllig och gräddig – två ganska trevliga fördelar utöver att den står sig längre. Den är berikad med D-vitamin och utan några andra tillsatser. Dessutom kommer den från svenska gårdar.",
    "countryText": "Sverige",
    "companyText": "ICA",
    "ingrediensText": "Högpastöriserad MJÖLK*, vitamin D. *Ursprung Sverige.",
    "storage": "Lägsta förvaringstemperatur 2°C Högsta förvaringstemperatur 8°C",
    "allergens": "Innehåller Mjölk",
    "usage": "",
    "nutrition": [
      {
        "Näringsvärde": "Energi (kcal)",
        "100 Milliliter": "47 kcal"
      },
      {
        "Näringsvärde": "Energi (kJ)",
        "100 Milliliter": "195 kJ"
      },
      {
        "Näringsvärde": "Fett",
        "100 Milliliter": "1.5 g"
      },
      {
        "Näringsvärde": "Varav mättat fett",
        "100 Milliliter": "1 g"
      },
      {
        "Näringsvärde": "Kolhydrat",
        "100 Milliliter": "4.7 g"
      },
      {
        "Näringsvärde": "Varav sockerarter",
        "100 Milliliter": "4.7 g"
      },
      {
        "Näringsvärde": "Protein",
        "100 Milliliter": "3.5 g"
      },
      {
        "Näringsvärde": "Salt",
        "100 Milliliter": "0.09 g"
      },
      {
        "Näringsvärde": "Vitamin B12",
        "100 Milliliter": "0.4 µg",
        "% av DRI(*)": "16"
      },
      {
        "Näringsvärde": "Vitamin D",
        "100 Milliliter": "1 µg",
        "% av DRI(*)": "20"
      },
      {
        "Näringsvärde": "Riboflavin",
        "100 Milliliter": "0.14 mg",
        "% av DRI(*)": "10"
      },
      {
        "Näringsvärde": "Pantotensyra",
        "100 Milliliter": "0.5 mg",
        "% av DRI(*)": "8"
      },
      {
        "Näringsvärde": "Kalium",
        "100 Milliliter": "160 mg",
        "% av DRI(*)": "8"
      },
      {
        "Näringsvärde": "Klorid",
        "100 Milliliter": "92 mg",
        "% av DRI(*)": "12"
      },
      {
        "Näringsvärde": "Kalcium",
        "100 Milliliter": "124 mg",
        "% av DRI(*)": "16"
      },
      {
        "Näringsvärde": "Fosfor",
        "100 Milliliter": "139 mg",
        "% av DRI(*)": "20"
      },
      {
        "Näringsvärde": "Molybden",
        "100 Milliliter": "3.8 µg",
        "% av DRI(*)": "8"
      },
      {
        "Näringsvärde": "Jod",
        "100 Milliliter": "22 µg",
        "% av DRI(*)": "15"
      }
    ],
    "nutritionUnitText": "Näringsvärde per 100 milliliter",
    "categories": {
      "mainCategory": "Mejeri & Ost",
      "subCategories": [
        {
          "name": "Mjölk",
          "subSubCategories": [
            "Mellanmjölk",
            "Mellanmjölk, laktos"
          ]
        }
      ]
    }
  },
  {
    "name": "Färsk mellanmjölk 1,5% 1,5l Arla Ko®",
    "weightText": "1.5 l",
    "caPart": "",
    "weightValue": 1.5,
    "weightUnit": "l",
    "comparePrice": "13,67 kr/l",
    "currentPrice": 20.5,
    "attributes": [
      "Ursprungsland Sverige"
    ],
    "imgUrl": "https://handlaprivatkund.ica.se/images-v3/bf7a00ca-390e-4769-865f-dc369586872e/97af873a-d2bf-4109-b0b7-8fd0df48baca/500x500.jpg",
    "productInformation": "Färsk mellanmjölk från Arla, gjord på svensk mjölk från Arlagårdar nu med ännu bättre djuromsorg hela året runt. Mellanmjölk har en härligt fyllig mjölksmak och är ett populärt val till frukostflingorna, gröten eller som dryck till måltiden. Arla Ko® färsk mellanmjölk är en naturlig källa till bland annat protein, kalcium och vitamin B12. Protein bidrar till muskeluppbyggnad och kalcium behövs för att bibehålla en normal benstomme. Varumärket Arla Ko® garanterar att produkten är gjord på 100 procent svensk mjölk.",
    "countryText": "Sverige",
    "companyText": "Arla Ko",
    "ingrediensText": "MJÖLK, vitamin D. Lågpastöriserad.",
    "storage": "Lägsta förvaringstemperatur 2°C Högsta förvaringstemperatur 8°C",
    "allergens": "Innehåller Mjölk",
    "usage": "",
    "nutrition": [
      {
        "Näringsvärde": "Energi (kcal)",
        "100 Gram": "47 kcal"
      },
      {
        "Näringsvärde": "Energi (kJ)",
        "100 Gram": "195 kJ"
      },
      {
        "Näringsvärde": "Fett",
        "100 Gram": "1.5 g"
      },
      {
        "Näringsvärde": "Varav mättat fett",
        "100 Gram": "1 g"
      },
      {
        "Näringsvärde": "Kolhydrat",
        "100 Gram": "4.7 g"
      },
      {
        "Näringsvärde": "Varav sockerarter",
        "100 Gram": "4.7 g"
      },
      {
        "Näringsvärde": "Protein",
        "100 Gram": "3.5 g"
      },
      {
        "Näringsvärde": "Salt",
        "100 Gram": "0.09 g"
      },
      {
        "Näringsvärde": "Vitamin B12",
        "100 Gram": "0.4 µg",
        "% av DRI(*)": "16"
      },
      {
        "Näringsvärde": "Vitamin D",
        "100 Gram": "1 µg",
        "% av DRI(*)": "20"
      },
      {
        "Näringsvärde": "Riboflavin",
        "100 Gram": "0.14 mg",
        "% av DRI(*)": "10"
      },
      {
        "Näringsvärde": "Pantotensyra",
        "100 Gram": "0.5 mg",
        "% av DRI(*)": "8"
      },
      {
        "Näringsvärde": "Kalium",
        "100 Gram": "160 mg",
        "% av DRI(*)": "8"
      },
      {
        "Näringsvärde": "Klorid",
        "100 Gram": "92 mg",
        "% av DRI(*)": "12"
      },
      {
        "Näringsvärde": "Kalcium",
        "100 Gram": "124 mg",
        "% av DRI(*)": "16"
      },
      {
        "Näringsvärde": "Fosfor",
        "100 Gram": "139 mg",
        "% av DRI(*)": "20"
      },
      {
        "Näringsvärde": "Molybden",
        "100 Gram": "3.8 µg",
        "% av DRI(*)": "8"
      }
    ],
    "nutritionUnitText": "Näringsvärde per 100 gram",
    "categories": {
      "mainCategory": "Mejeri & Ost",
      "subCategories": [
        {
          "name": "Mjölk",
          "subSubCategories": [
            "Mellanmjölk",
            "Mellanmjölk, laktos"
          ]
        }
      ]
    }
  },
  {
    "name": "Matlagningsgrädde 13% 5dl ICA",
    "weightText": "0.5 l",
    "caPart": "",
    "weightValue": 0.5,
    "weightUnit": "l",
    "comparePrice": "53,00 kr/l",
    "currentPrice": 26.5,
    "attributes": [
      "Ursprungsland Sverige",
      "Mjölk från Sverige"
    ],
    "imgUrl": "https://handlaprivatkund.ica.se/images-v3/bf7a00ca-390e-4769-865f-dc369586872e/3f57f464-099d-4a9c-930f-572ed8309208/500x500.jpg",
    "productInformation": "ICA Matlagningsgrädde har lite lägre fetthalt än vanlig grädde, vilket gör att den passar perfekt till såser och annat som inte behöver tjockna. Om du vill ha en grädde som går att vispa får du dock välja mellangrädde eller vispgrädde istället. Vår matlagningsgrädde är gjord på svensk mjölk från svenska gårdar.",
    "countryText": "Sverige",
    "companyText": "ICA",
    "ingrediensText": "Högpastöriserad GRÄDDE*. *Ursprung Sverige.",
    "storage": "Lägsta förvaringstemperatur 2°C Högsta förvaringstemperatur 8°C",
    "allergens": "Innehåller Mjölk",
    "usage": "",
    "nutrition": [
      {
        "Näringsvärde": "Energi (kcal)",
        "100 Gram": "146 kcal"
      },
      {
        "Näringsvärde": "Energi (kJ)",
        "100 Gram": "603 kJ"
      },
      {
        "Näringsvärde": "Fett",
        "100 Gram": "13 g"
      },
      {
        "Näringsvärde": "Varav mättat fett",
        "100 Gram": "8.3 g"
      },
      {
        "Näringsvärde": "Kolhydrat",
        "100 Gram": "4.1 g"
      },
      {
        "Näringsvärde": "Varav sockerarter",
        "100 Gram": "4.1 g"
      },
      {
        "Näringsvärde": "Protein",
        "100 Gram": "3.1 g"
      },
      {
        "Näringsvärde": "Salt",
        "100 Gram": "0.08 g"
      }
    ],
    "nutritionUnitText": "Näringsvärde per 100 gram",
    "categories": {
      "mainCategory": "Mejeri & Ost",
      "subCategories": [
        {
          "name": "Grädde",
          "subSubCategories": [
            "Matlagningsgrädde"
          ]
        }
      ]
    }
  },
  {
    "name": "Mellanmjölkdryck 1,5% Laktosfri 1,5l Arla Ko®",
    "weightText": "1.5 l",
    "caPart": "",
    "weightValue": 1.5,
    "weightUnit": "l",
    "comparePrice": "15,97 kr/l",
    "currentPrice": 23.95,
    "attributes": [
      "Ursprungsland Sverige",
      "Mjölk från Sverige",
      "Laktosfritt"
    ],
    "imgUrl": "https://handlaprivatkund.ica.se/images-v3/bf7a00ca-390e-4769-865f-dc369586872e/59fd5751-ae58-4126-9200-40b35caa2db8/500x500.jpg",
    "productInformation": "Laktosfri mellanmjölkdryck gjord på svensk mjölk från Arlagårdar. Mellanmjölkdrycken är framtagen för vuxna och barn med laktosintolerans och är därför fri från laktos. Den har en fyllig mjölksmak och är ett populärt val till frukostgröt, müsli och flingor men även som dryck till maten eller efter träning. Arla Ko® laktosfri mellanmjölkdryck är en naturlig källa till bland annat protein, kalcium och vitamin B12. Protein bidrar till muskeluppbyggnad och kalcium behövs för att bibehålla en normal benstomme. Varumärket Arla Ko® garanterar att produkten är gjord på 100 procent svensk mjölk. \n \n Högpastöriserad.",
    "countryText": "Sverige",
    "companyText": "Arla Ko",
    "ingrediensText": "MJÖLK, laktasenzym, vitamin D.",
    "storage": "",
    "allergens": "",
    "usage": "",
    "nutrition": [
      {
        "Näringsvärde": "Energi (kcal)",
        "100 Gram": "37 kcal"
      },
      {
        "Näringsvärde": "Energi (kJ)",
        "100 Gram": "154 kJ"
      },
      {
        "Näringsvärde": "Fett",
        "100 Gram": "1.5 g"
      },
      {
        "Näringsvärde": "Varav mättat fett",
        "100 Gram": "1 g"
      },
      {
        "Näringsvärde": "Kolhydrat",
        "100 Gram": "2.4 g"
      },
      {
        "Näringsvärde": "Varav sockerarter",
        "100 Gram": "2.4 g"
      },
      {
        "Näringsvärde": "Protein",
        "100 Gram": "3.4 g"
      },
      {
        "Näringsvärde": "Salt",
        "100 Gram": "0.08 g"
      },
      {
        "Näringsvärde": "Vitamin B12",
        "100 Gram": "0.4 µg",
        "% av DRI(*)": "16"
      },
      {
        "Näringsvärde": "Vitamin D",
        "100 Gram": "1 µg",
        "% av DRI(*)": "20"
      },
      {
        "Näringsvärde": "Riboflavin",
        "100 Gram": "0.13 mg",
        "% av DRI(*)": "9"
      },
      {
        "Näringsvärde": "Kalcium",
        "100 Gram": "112 mg",
        "% av DRI(*)": "14"
      }
    ],
    "nutritionUnitText": "Näringsvärde per 100 gram",
    "categories": {
      "mainCategory": "Mejeri & Ost",
      "subCategories": [
        {
          "name": "Mjölk",
          "subSubCategories": [
            "Mellanmjölk",
            "Mellanmjölk, laktosfri"
          ]
        }
      ]
    }
  },
  {
    "name": "Mjölkdryck längre hållbarhet 1,3% 1,5l Klöver®",
    "weightText": "1.5 l",
    "caPart": "",
    "weightValue": 1.5,
    "weightUnit": "l",
    "comparePrice": "12,63 kr/l",
    "currentPrice": 18.95,
    "attributes": [
      "Ursprungsland Sverige"
    ],
    "imgUrl": "https://handlaprivatkund.ica.se/images-v3/bf7a00ca-390e-4769-865f-dc369586872e/dee41ddc-2d30-4823-976a-1cd168ab886c/500x500.jpg",
    "productInformation": "Information från leverantör\nMjölkdryck gjord på svensk mjölk från Arlagårdar har tack vare en utökad värmebehandling en lite längre hållbarhet än vanlig mjölk. Klöver® mjölkdryck har en lätt och god smak och passar perfekt i t.ex. pannkakor, smoothies eller som måltidsdryck. Symbolen med den blågula mjölkkannan garanterar 100 procent svensk mjölk. \n Mjölkdryck gjord på svensk mjölk från Arlagårdar har tack vare en utökad värmebehandling en lite längre hållbarhet än vanlig mjölk. Klöver® mjölkdryck har en lätt och god smak och passar perfekt i t.ex. pannkakor, smoothies eller som måltidsdryck. Symbolen med den blågula mjölkkannan garanterar 100 procent svensk mjölk.",
    "countryText": "Sverige",
    "companyText": "Klöver",
    "ingrediensText": "MJÖLK, filtrerad MJÖLK (MJÖLKretentat), vitamin D. Högpastöriserad.",
    "storage": "Lägsta förvaringstemperatur 2°C Högsta förvaringstemperatur 8°C",
    "allergens": "Innehåller Mjölk",
    "usage": "",
    "nutrition": [
      {
        "Näringsvärde": "Energi (kcal)",
        "100 Gram": "48 kcal"
      },
      {
        "Näringsvärde": "Energi (kJ)",
        "100 Gram": "201 kJ"
      },
      {
        "Näringsvärde": "Fett",
        "100 Gram": "1.3 g"
      },
      {
        "Näringsvärde": "Varav mättat fett",
        "100 Gram": "0.8 g"
      },
      {
        "Näringsvärde": "Kolhydrat",
        "100 Gram": "6 g"
      },
      {
        "Näringsvärde": "Varav sockerarter",
        "100 Gram": "6 g"
      },
      {
        "Näringsvärde": "Protein",
        "100 Gram": "3.1 g"
      },
      {
        "Näringsvärde": "Salt",
        "100 Gram": "0.1 g"
      },
      {
        "Näringsvärde": "Vitamin B12",
        "100 Gram": "0.41 µg",
        "% av DRI(*)": "16"
      },
      {
        "Näringsvärde": "Vitamin D",
        "100 Gram": "1 µg",
        "% av DRI(*)": "20"
      },
      {
        "Näringsvärde": "Riboflavin",
        "100 Gram": "0.16 mg",
        "% av DRI(*)": "11"
      },
      {
        "Näringsvärde": "Pantotensyra",
        "100 Gram": "0.6 mg",
        "% av DRI(*)": "10"
      },
      {
        "Näringsvärde": "Kalium",
        "100 Gram": "176 mg",
        "% av DRI(*)": "9"
      },
      {
        "Näringsvärde": "Klorid",
        "100 Gram": "78.8 mg",
        "% av DRI(*)": "10"
      },
      {
        "Näringsvärde": "Kalcium",
        "100 Gram": "123 mg",
        "% av DRI(*)": "15"
      },
      {
        "Näringsvärde": "Fosfor",
        "100 Gram": "135 mg",
        "% av DRI(*)": "19"
      },
      {
        "Näringsvärde": "Molybden",
        "100 Gram": "4 µg",
        "% av DRI(*)": "8"
      }
    ],
    "nutritionUnitText": "Näringsvärde per 100 gram",
    "categories": {
      "mainCategory": "Mejeri & Ost",
      "subCategories": [
        {
          "name": "Mjölk",
          "subSubCategories": [
            "Mellanmjölk",
            "Mellanmjölk, laktos"
          ]
        }
      ]
    }
  },
  {
    "name": "Standardmjölk Extra lång hållbarhet 3% 1,5l ICA",
    "weightText": "1.5 l",
    "caPart": "",
    "weightValue": 1.5,
    "weightUnit": "l",
    "comparePrice": "13,67 kr/l",
    "currentPrice": 20.5,
    "attributes": [
      "Ursprungsland Sverige",
      "Mjölk från Sverige"
    ],
    "imgUrl": "https://handlaprivatkund.ica.se/images-v3/bf7a00ca-390e-4769-865f-dc369586872e/d957a984-7502-4a15-8724-89f3b0512328/500x500.jpg",
    "productInformation": "ICA Standardmjölk är en fyllig och god mjölk med 3% fetthalt. Den passar att dricka till dagens alla måltider, är särskilt god till kakor och nästan en nödvändighet till sommarens jordgubbar. Dessutom kan du baka med den.",
    "countryText": "Sverige",
    "companyText": "ICA",
    "ingrediensText": "Högpastöriserad MJÖLK*, vitamin D. *Ursprung Sverige.",
    "storage": "Lägsta förvaringstemperatur 2°C Högsta förvaringstemperatur 8°C",
    "allergens": "Innehåller Mjölk",
    "usage": "",
    "nutrition": [
      {
        "Näringsvärde": "Energi (kcal)",
        "100 Milliliter": "59 kcal"
      },
      {
        "Näringsvärde": "Energi (kJ)",
        "100 Milliliter": "248 kJ"
      },
      {
        "Näringsvärde": "Fett",
        "100 Milliliter": "3 g"
      },
      {
        "Näringsvärde": "Varav mättat fett",
        "100 Milliliter": "1.9 g"
      },
      {
        "Näringsvärde": "Kolhydrat",
        "100 Milliliter": "4.6 g"
      },
      {
        "Näringsvärde": "Varav sockerarter",
        "100 Milliliter": "4.6 g"
      },
      {
        "Näringsvärde": "Protein",
        "100 Milliliter": "3.5 g"
      },
      {
        "Näringsvärde": "Salt",
        "100 Milliliter": "0.09 g"
      },
      {
        "Näringsvärde": "Vitamin B12",
        "100 Milliliter": "0.4 µg",
        "% av DRI(*)": "16"
      },
      {
        "Näringsvärde": "Vitamin D",
        "100 Milliliter": "1 µg",
        "% av DRI(*)": "20"
      },
      {
        "Näringsvärde": "Riboflavin",
        "100 Milliliter": "0.14 mg",
        "% av DRI(*)": "10"
      },
      {
        "Näringsvärde": "Pantotensyra",
        "100 Milliliter": "0.5 mg",
        "% av DRI(*)": "8"
      },
      {
        "Näringsvärde": "Kalium",
        "100 Milliliter": "160 mg",
        "% av DRI(*)": "8"
      },
      {
        "Näringsvärde": "Klorid",
        "100 Milliliter": "92 mg",
        "% av DRI(*)": "12"
      },
      {
        "Näringsvärde": "Kalcium",
        "100 Milliliter": "124 mg",
        "% av DRI(*)": "16"
      },
      {
        "Näringsvärde": "Fosfor",
        "100 Milliliter": "139 mg",
        "% av DRI(*)": "20"
      },
      {
        "Näringsvärde": "Molybden",
        "100 Milliliter": "3.8 µg",
        "% av DRI(*)": "8"
      },
      {
        "Näringsvärde": "Jod",
        "100 Milliliter": "22 µg",
        "% av DRI(*)": "15"
      }
    ],
    "nutritionUnitText": "Näringsvärde per 100 milliliter",
    "categories": {
      "mainCategory": "Mejeri & Ost",
      "subCategories": [
        {
          "name": "Mjölk",
          "subSubCategories": [
            "Standardmjölk",
            "Standardmjölk, laktos"
          ]
        }
      ]
    }
  },
  {
    "name": "Smör Normalsaltat Svenskt 82% 500g Arla",
    "weightText": "0.5 kg",
    "caPart": "",
    "weightValue": 0.5,
    "weightUnit": "kg",
    "comparePrice": "147,90 kr/kg",
    "currentPrice": 73.95,
    "attributes": [
      "Ursprungsland Sverige"
    ],
    "imgUrl": "https://handlaprivatkund.ica.se/images-v3/bf7a00ca-390e-4769-865f-dc369586872e/1b34b3e7-acfd-4257-ac6e-f8eedc69a73c/500x500.jpg",
    "productInformation": "Svenskt Smör från Arla® Normalsaltat smör är kärnat av färsk svensk grädde från Arlagårdar och en nypa salt. Normalsaltat smör passar lika fint till stekning och bakning som smakhöjare i matlagningen. Njut av lite smör på potatisen och laxen eller på nybakat bröd. Svenskt Smör från Arla® Normalsaltat är en kvalitetsprodukt från Götene, med endast naturliga råvaror. När du ser den blågula gräddkannan kan du vara säker på att produkten innehåller 100% svensk grädde.",
    "countryText": "Sverige",
    "companyText": "Svenskt smör",
    "ingrediensText": "Pastöriserad GRÄDDE, mjölksyrakultur, salt.",
    "storage": "Lägsta förvaringstemperatur 2°C Högsta förvaringstemperatur 8°C",
    "allergens": "",
    "usage": "",
    "nutrition": [
      {
        "Näringsvärde": "Energi (kcal)",
        "100 Gram": "739 kcal"
      },
      {
        "Näringsvärde": "Energi (kJ)",
        "100 Gram": "3038 kJ"
      },
      {
        "Näringsvärde": "Fett",
        "100 Gram": "82 g"
      },
      {
        "Näringsvärde": "Varav fleromättat fett",
        "100 Gram": "1.9 g",
        "% av DRI(*)": "0"
      },
      {
        "Näringsvärde": "Varav mättat fett",
        "100 Gram": "52 g"
      },
      {
        "Näringsvärde": "Varav enkelomättat fett",
        "100 Gram": "20 g",
        "% av DRI(*)": "0"
      },
      {
        "Näringsvärde": "Kolhydrat",
        "100 Gram": "0.7 g"
      },
      {
        "Näringsvärde": "Varav sockerarter",
        "100 Gram": "0.7 g"
      },
      {
        "Näringsvärde": "Protein",
        "100 Gram": "0.6 g"
      },
      {
        "Näringsvärde": "Salt",
        "100 Gram": "1.2 g"
      },
      {
        "Näringsvärde": "Vitamin A",
        "100 Gram": "723 µg",
        "% av DRI(*)": "90"
      }
    ],
    "nutritionUnitText": "Näringsvärde per 100 gram",
    "categories": {
      "mainCategory": "Mejeri & Ost",
      "subCategories": [
        {
          "name": "Smör & Margarin",
          "subSubCategories": [
            "Matfett smör"
          ]
        }
      ]
    }
  },
  {
    "name": "Havredryck iKaffe 3% 1l Oatly",
    "weightText": "1 l",
    "caPart": "",
    "weightValue": 1,
    "weightUnit": "l",
    "comparePrice": "19,95 kr/l",
    "currentPrice": 19.95,
    "attributes": [],
    "imgUrl": "https://handlaprivatkund.ica.se/images-v3/bf7a00ca-390e-4769-865f-dc369586872e/80d0df30-ad64-4731-8861-e62e0de6a16b/500x500.jpg",
    "productInformation": "En havredryck perfekt att skumma i kaffet. 3% fetthalt.",
    "countryText": "",
    "companyText": "Oatly",
    "ingrediensText": "INGREDIENSER: Vatten/vann/vand, HAVRE 10%, rapsolja, surhetsreglerande medel/surhedsregulerende middel (dikaliumfosfat), kalciumkarbonat, salt, vitaminer (D2, riboflavin, B12), kaliumjodid.",
    "storage": "Oöppnad förpackning förvaras i rumstemperatur. Öppnad förpackning förvaras i kylskåp i max +8°C. Hållbar minst 5 dagar.",
    "allergens": "Innehåller Spannmål som innehåller gluten",
    "usage": "",
    "nutrition": [
      {
        "Näringsvärde": "Energi (kcal)",
        "100 Milliliter": "61 kcal"
      },
      {
        "Näringsvärde": "Energi (kJ)",
        "100 Milliliter": "257 kJ"
      },
      {
        "Näringsvärde": "Fett",
        "100 Milliliter": "3 g"
      },
      {
        "Näringsvärde": "Varav mättat fett",
        "100 Milliliter": "0.3 g"
      },
      {
        "Näringsvärde": "Kolhydrat",
        "100 Milliliter": "7.1 g"
      },
      {
        "Näringsvärde": "Varav sockerarter",
        "100 Milliliter": "3.4 g"
      },
      {
        "Näringsvärde": "Fiber",
        "100 Milliliter": "0.8 g"
      },
      {
        "Näringsvärde": "Protein",
        "100 Milliliter": "1.1 g"
      },
      {
        "Näringsvärde": "Salt",
        "100 Milliliter": "0.1 g"
      },
      {
        "Näringsvärde": "Vitamin B12",
        "100 Milliliter": "0.38 µg",
        "% av DRI(*)": "15"
      },
      {
        "Näringsvärde": "Vitamin D",
        "100 Milliliter": "1.1 µg",
        "% av DRI(*)": "22"
      },
      {
        "Näringsvärde": "Riboflavin",
        "100 Milliliter": "0.21 mg",
        "% av DRI(*)": "15"
      },
      {
        "Näringsvärde": "Kalcium",
        "100 Milliliter": "120 mg",
        "% av DRI(*)": "15"
      },
      {
        "Näringsvärde": "Jod",
        "100 Milliliter": "22.5 µg",
        "% av DRI(*)": "15"
      }
    ],
    "nutritionUnitText": "Näringsvärde per 100 milliliter",
    "categories": {
      "mainCategory": "Mejeri & Ost",
      "subCategories": [
        {
          "name": "Mjölk",
          "subSubCategories": [
            "Mjölkfri dryck",
            "Havredryck"
          ]
        }
      ]
    }
  },
  {
    "name": "Mellanmjölkdryck Laktosfri 1,5% 1,5l ICA",
    "weightText": "1.5 l",
    "caPart": "",
    "weightValue": 1.5,
    "weightUnit": "l",
    "comparePrice": "15,67 kr/l",
    "currentPrice": 23.5,
    "attributes": [
      "Från Sverige",
      "Ursprungsland Sverige",
      "Laktosfritt"
    ],
    "imgUrl": "https://handlaprivatkund.ica.se/images-v3/bf7a00ca-390e-4769-865f-dc369586872e/762d16f8-85ed-440b-8193-cc3f9b5a5ae6/500x500.jpg",
    "productInformation": "ICA Mellanmjölk Laktosfri passar dig som är laktosintolerant och både smakar och beter sig som vanlig mjölk. Den är god att dricka till maten, att ha till flingor eller gröt och att hälla i kaffet. Den här mjölken kommer från kor på svenska gårdar.",
    "countryText": "Sverige",
    "companyText": "ICA",
    "ingrediensText": "Högpastöriserad mjölk, laktasenzym, vitamin D.",
    "storage": "",
    "allergens": "",
    "usage": "",
    "nutrition": [],
    "nutritionUnitText": "Näringsvärde per styck",
    "categories": {
      "mainCategory": "Mejeri & Ost",
      "subCategories": [
        {
          "name": "Mjölk",
          "subSubCategories": [
            "Mellanmjölk",
            "Mellanmjölk, laktosfri"
          ]
        }
      ]
    }
  },
  {
    "name": "Crème fraiche 32% 2dl ICA",
    "weightText": "0.2 l",
    "caPart": "",
    "weightValue": 0.2,
    "weightUnit": "l",
    "comparePrice": "74,75 kr/l",
    "currentPrice": 14.95,
    "attributes": [],
    "imgUrl": "https://handlaprivatkund.ica.se/images-v3/bf7a00ca-390e-4769-865f-dc369586872e/cae54045-cb80-4708-b120-a4665d09f1f7/500x500.jpg",
    "productInformation": "ICA Crème fraîche passar i både varma och kalla rätter som behöver lite krämighet, till exempel såser, pastasåser, en kall klick på blinier med löjrom eller vid sidan av en het gryta.",
    "countryText": "",
    "companyText": "ICA",
    "ingrediensText": "Crème fraiche (högpastöriserad grädde*, syrningskultur). *Ursprung Sverige/Tyskland. Vid brist på svensk grädde används grädde från Tyskland.",
    "storage": "",
    "allergens": "",
    "usage": "",
    "nutrition": [
      {
        "Näringsvärde": "Energi (kcal)",
        "100 Gram": "310 kcal"
      },
      {
        "Näringsvärde": "Energi (kJ)",
        "100 Gram": "1300 kJ"
      },
      {
        "Näringsvärde": "Fett",
        "100 Gram": "32 g"
      },
      {
        "Näringsvärde": "Varav mättat fett",
        "100 Gram": "20 g"
      },
      {
        "Näringsvärde": "Kolhydrat",
        "100 Gram": "2.4 g"
      },
      {
        "Näringsvärde": "Varav sockerarter",
        "100 Gram": "2.4 g"
      },
      {
        "Näringsvärde": "Protein",
        "100 Gram": "2.4 g"
      },
      {
        "Näringsvärde": "Salt",
        "100 Gram": "0.1 g"
      }
    ],
    "nutritionUnitText": "Näringsvärde per 100 gram",
    "categories": {
      "mainCategory": "Mejeri & Ost",
      "subCategories": [
        {
          "name": "Crème fraiche",
          "subSubCategories": [
            "Crème fraiche naturell"
          ]
        }
      ]
    }
  },
  {
    "name": "Kvarg Mild Vanilj 0,2% Laktosfri 1000g Arla®",
    "weightText": "1 kg",
    "caPart": "",
    "weightValue": 1,
    "weightUnit": "kg",
    "comparePrice": "45,95 kr/kg",
    "currentPrice": 45.95,
    "attributes": [
      "Laktosfritt"
    ],
    "imgUrl": "https://handlaprivatkund.ica.se/images-v3/bf7a00ca-390e-4769-865f-dc369586872e/0cd3720b-bc5c-4f40-b425-0d6e4bda24e6/500x500.jpg",
    "productInformation": "Mild laktosfri kvarg med vaniljsmak från äkta vaniljstång. Arla® mild kvarg vanilj har inget tillsatt socker och innehåller mycket protein vilket är ett gott val för dig som tränar mycket. Välj kvarg vanilj för en god start på dagen, som ett gott mellanmål och i samband med träning. Njut av den krämiga kvargen som den är eller med goda nötter, frukt eller färska bär. Kvarg från Arla® är alltid laktosfri. 1 000 g.",
    "countryText": "",
    "companyText": "Arla",
    "ingrediensText": "Ingredienser: MJÖLK, vatten, majsstärkelse, vaniljextrakt, naturlig vaniljarom, mald vaniljstång sötningsmedel (aspartam**), förtjockningsmedel (citruspektin), citronjuicekoncentrat, mjölksyrakultur, laktasenzym. Mjölken är högpastöriserad. **Innehåller en fenylalaninkälla.",
    "storage": "",
    "allergens": "",
    "usage": "",
    "nutrition": [
      {
        "Näringsvärde": "Energi (kcal)",
        "100 Gram": "60 kcal"
      },
      {
        "Näringsvärde": "Energi (kJ)",
        "100 Gram": "250 kJ"
      },
      {
        "Näringsvärde": "Fett",
        "100 Gram": "0.2 g"
      },
      {
        "Näringsvärde": "Varav mättat fett",
        "100 Gram": "0.1 g"
      },
      {
        "Näringsvärde": "Kolhydrat",
        "100 Gram": "4 g"
      },
      {
        "Näringsvärde": "Varav sockerarter",
        "100 Gram": "3.5 g"
      },
      {
        "Näringsvärde": "Protein",
        "100 Gram": "9.7 g"
      },
      {
        "Näringsvärde": "Salt",
        "100 Gram": "0.1 g"
      }
    ],
    "nutritionUnitText": "Näringsvärde per 100 gram",
    "categories": {
      "mainCategory": "Mejeri & Ost",
      "subCategories": [
        {
          "name": "Kvarg",
          "subSubCategories": [
            "Laktosfri kvarg"
          ]
        }
      ]
    }
  },
  {
    "name": "Crème fraiche 32% 5dl ICA",
    "weightText": "0.5 l",
    "caPart": "",
    "weightValue": 0.5,
    "weightUnit": "l",
    "comparePrice": "71,00 kr/l",
    "currentPrice": 35.5,
    "attributes": [],
    "imgUrl": "https://handlaprivatkund.ica.se/images-v3/bf7a00ca-390e-4769-865f-dc369586872e/4f026272-ff5e-4979-8efa-7f12bcfedf9d/500x500.jpg",
    "productInformation": "ICA Crème fraîche passar i både varma och kalla rätter som behöver lite krämighet, till exempel såser, pastasåser, en kall klick på blinier med löjrom eller vid sidan av en het gryta.",
    "countryText": "",
    "companyText": "ICA",
    "ingrediensText": "Crème fraiche (högpastöriserad GRÄDDE* och syrningskultur). *Ursprung Sverige/Tyskland. Vid brist på svensk grädde används grädde från Tyskland.",
    "storage": "",
    "allergens": "",
    "usage": "",
    "nutrition": [
      {
        "Näringsvärde": "Energi (kcal)",
        "100 Gram": "310 kcal"
      },
      {
        "Näringsvärde": "Energi (kJ)",
        "100 Gram": "1300 kJ"
      },
      {
        "Näringsvärde": "Fett",
        "100 Gram": "32 g"
      },
      {
        "Näringsvärde": "Varav mättat fett",
        "100 Gram": "20 g"
      },
      {
        "Näringsvärde": "Kolhydrat",
        "100 Gram": "2.4 g"
      },
      {
        "Näringsvärde": "Varav sockerarter",
        "100 Gram": "2.4 g"
      },
      {
        "Näringsvärde": "Protein",
        "100 Gram": "2.4 g"
      },
      {
        "Näringsvärde": "Salt",
        "100 Gram": "0.1 g"
      }
    ],
    "nutritionUnitText": "Näringsvärde per 100 gram",
    "categories": {
      "mainCategory": "Mejeri & Ost",
      "subCategories": [
        {
          "name": "Crème fraiche",
          "subSubCategories": [
            "Crème fraiche naturell"
          ]
        }
      ]
    }
  },
  {
    "name": "Feta 150g ICA",
    "weightText": "0.15 kg",
    "caPart": "",
    "weightValue": 0.15,
    "weightUnit": "kg",
    "comparePrice": "146,33 kr/kg",
    "currentPrice": 21.95,
    "attributes": [],
    "imgUrl": "https://handlaprivatkund.ica.se/images-v3/bf7a00ca-390e-4769-865f-dc369586872e/7bb0af2c-3351-4ef1-8695-a915f09dabd4/500x500.jpg",
    "productInformation": "ICA Feta har den där karaktäristiska salta smaken och mjuksmuliga konsistensen som äkta feta ska ha. Den här osten är P.D.O-skyddad, vilket betyder att den är gjord i Grekland enligt traditionella metoder. Feta passar i allt ifrån passar i pastasås, färsbiffar, sallader och på buffébordet. På sommaren är den dessutom ett utsökt sällskap till vattenmelon! Tänk bara på att den inte smälter utan behåller sin konsistens även efter att den har hettats upp. \n \n 24% fetthalt.",
    "countryText": "",
    "companyText": "ICA",
    "ingrediensText": "Pastöriserad MJÖLK* från får och get, havssalt, syrningskultur, mjölkkoagulerande enzym (mikrobiellt). *Ursprung Grekland.",
    "storage": "Kylvara. Förvaras vid högst +8°C. Lägsta förvaringstemperatur 2°C Högsta förvaringstemperatur 4°C",
    "allergens": "Innehåller Mjölk",
    "usage": "",
    "nutrition": [
      {
        "Näringsvärde": "Energi (kcal)",
        "100 Gram": "300 kcal"
      },
      {
        "Näringsvärde": "Energi (kJ)",
        "100 Gram": "1189 kJ"
      },
      {
        "Näringsvärde": "Fett",
        "100 Gram": "24 g"
      },
      {
        "Näringsvärde": "Varav mättat fett",
        "100 Gram": "17 g"
      },
      {
        "Näringsvärde": "Kolhydrat",
        "100 Gram": "1.9 g"
      },
      {
        "Näringsvärde": "Varav sockerarter",
        "100 Gram": "0.8 g"
      },
      {
        "Näringsvärde": "Protein",
        "100 Gram": "15 g"
      },
      {
        "Näringsvärde": "Salt",
        "100 Gram": "2.2 g"
      }
    ],
    "nutritionUnitText": "Näringsvärde per 100 gram",
    "categories": {
      "mainCategory": "Mejeri & Ost",
      "subCategories": [
        {
          "name": "Ost",
          "subSubCategories": [
            "Matlagningsost",
            "Fetaost"
          ]
        }
      ]
    }
  },
  {
    "name": "Mozzarella 125g ICA Basic",
    "weightText": "0.125 kg",
    "caPart": "",
    "weightValue": 0.125,
    "weightUnit": "kg",
    "comparePrice": "79,60 kr/kg u. spad",
    "currentPrice": 9.95,
    "attributes": [],
    "imgUrl": "https://handlaprivatkund.ica.se/images-v3/bf7a00ca-390e-4769-865f-dc369586872e/14e15985-5e90-4ac6-91ad-c5efe7974528/500x500.jpg",
    "productInformation": "Krämig, mild mozzarellaost som passar i sallader och med sin smakkompis tomaten. Blanda mogna tomater med mozzarella, olivolja och basilikablad.",
    "countryText": "",
    "companyText": "ICA Basic",
    "ingrediensText": "MJÖLK*, mjölkkoagulerande enzym (mikrobiellt), salt, surhetsreglerande medel (E330). *Ursprung EU.",
    "storage": "",
    "allergens": "",
    "usage": "",
    "nutrition": [],
    "nutritionUnitText": "Näringsvärde per styck",
    "categories": {
      "mainCategory": "Mejeri & Ost",
      "subCategories": [
        {
          "name": "Ost",
          "subSubCategories": [
            "Matlagningsost",
            "Mozzarella"
          ]
        }
      ]
    }
  },
  {
    "name": "Vispgrädde Laktosfri 36% 5dl ICA",
    "weightText": "0.5 l",
    "caPart": "",
    "weightValue": 0.5,
    "weightUnit": "l",
    "comparePrice": "71,00 kr/l",
    "currentPrice": 35.5,
    "attributes": [
      "Ursprungsland Sverige",
      "Mjölk från Sverige",
      "Laktosfritt"
    ],
    "imgUrl": "https://handlaprivatkund.ica.se/images-v3/bf7a00ca-390e-4769-865f-dc369586872e/8c2c6b66-b351-40b8-bdc8-671d16748260/500x500.jpg",
    "productInformation": "Vår laktosfria vispgrädde passar dig som är laktosintolerant och kan användas precis som vanlig grädde, på tårtor och bakelser men även i matlagning. Den är gjord av svensk mjölk och har lite längre hållbarhet. Vispa den när den kommer direkt från kylen för bästa resultat.",
    "countryText": "Sverige",
    "companyText": "ICA",
    "ingrediensText": "Högpastöriserad GRÄDDE*, stabiliseringsmedel (E407), laktasenzym. *Ursprung Sverige.",
    "storage": "Kylvara, Förvaras vid högst +8℃,",
    "allergens": "Innehåller Mjölk",
    "usage": "",
    "nutrition": [
      {
        "Näringsvärde": "Energi (kcal)",
        "100 Gram": "346 kcal"
      },
      {
        "Näringsvärde": "Energi (kJ)",
        "100 Gram": "1427 kJ"
      },
      {
        "Näringsvärde": "Fett",
        "100 Gram": "36 g"
      },
      {
        "Näringsvärde": "Varav mättat fett",
        "100 Gram": "23 g"
      },
      {
        "Näringsvärde": "Kolhydrat",
        "100 Gram": "3.2 g"
      },
      {
        "Näringsvärde": "Varav sockerarter",
        "100 Gram": "3.2 g"
      },
      {
        "Näringsvärde": "Protein",
        "100 Gram": "2.4 g"
      },
      {
        "Näringsvärde": "Salt",
        "100 Gram": "0.06 g"
      }
    ],
    "nutritionUnitText": "Näringsvärde per 100 gram",
    "categories": {
      "mainCategory": "Mejeri & Ost",
      "subCategories": [
        {
          "name": "Grädde",
          "subSubCategories": [
            "Laktosfri grädde",
            "Laktosfri vispgrädde"
          ]
        }
      ]
    }
  },
  {
    "name": "Crème fraiche Lätt 13% 2dl ICA",
    "weightText": "0.2 l",
    "caPart": "",
    "weightValue": 0.2,
    "weightUnit": "l",
    "comparePrice": "64,75 kr/l",
    "currentPrice": 12.95,
    "attributes": [],
    "imgUrl": "https://handlaprivatkund.ica.se/images-v3/bf7a00ca-390e-4769-865f-dc369586872e/a444808c-5a09-485c-9938-3ff530c4e38f/500x500.jpg",
    "productInformation": "ICA Crème fraîche Lätt passar dig som vill ha krämighet i maten, men samtidigt hålla nere lite på fetthalten. Crème fraîche Lätt gör sig bra i både varma och kalla rätter, eftersom den kan kokas.",
    "countryText": "",
    "companyText": "ICA",
    "ingrediensText": "Crème fraiche (högpastöriserad grädde*, stabiliseringsmedel (modifierad majsstärkelse, E412), syrningskultur). *Ursprung Sverige/Tyskland. Vid brist på svensk grädde används grädde från Tyskland.",
    "storage": "",
    "allergens": "",
    "usage": "",
    "nutrition": [
      {
        "Näringsvärde": "Energi (kcal)",
        "100 Gram": "150 kcal"
      },
      {
        "Näringsvärde": "Energi (kJ)",
        "100 Gram": "600 kJ"
      },
      {
        "Näringsvärde": "Fett",
        "100 Gram": "13 g"
      },
      {
        "Näringsvärde": "Varav fleromättat fett",
        "100 Gram": "0.4 g"
      },
      {
        "Näringsvärde": "Varav mättat fett",
        "100 Gram": "8.3 g"
      },
      {
        "Näringsvärde": "Varav enkelomättat fett",
        "100 Gram": "3.7 g"
      },
      {
        "Näringsvärde": "Kolhydrat",
        "100 Gram": "5.1 g"
      },
      {
        "Näringsvärde": "Varav sockerarter",
        "100 Gram": "3.2 g"
      },
      {
        "Näringsvärde": "Fiber",
        "100 Gram": "0 g"
      },
      {
        "Näringsvärde": "Protein",
        "100 Gram": "2.9 g"
      },
      {
        "Näringsvärde": "Salt",
        "100 Gram": "0.1 g"
      },
      {
        "Näringsvärde": "Vitamin A",
        "100 Gram": "140 µg"
      }
    ],
    "nutritionUnitText": "Näringsvärde per 100 gram",
    "categories": {
      "mainCategory": "Mejeri & Ost",
      "subCategories": [
        {
          "name": "Crème fraiche",
          "subSubCategories": [
            "Crème fraiche naturell"
          ]
        }
      ]
    }
  },
  {
    "name": "Mellanmål Jordgubb 175g Risifrutti",
    "weightText": "0.175 kg",
    "caPart": "",
    "weightValue": 0.175,
    "weightUnit": "kg",
    "comparePrice": "71,43 kr/kg",
    "currentPrice": 12.5,
    "attributes": [],
    "imgUrl": "https://handlaprivatkund.ica.se/images-v3/bf7a00ca-390e-4769-865f-dc369586872e/7ff0aa49-0a78-49b0-a510-fbaef6ebc9b9/500x500.jpg",
    "productInformation": "Risifrutti jordgubb är ett enkelt och mättande mellanmål som innehåller en bas av krämig risgröt med smak av vanilj, mjölk och grädde. Den passar perfekt med den medföljande goda bärsåsen som är gjord på jordgubbar.Risifrutti är en vardagshjälte som är perfekt att ha hemma i kylskåpet eller att packa med i väskan som ett snabbt mellanmål.Historien om Risifrutti började 1993 och sedan dess är det ett älskat mellanmål hos både stora och små. Produkterna är kända för sin goda smak och naturliga råvaror. Risgröten tillverkas i Örebro och de goda frukt- och bärsåserna tillverkas i Kumla. För att läsa mer om Risifrutti besök risifrutti.se",
    "countryText": "",
    "companyText": "RisiFrutti",
    "ingrediensText": "INGREDIENSER: MJÖLK/MÆLK, vatten/vand, ris (8,5%), jordgubbar/jordbær (7%), socker (6,7%), GRÄDDE/FLØDE, fläderbärs/hyldebærjuice, förtjockningsmedel/fortykningsmiddel (pektin, karragenan), naturliga aromer (bl.a. vanillin), salt, syra (citronsyra).",
    "storage": "Kylvara: Förvaras vid högst +8ºC.",
    "allergens": "",
    "usage": "",
    "nutrition": [
      {
        "Näringsvärde": "Energi (kcal)",
        "100 Gram": "112 kcal"
      },
      {
        "Näringsvärde": "Energi (kJ)",
        "100 Gram": "470 kJ"
      },
      {
        "Näringsvärde": "Fett",
        "100 Gram": "3.4 g"
      },
      {
        "Näringsvärde": "Varav mättat fett",
        "100 Gram": "2.6 g"
      },
      {
        "Näringsvärde": "Kolhydrat",
        "100 Gram": "17 g"
      },
      {
        "Näringsvärde": "Varav sockerarter",
        "100 Gram": "10 g"
      },
      {
        "Näringsvärde": "Protein",
        "100 Gram": "3.1 g"
      },
      {
        "Näringsvärde": "Salt",
        "100 Gram": "0.15 g"
      }
    ],
    "nutritionUnitText": "Näringsvärde per 100 gram",
    "categories": {
      "mainCategory": "Mejeri & Ost",
      "subCategories": [
        {
          "name": "Kylda mellanmål & desserter",
          "subSubCategories": [
            "Kylda mellanmål",
            "Rismål, laktos"
          ]
        }
      ]
    }
  },
  {
    "name": "Jäst för matbröd 50g Kronjäst",
    "weightText": "0.05 kg",
    "caPart": "",
    "weightValue": 0.05,
    "weightUnit": "kg",
    "comparePrice": "70,00 kr/kg",
    "currentPrice": 3.5,
    "attributes": [],
    "imgUrl": "https://handlaprivatkund.ica.se/images-v3/bf7a00ca-390e-4769-865f-dc369586872e/2671ac16-b793-4354-aa76-9f366bf463af/500x500.jpg",
    "productInformation": "Svensk färsk jäst som har optimal jäskraft i degar för matbröd. Jästcellerna arbetar produktivt tillsammans med näringen i mjölet (sockret från stärkelsen), och mindre effektivt i degar med tillsatt socker.",
    "countryText": "",
    "companyText": "Kronjäst",
    "ingrediensText": "Jäst",
    "storage": "Färskjäst består av levande mikroorganismer och är därför en färskvara. All färskjäst måste förvaras kallt för att behålla sina egenskaper. Förvaringstemperatur 0 till + 8°C, ju kallare desto bättre. Lägsta förvaringstemperatur 0°C Högsta förvaringstemperatur 8°C",
    "allergens": "",
    "usage": "",
    "nutrition": [
      {
        "Näringsvärde": "Energi (kcal)",
        "100 Gram": "108 kcal"
      },
      {
        "Näringsvärde": "Energi (kJ)",
        "100 Gram": "452 kJ"
      },
      {
        "Näringsvärde": "Fett",
        "100 Gram": "1.7 g"
      },
      {
        "Näringsvärde": "Varav mättat fett",
        "100 Gram": "0.3 g"
      },
      {
        "Näringsvärde": "Kolhydrat",
        "100 Gram": "6 g"
      },
      {
        "Näringsvärde": "Varav sockerarter",
        "100 Gram": "4.4 g"
      },
      {
        "Näringsvärde": "Fiber",
        "100 Gram": "8.1 g"
      },
      {
        "Näringsvärde": "Protein",
        "100 Gram": "13 g"
      },
      {
        "Näringsvärde": "Salt",
        "100 Gram": "0.05 g"
      }
    ],
    "nutritionUnitText": "Näringsvärde per 100 gram",
    "categories": {
      "mainCategory": "Mejeri & Ost",
      "subCategories": [
        {
          "name": "Ägg & Jäst",
          "subSubCategories": [
            "Jäst"
          ]
        }
      ]
    }
  },
  {
    "name": "Grillost Norrländsk 24% 200g ICA",
    "weightText": "0.2 kg",
    "caPart": "",
    "weightValue": 0.2,
    "weightUnit": "kg",
    "comparePrice": "147,50 kr/kg",
    "currentPrice": 29.5,
    "attributes": [
      "Ursprungsland Sverige",
      "Mjölk från Sverige"
    ],
    "imgUrl": "https://handlaprivatkund.ica.se/images-v3/bf7a00ca-390e-4769-865f-dc369586872e/6dd321d8-6892-45ac-a001-ebc88a19c169/500x500.jpg",
    "productInformation": "Utmärkt att steka eller grilla. Gjord på komjölk från norrländska gårdar.",
    "countryText": "Sverige",
    "companyText": "ICA",
    "ingrediensText": "Pastöriserad MJÖLK, salt, mynta, mjölkkoagulerande enzym (mikrobiellt).",
    "storage": "",
    "allergens": "",
    "usage": "",
    "nutrition": [],
    "nutritionUnitText": "Näringsvärde per styck",
    "categories": {
      "mainCategory": "Mejeri & Ost",
      "subCategories": [
        {
          "name": "Ost",
          "subSubCategories": [
            "Matlagningsost",
            "Hamburgerost"
          ]
        }
      ]
    }
  },
  {
    "name": "Gräddfil 12% 3dl ICA",
    "weightText": "0.3 l",
    "caPart": "",
    "weightValue": 0.3,
    "weightUnit": "l",
    "comparePrice": "51,67 kr/l",
    "currentPrice": 15.5,
    "attributes": [
      "Ursprungsland Sverige"
    ],
    "imgUrl": "https://handlaprivatkund.ica.se/images-v3/bf7a00ca-390e-4769-865f-dc369586872e/4c297564-9a4a-4dea-b20a-ed8bd87a4fb1/500x500.jpg",
    "productInformation": "ICA Gräddfil är gjord på mjölk från svenska gårdar och passar bra att göra kalla såser och röror på samt att ta en klick vid sidan för att mildra heta smaker. Men även om gräddfil passar till mycket så är den inte kokbar. Då är till exempel crème fraîche ett bättre val.",
    "countryText": "Sverige",
    "companyText": "ICA",
    "ingrediensText": "Högpastöriserad GRÄDDE*, syrningskultur. *Ursprung Sverige.",
    "storage": "",
    "allergens": "Innehåller Mjölk",
    "usage": "",
    "nutrition": [
      {
        "Näringsvärde": "Energi (kcal)",
        "100 Gram": "140 kcal"
      },
      {
        "Näringsvärde": "Energi (kJ)",
        "100 Gram": "550 kJ"
      },
      {
        "Näringsvärde": "Fett",
        "100 Gram": "12 g"
      },
      {
        "Näringsvärde": "Varav mättat fett",
        "100 Gram": "7.7 g"
      },
      {
        "Näringsvärde": "Kolhydrat",
        "100 Gram": "3.4 g"
      },
      {
        "Näringsvärde": "Varav sockerarter",
        "100 Gram": "3.4 g"
      },
      {
        "Näringsvärde": "Protein",
        "100 Gram": "3.1 g"
      },
      {
        "Näringsvärde": "Salt",
        "100 Gram": "0.1 g"
      }
    ],
    "nutritionUnitText": "Näringsvärde per 100 gram",
    "categories": {
      "mainCategory": "Mejeri & Ost",
      "subCategories": [
        {
          "name": "Gräddfil",
          "subSubCategories": [
            "Gräddfil"
          ]
        }
      ]
    }
  },
  {
    "name": "Halloumi 200g ICA",
    "weightText": "0.2 kg",
    "caPart": "",
    "weightValue": 0.2,
    "weightUnit": "kg",
    "comparePrice": "144,75 kr/kg",
    "currentPrice": 28.95,
    "attributes": [],
    "imgUrl": "https://handlaprivatkund.ica.se/images-v3/bf7a00ca-390e-4769-865f-dc369586872e/2760d574-fb2f-49e0-8535-65e67ae8150c/500x500.jpg",
    "productInformation": "ICA Halloumi är gjord på en mix av pastöriserad ko-, får- och getmjölk och har en salt smak och lite gnisslig konsistens. Stek eller grilla halloumin och servera till en fräsch sallad eller varför inte ersätta köttet i burgaren och gör en halloumiburgare istället?",
    "countryText": "",
    "companyText": "ICA",
    "ingrediensText": "Pastöriserad KOMJÖLK*, FÅRMJÖLK* och GETMJÖLK*, salt, mjölkkoagulerande enzym (mikrobiellt), mynta. *Ursprung Cypern.",
    "storage": "",
    "allergens": "",
    "usage": "",
    "nutrition": [],
    "nutritionUnitText": "Näringsvärde per styck",
    "categories": {
      "mainCategory": "Mejeri & Ost",
      "subCategories": [
        {
          "name": "Ost",
          "subSubCategories": [
            "Matlagningsost",
            "Halloumi & Grillost"
          ]
        }
      ]
    }
  },
  {
    "name": "Färsk standardmjölk 3,0% 1,5l Arla Ko®",
    "weightText": "1.5 l",
    "caPart": "",
    "weightValue": 1.5,
    "weightUnit": "l",
    "comparePrice": "14,33 kr/l",
    "currentPrice": 21.5,
    "attributes": [
      "Ursprungsland Sverige"
    ],
    "imgUrl": "https://handlaprivatkund.ica.se/images-v3/bf7a00ca-390e-4769-865f-dc369586872e/ca209c58-4fb3-4405-a73e-b429d9396844/500x500.jpg",
    "productInformation": "Färsk mjölk från Arla, gjord på svensk mjölk från Arlagårdar nu med ännu bättre djuromsorg hela året runt. Standardmjölk har en rund och fyllig smak med tydligt inslag av grädde. Den goda smaken gör att mjölken passar extra bra i kaffe, te och choklad. Standardmjölk - röd mjölk - kan med fördel användas i matlagning, till bär och gröt. Arla Ko® färsk mjölk är en naturlig källa till bland annat protein, kalcium och vitamin B12. Protein bidrar till muskeluppbyggnad och kalcium behövs för att bibehålla en normal benstomme. Varumärket Arla Ko® garanterar att produkten är gjord på 100 procent svensk mjölk.",
    "countryText": "Sverige",
    "companyText": "Arla Ko",
    "ingrediensText": "MJÖLK, vitamin D. Lågpastöriserad.",
    "storage": "Lägsta förvaringstemperatur 2°C Högsta förvaringstemperatur 8°C",
    "allergens": "Innehåller Mjölk",
    "usage": "",
    "nutrition": [
      {
        "Näringsvärde": "Energi (kcal)",
        "100 Gram": "59 kcal"
      },
      {
        "Näringsvärde": "Energi (kJ)",
        "100 Gram": "248 kJ"
      },
      {
        "Näringsvärde": "Fett",
        "100 Gram": "3 g"
      },
      {
        "Näringsvärde": "Varav mättat fett",
        "100 Gram": "1.9 g"
      },
      {
        "Näringsvärde": "Kolhydrat",
        "100 Gram": "4.6 g"
      },
      {
        "Näringsvärde": "Varav sockerarter",
        "100 Gram": "4.6 g"
      },
      {
        "Näringsvärde": "Protein",
        "100 Gram": "3.5 g"
      },
      {
        "Näringsvärde": "Salt",
        "100 Gram": "0.09 g"
      },
      {
        "Näringsvärde": "Vitamin B12",
        "100 Gram": "0.4 µg",
        "% av DRI(*)": "16"
      },
      {
        "Näringsvärde": "Vitamin D",
        "100 Gram": "1 µg",
        "% av DRI(*)": "20"
      },
      {
        "Näringsvärde": "Riboflavin",
        "100 Gram": "0.14 mg",
        "% av DRI(*)": "10"
      },
      {
        "Näringsvärde": "Pantotensyra",
        "100 Gram": "0.5 mg",
        "% av DRI(*)": "8"
      },
      {
        "Näringsvärde": "Kalium",
        "100 Gram": "160 mg",
        "% av DRI(*)": "8"
      },
      {
        "Näringsvärde": "Klorid",
        "100 Gram": "92 mg",
        "% av DRI(*)": "12"
      },
      {
        "Näringsvärde": "Kalcium",
        "100 Gram": "124 mg",
        "% av DRI(*)": "16"
      },
      {
        "Näringsvärde": "Fosfor",
        "100 Gram": "139 mg",
        "% av DRI(*)": "20"
      },
      {
        "Näringsvärde": "Molybden",
        "100 Gram": "3.8 µg",
        "% av DRI(*)": "8"
      }
    ],
    "nutritionUnitText": "Näringsvärde per 100 gram",
    "categories": {
      "mainCategory": "Mejeri & Ost",
      "subCategories": [
        {
          "name": "Mjölk",
          "subSubCategories": [
            "Standardmjölk",
            "Standardmjölk, laktos"
          ]
        }
      ]
    }
  },
  {
    "name": "Smör Normalsaltat 82% 500g ICA",
    "weightText": "0.5 kg",
    "caPart": "",
    "weightValue": 0.5,
    "weightUnit": "kg",
    "comparePrice": "129,90 kr/kg",
    "currentPrice": 64.95,
    "attributes": [],
    "imgUrl": "https://handlaprivatkund.ica.se/images-v3/bf7a00ca-390e-4769-865f-dc369586872e/d0459edb-87e6-44f1-b36f-2f86fd12d66a/500x500.jpg",
    "productInformation": "ICA Smör Normalsaltat passar till all slags matlagning och bakning och blir dessutom urgott på smörgåsen – men glöm inte att ta ut smöret i god tid.",
    "countryText": "",
    "companyText": "ICA",
    "ingrediensText": "GRÄDDE*, mjölksyrakultur, salt 1,2%. *Ursprung: EU.",
    "storage": "Lägsta förvaringstemperatur 2°C Högsta förvaringstemperatur 8°C",
    "allergens": "",
    "usage": "",
    "nutrition": [
      {
        "Näringsvärde": "Energi (kcal)",
        "100 Gram": "750 kcal"
      },
      {
        "Näringsvärde": "Energi (kJ)",
        "100 Gram": "3050 kJ"
      },
      {
        "Näringsvärde": "Fett",
        "100 Gram": "82 g"
      },
      {
        "Näringsvärde": "Varav fleromättat fett",
        "100 Gram": "1.6 g"
      },
      {
        "Näringsvärde": "Varav mättat fett",
        "100 Gram": "52 g"
      },
      {
        "Näringsvärde": "Varav enkelomättat fett",
        "100 Gram": "19 g"
      },
      {
        "Näringsvärde": "Kolhydrat",
        "100 Gram": "0.7 g"
      },
      {
        "Näringsvärde": "Varav sockerarter",
        "100 Gram": "0.7 g"
      },
      {
        "Näringsvärde": "Protein",
        "100 Gram": "0.6 g"
      },
      {
        "Näringsvärde": "Salt",
        "100 Gram": "1.2 g"
      },
      {
        "Näringsvärde": "Vitamin A",
        "100 Gram": "725 µg",
        "% av DRI(*)": "90"
      }
    ],
    "nutritionUnitText": "Näringsvärde per 100 gram",
    "categories": {
      "mainCategory": "Jul",
      "subCategories": [
        {
          "name": "Julbak",
          "subSubCategories": [
            "Saffran & Bullbak"
          ]
        }
      ]
    }
  },
  {
    "name": "Färsk mellanmjölk 1,5% 1l Arla Ko®",
    "weightText": "1 l",
    "caPart": "",
    "weightValue": 1,
    "weightUnit": "l",
    "comparePrice": "14,95 kr/l",
    "currentPrice": 14.95,
    "attributes": [
      "Ursprungsland Sverige"
    ],
    "imgUrl": "https://handlaprivatkund.ica.se/images-v3/bf7a00ca-390e-4769-865f-dc369586872e/3cea5fde-261c-461e-8f28-ad582220363e/500x500.jpg",
    "productInformation": "Färsk mellanmjölk från Arla, gjord på svensk mjölk från Arlagårdar nu med ännu bättre djuromsorg hela året runt. Mellanmjölk har en härligt fyllig mjölksmak och är ett populärt val till frukostflingorna, gröten eller som dryck till måltiden. Arla Ko® färsk mellanmjölk är en naturlig källa till bland annat protein, kalcium och vitamin B12. Protein bidrar till muskeluppbyggnad och kalcium behövs för att bibehålla en normal benstomme. Varumärket Arla Ko® garanterar att produkten är gjord på 100 procent svensk mjölk",
    "countryText": "Sverige",
    "companyText": "Arla Ko",
    "ingrediensText": "MJÖLK, vitamin D. Lågpastöriserad.",
    "storage": "Lägsta förvaringstemperatur 2°C Högsta förvaringstemperatur 8°C",
    "allergens": "Innehåller Mjölk",
    "usage": "",
    "nutrition": [
      {
        "Näringsvärde": "Energi (kcal)",
        "100 Gram": "47 kcal"
      },
      {
        "Näringsvärde": "Energi (kJ)",
        "100 Gram": "195 kJ"
      },
      {
        "Näringsvärde": "Fett",
        "100 Gram": "1.5 g"
      },
      {
        "Näringsvärde": "Varav mättat fett",
        "100 Gram": "1 g"
      },
      {
        "Näringsvärde": "Kolhydrat",
        "100 Gram": "4.7 g"
      },
      {
        "Näringsvärde": "Varav sockerarter",
        "100 Gram": "4.7 g"
      },
      {
        "Näringsvärde": "Protein",
        "100 Gram": "3.5 g"
      },
      {
        "Näringsvärde": "Salt",
        "100 Gram": "0.09 g"
      },
      {
        "Näringsvärde": "Vitamin B12",
        "100 Gram": "0.4 µg",
        "% av DRI(*)": "16"
      },
      {
        "Näringsvärde": "Vitamin D",
        "100 Gram": "1 µg",
        "% av DRI(*)": "20"
      },
      {
        "Näringsvärde": "Riboflavin",
        "100 Gram": "0.14 mg",
        "% av DRI(*)": "10"
      },
      {
        "Näringsvärde": "Pantotensyra",
        "100 Gram": "0.5 mg",
        "% av DRI(*)": "8"
      },
      {
        "Näringsvärde": "Kalium",
        "100 Gram": "160 mg",
        "% av DRI(*)": "8"
      },
      {
        "Näringsvärde": "Klorid",
        "100 Gram": "92 mg",
        "% av DRI(*)": "12"
      },
      {
        "Näringsvärde": "Kalcium",
        "100 Gram": "124 mg",
        "% av DRI(*)": "16"
      },
      {
        "Näringsvärde": "Fosfor",
        "100 Gram": "139 mg",
        "% av DRI(*)": "20"
      },
      {
        "Näringsvärde": "Molybden",
        "100 Gram": "3.8 µg",
        "% av DRI(*)": "8"
      }
    ],
    "nutritionUnitText": "Näringsvärde per 100 gram",
    "categories": {
      "mainCategory": "Mejeri & Ost",
      "subCategories": [
        {
          "name": "Mjölk",
          "subSubCategories": [
            "Mellanmjölk",
            "Mellanmjölk, laktos"
          ]
        }
      ]
    }
  },
  {
    "name": "Vispgrädde 36% Längre hållbarhet 2,5dl ICA",
    "weightText": "0.25 l",
    "caPart": "",
    "weightValue": 0.25,
    "weightUnit": "l",
    "comparePrice": "74,00 kr/l",
    "currentPrice": 18.5,
    "attributes": [
      "Ursprungsland Sverige",
      "Mjölk från Sverige"
    ],
    "imgUrl": "https://handlaprivatkund.ica.se/images-v3/bf7a00ca-390e-4769-865f-dc369586872e/a6371eb9-7570-47a5-b94a-77a9b32e1e9b/500x500.jpg",
    "productInformation": "ICA Vispgrädde Längre hållbarhet är gjord på svensk mjölk och passar i allt som ska bli gott! Tårtor, desserter, grytor, gräddsåser, pastasåser, gratänger, glass – eller bara vispad till färsk frukt eller på toppen av en kopp varm choklad. Den här grädden har dessutom lite längre hållbarhet.",
    "countryText": "Sverige",
    "companyText": "ICA",
    "ingrediensText": "HÖGPASTÖRISERAD GRÄDDE*, stabiliseringsmedel (E407). *Ursprung Sverige.",
    "storage": "",
    "allergens": "Innehåller Mjölk",
    "usage": "",
    "nutrition": [
      {
        "Näringsvärde": "Energi (kcal)",
        "100 Gram": "346 kcal"
      },
      {
        "Näringsvärde": "Energi (kJ)",
        "100 Gram": "1427 kJ"
      },
      {
        "Näringsvärde": "Fett",
        "100 Gram": "36 g"
      },
      {
        "Näringsvärde": "Varav mättat fett",
        "100 Gram": "23 g"
      },
      {
        "Näringsvärde": "Kolhydrat",
        "100 Gram": "3.2 g"
      },
      {
        "Näringsvärde": "Varav sockerarter",
        "100 Gram": "3.2 g"
      },
      {
        "Näringsvärde": "Protein",
        "100 Gram": "2.4 g"
      },
      {
        "Näringsvärde": "Salt",
        "100 Gram": "0.06 g"
      }
    ],
    "nutritionUnitText": "Näringsvärde per 100 gram",
    "categories": {
      "mainCategory": "Mejeri & Ost",
      "subCategories": [
        {
          "name": "Grädde",
          "subSubCategories": [
            "Vispgrädde"
          ]
        }
      ]
    }
  },
  {
    "name": "Fruktdryck Multivitamin 2l Glocken Gold",
    "weightText": "2 l",
    "caPart": "",
    "weightValue": 2,
    "weightUnit": "l",
    "comparePrice": "11,25 kr/l",
    "currentPrice": 22.5,
    "attributes": [],
    "imgUrl": "https://handlaprivatkund.ica.se/images-v3/bf7a00ca-390e-4769-865f-dc369586872e/9bc062cd-0517-4dd4-b55e-204f01ea978e/500x500.jpg",
    "productInformation": "",
    "countryText": "",
    "companyText": "Glockengold",
    "ingrediensText": "Ingredienser: naturligt mineralvatten, äppeljuice koncentrat, socker, apelsinjuice koncentrat, surhetsreglerande medel: citronsyra, druvjuice-, ananasjuice-, bananpuré-, citronjuice-, päronjuice-, aprikospuré koncentrat, vitaminmix (C-vitamin, E-vitamin, niacin, pantotenat, betakaroten, B6-vitamin, tiamin, folsyra, biotin, B12-vitamin), passionsfruktjuice koncentrat, sötningsmedel: acesulfam-K, aspartam*, natriumsackarin, mangopuré-, guavapuré koncentrat, stabiliseringsmedel: guarkärn-mjöl, pektin, naturliga smaker. *innehåller en fenylalaninkälla.",
    "storage": "Lägsta förvaringstemperatur -8°C Högsta förvaringstemperatur 30°C",
    "allergens": "",
    "usage": "",
    "nutrition": [
      {
        "Näringsvärde": "Energi (kcal)",
        "100 Milliliter": "21 kcal"
      },
      {
        "Näringsvärde": "Energi (kJ)",
        "100 Milliliter": "89 kJ"
      },
      {
        "Näringsvärde": "Fett",
        "100 Milliliter": "0.5 g"
      },
      {
        "Näringsvärde": "Varav mättat fett",
        "100 Milliliter": "0.1 g"
      },
      {
        "Näringsvärde": "Kolhydrat",
        "100 Milliliter": "4.9 g"
      },
      {
        "Näringsvärde": "Varav sockerarter",
        "100 Milliliter": "4.8 g"
      },
      {
        "Näringsvärde": "Protein",
        "100 Milliliter": "0.5 g"
      },
      {
        "Näringsvärde": "Salt",
        "100 Milliliter": "0.01 g"
      },
      {
        "Näringsvärde": "Vitamin A",
        "100 Milliliter": "120 µg",
        "% av DRI(*)": "15"
      },
      {
        "Näringsvärde": "Vitamin B12",
        "100 Milliliter": "0.38 µg",
        "% av DRI(*)": "15"
      },
      {
        "Näringsvärde": "Vitamin B6",
        "100 Milliliter": "0.21 mg",
        "% av DRI(*)": "15"
      },
      {
        "Näringsvärde": "Vitamin C",
        "100 Milliliter": "12 mg",
        "% av DRI(*)": "15"
      },
      {
        "Näringsvärde": "Vitamin E",
        "100 Milliliter": "1.8 mg",
        "% av DRI(*)": "15"
      },
      {
        "Näringsvärde": "Folsyra",
        "100 Milliliter": "30 µg",
        "% av DRI(*)": "15"
      },
      {
        "Näringsvärde": "Niacin",
        "100 Milliliter": "2.4 mg",
        "% av DRI(*)": "15"
      },
      {
        "Näringsvärde": "Pantotensyra",
        "100 Milliliter": "0.9 mg",
        "% av DRI(*)": "15"
      },
      {
        "Näringsvärde": "Biotin",
        "100 Milliliter": "7.5 µg",
        "% av DRI(*)": "15"
      },
      {
        "Näringsvärde": "Tiamin",
        "100 Milliliter": "0.17 mg",
        "% av DRI(*)": "15"
      }
    ],
    "nutritionUnitText": "Näringsvärde per 100 milliliter",
    "categories": {
      "mainCategory": "Mejeri & Ost",
      "subCategories": [
        {
          "name": "Juice & Fruktdryck",
          "subSubCategories": [
            "Måltidsdryck",
            "Måltidsdryck drickfärdig"
          ]
        }
      ]
    }
  },
  {
    "name": "Crème fraiche Lätt 13% 5dl ICA",
    "weightText": "0.5 l",
    "caPart": "",
    "weightValue": 0.5,
    "weightUnit": "l",
    "comparePrice": "61,00 kr/l",
    "currentPrice": 30.5,
    "attributes": [],
    "imgUrl": "https://handlaprivatkund.ica.se/images-v3/bf7a00ca-390e-4769-865f-dc369586872e/f4cb5c7e-ca4a-445f-958a-2133d29836f1/500x500.jpg",
    "productInformation": "ICA Crème fraîche Lätt passar dig som vill ha krämighet i maten, men samtidigt hålla nere lite på fetthalten. Crème fraîche Lätt gör sig bra i både varma och kalla rätter, eftersom den kan kokas.",
    "countryText": "",
    "companyText": "ICA",
    "ingrediensText": "Crème fraiche (högpastöriserad GRÄDDE*, stabiliseringsmedel (modifierad majsstärkelse, E412), syrningskultur). *Ursprung Sverige/Tyskland. Vid brist på svensk grädde används grädde från Tyskland.",
    "storage": "",
    "allergens": "",
    "usage": "",
    "nutrition": [
      {
        "Näringsvärde": "Energi (kcal)",
        "100 Gram": "150 kcal"
      },
      {
        "Näringsvärde": "Energi (kJ)",
        "100 Gram": "600 kJ"
      },
      {
        "Näringsvärde": "Fett",
        "100 Gram": "13 g"
      },
      {
        "Näringsvärde": "Varav fleromättat fett",
        "100 Gram": "0.4 g"
      },
      {
        "Näringsvärde": "Varav mättat fett",
        "100 Gram": "8.3 g"
      },
      {
        "Näringsvärde": "Varav enkelomättat fett",
        "100 Gram": "3.7 g"
      },
      {
        "Näringsvärde": "Kolhydrat",
        "100 Gram": "5.1 g"
      },
      {
        "Näringsvärde": "Varav sockerarter",
        "100 Gram": "3.2 g"
      },
      {
        "Näringsvärde": "Fiber",
        "100 Gram": "0 g"
      },
      {
        "Näringsvärde": "Protein",
        "100 Gram": "2.9 g"
      },
      {
        "Näringsvärde": "Salt",
        "100 Gram": "0.1 g"
      },
      {
        "Näringsvärde": "Vitamin A",
        "100 Gram": "140 µg"
      }
    ],
    "nutritionUnitText": "Näringsvärde per 100 gram",
    "categories": {
      "mainCategory": "Mejeri & Ost",
      "subCategories": [
        {
          "name": "Crème fraiche",
          "subSubCategories": [
            "Crème fraiche naturell"
          ]
        }
      ]
    }
  },
  {
    "name": "Färsk lättmjölk 0,5% 1,5l Arla Ko®",
    "weightText": "1.5 l",
    "caPart": "",
    "weightValue": 1.5,
    "weightUnit": "l",
    "comparePrice": "13,00 kr/l",
    "currentPrice": 19.5,
    "attributes": [
      "Nyckelhålet",
      "Ursprungsland Sverige"
    ],
    "imgUrl": "https://handlaprivatkund.ica.se/images-v3/bf7a00ca-390e-4769-865f-dc369586872e/247c3549-dd3c-4734-8d70-3c162f70dd43/500x500.jpg",
    "productInformation": "Färsk lättmjölk från Arla, gjord på svensk mjölk från Arlagårdar nu med ännu bättre djuromsorg hela året runt. Mjölken har en svagt söt, gräddig smak och njuts bäst kall. Lättmjölk är en måltidsdryck men passar också utmärkt efter träning och rekommenderas av näringsexperter. Arla Ko® färsk lättmjölk är en naturlig källa till bland annat protein, kalcium och vitamin B12. Protein bidrar till muskeluppbyggnad och kalcium behövs för att bibehålla en normal benstomme. Varumärket Arla Ko® garanterar att produkten är gjord på 100 procent svensk mjölk.",
    "countryText": "Sverige",
    "companyText": "Arla Ko",
    "ingrediensText": "MJÖLK, vitamin D. Lågpastöriserad.",
    "storage": "Lägsta förvaringstemperatur 2°C Högsta förvaringstemperatur 8°C",
    "allergens": "Innehåller Mjölk",
    "usage": "",
    "nutrition": [
      {
        "Näringsvärde": "Energi (kcal)",
        "100 Gram": "38 kcal"
      },
      {
        "Näringsvärde": "Energi (kJ)",
        "100 Gram": "160 kJ"
      },
      {
        "Näringsvärde": "Fett",
        "100 Gram": "0.5 g"
      },
      {
        "Näringsvärde": "Varav mättat fett",
        "100 Gram": "0.3 g"
      },
      {
        "Näringsvärde": "Kolhydrat",
        "100 Gram": "4.7 g"
      },
      {
        "Näringsvärde": "Varav sockerarter",
        "100 Gram": "4.7 g"
      },
      {
        "Näringsvärde": "Protein",
        "100 Gram": "3.6 g"
      },
      {
        "Näringsvärde": "Salt",
        "100 Gram": "0.09 g"
      },
      {
        "Näringsvärde": "Vitamin B12",
        "100 Gram": "0.4 µg",
        "% av DRI(*)": "16"
      },
      {
        "Näringsvärde": "Vitamin D",
        "100 Gram": "1 µg",
        "% av DRI(*)": "20"
      },
      {
        "Näringsvärde": "Riboflavin",
        "100 Gram": "0.14 mg",
        "% av DRI(*)": "10"
      },
      {
        "Näringsvärde": "Pantotensyra",
        "100 Gram": "0.5 mg",
        "% av DRI(*)": "8"
      },
      {
        "Näringsvärde": "Kalium",
        "100 Gram": "160 mg",
        "% av DRI(*)": "8"
      },
      {
        "Näringsvärde": "Klorid",
        "100 Gram": "92 mg",
        "% av DRI(*)": "12"
      },
      {
        "Näringsvärde": "Kalcium",
        "100 Gram": "124 mg",
        "% av DRI(*)": "16"
      },
      {
        "Näringsvärde": "Fosfor",
        "100 Gram": "139 mg",
        "% av DRI(*)": "20"
      },
      {
        "Näringsvärde": "Molybden",
        "100 Gram": "3.8 µg",
        "% av DRI(*)": "8"
      }
    ],
    "nutritionUnitText": "Näringsvärde per 100 gram",
    "categories": {
      "mainCategory": "Mejeri & Ost",
      "subCategories": [
        {
          "name": "Mjölk",
          "subSubCategories": [
            "Lättmjölk",
            "Lättmjölk, laktos"
          ]
        }
      ]
    }
  },
  {
    "name": "Mild Yoghurt Naturell 3% 1000g Arla Ko®",
    "weightText": "1 kg",
    "caPart": "",
    "weightValue": 1,
    "weightUnit": "kg",
    "comparePrice": "19,50 kr/kg",
    "currentPrice": 19.5,
    "attributes": [
      "Ursprungsland Sverige"
    ],
    "imgUrl": "https://handlaprivatkund.ica.se/images-v3/bf7a00ca-390e-4769-865f-dc369586872e/e50fd962-f11e-4f84-8fc4-be377ea3dd2f/500x500.jpg",
    "productInformation": "Naturell mild yoghurt från Arla, gjord på svensk mjölk från  Arlagårdar. Den har tjock och krämig konsistens och mild yoghurtarom. Arla mild naturell yoghurt är ett gott alternativ både till frukost och till mellanmål och är ännu godare med nötter, honung och färska bär. Arla Ko® garanterar att produkten görs på 100 procent svensk mjölk. I en praktisk förpackning som är lätt att förvara, hälla, tömma och återvinna. 1 000 g.",
    "countryText": "Sverige",
    "companyText": "Arla Ko",
    "ingrediensText": "Högpastöriserad MJÖLK, mild yoghurtkultur, vitamin D.",
    "storage": "",
    "allergens": "Innehåller Mjölk",
    "usage": "",
    "nutrition": [
      {
        "Näringsvärde": "Energi (kcal)",
        "100 Gram": "58 kcal"
      },
      {
        "Näringsvärde": "Energi (kJ)",
        "100 Gram": "245 kJ"
      },
      {
        "Näringsvärde": "Fett",
        "100 Gram": "3 g"
      },
      {
        "Näringsvärde": "Varav mättat fett",
        "100 Gram": "1.9 g"
      },
      {
        "Näringsvärde": "Kolhydrat",
        "100 Gram": "3.7 g"
      },
      {
        "Näringsvärde": "Varav sockerarter",
        "100 Gram": "3.7 g"
      },
      {
        "Näringsvärde": "Protein",
        "100 Gram": "3.5 g"
      },
      {
        "Näringsvärde": "Salt",
        "100 Gram": "0.09 g"
      },
      {
        "Näringsvärde": "Vitamin D",
        "100 Gram": "1 µg",
        "% av DRI(*)": "20"
      },
      {
        "Näringsvärde": "Kalcium",
        "100 Gram": "122 mg",
        "% av DRI(*)": "15"
      }
    ],
    "nutritionUnitText": "Näringsvärde per 100 gram",
    "categories": {
      "mainCategory": "Mejeri & Ost",
      "subCategories": [
        {
          "name": "Yoghurt",
          "subSubCategories": [
            "Naturell yoghurt"
          ]
        }
      ]
    }
  },
  {
    "name": "Standardmjölkdryck 3,0% Laktosfri 1,5l Arla Ko®",
    "weightText": "1.5 l",
    "caPart": "",
    "weightValue": 1.5,
    "weightUnit": "l",
    "comparePrice": "15,97 kr/l",
    "currentPrice": 23.95,
    "attributes": [
      "Ursprungsland Sverige",
      "Mjölk från Sverige",
      "Laktosfritt"
    ],
    "imgUrl": "https://handlaprivatkund.ica.se/images-v3/bf7a00ca-390e-4769-865f-dc369586872e/bed76bef-716a-4985-8586-2972fe7324e2/500x500.jpg",
    "productInformation": "Laktosfri mjölkdryck gjord på svensk mjölk från Arlagårdar. Mjölkdrycken är framtagen för vuxna och barn med laktosintolerans och är därför fri från laktos. Smaken är rund och fyllig med tydligt inslag av grädde vilket gör att den passar extra bra i kaffe, te och varm choklad. Mjölkdrycken passar också i matlagning, till bär och till din favoritgröt. Arla Ko® laktosfri mjölkdryck är en naturlig källa till bland annat protein, kalcium och vitamin B12. Protein bidrar till muskeluppbyggnad och kalcium behövs för att bibehålla en normal benstomme. Varumärket Arla Ko® garanterar att produkten är gjord på 100 procent svensk mjölk. \n \n Högpastöriserad.",
    "countryText": "Sverige",
    "companyText": "Arla Ko",
    "ingrediensText": "MJÖLK, laktasenzym, vitamin D.",
    "storage": "",
    "allergens": "",
    "usage": "",
    "nutrition": [
      {
        "Näringsvärde": "Energi (kcal)",
        "100 Gram": "50 kcal"
      },
      {
        "Näringsvärde": "Energi (kJ)",
        "100 Gram": "209 kJ"
      },
      {
        "Näringsvärde": "Fett",
        "100 Gram": "3 g"
      },
      {
        "Näringsvärde": "Varav mättat fett",
        "100 Gram": "1.9 g"
      },
      {
        "Näringsvärde": "Kolhydrat",
        "100 Gram": "2.5 g"
      },
      {
        "Näringsvärde": "Varav sockerarter",
        "100 Gram": "2.4 g"
      },
      {
        "Näringsvärde": "Protein",
        "100 Gram": "3.3 g"
      },
      {
        "Näringsvärde": "Salt",
        "100 Gram": "0.08 g"
      },
      {
        "Näringsvärde": "Vitamin B12",
        "100 Gram": "0.39 µg",
        "% av DRI(*)": "16"
      },
      {
        "Näringsvärde": "Vitamin D",
        "100 Gram": "1 µg",
        "% av DRI(*)": "20"
      },
      {
        "Näringsvärde": "Riboflavin",
        "100 Gram": "0.12 mg",
        "% av DRI(*)": "9"
      },
      {
        "Näringsvärde": "Kalcium",
        "100 Gram": "110 mg",
        "% av DRI(*)": "14"
      }
    ],
    "nutritionUnitText": "Näringsvärde per 100 gram",
    "categories": {
      "mainCategory": "Mejeri & Ost",
      "subCategories": [
        {
          "name": "Mjölk",
          "subSubCategories": [
            "Standardmjölk",
            "Standardmjölk, laktosfri"
          ]
        }
      ]
    }
  },
  {
    "name": "Havredryck Barista Glutenfri 3% 1l Oddlygood®",
    "weightText": "1 l",
    "caPart": "",
    "weightValue": 1,
    "weightUnit": "l",
    "comparePrice": "18,95 kr/l",
    "currentPrice": 18.95,
    "attributes": [
      "Glutenfritt"
    ],
    "imgUrl": "https://handlaprivatkund.ica.se/images-v3/bf7a00ca-390e-4769-865f-dc369586872e/09a27d90-af14-459a-b8c7-3f8ece7189e5/500x500.jpg",
    "productInformation": "Valio Oddlygood® Barista havredryck passar perfekt till kaffet. Den skummar fint, blandas med alla typer av kaffe från ljust filterkaffe till mörkrostat och ger en mjuk fyllighet utan att dölja kaffets egen smak. Smaken och egenskaperna har finslipats tillsammans med professionella baristor. Valio Oddlygood® Barista är 100 % växtbaserad och tillverkas i Finland av inhemsk glutenfri havre. Passar till en vegansk kost. Även god i matlagning och bakning! Skaka före användning.",
    "countryText": "",
    "companyText": "Oddlygood",
    "ingrediensText": "Vatten, glutenfritt HAVREMJÖL, rybsolja, surhetsreglerande medel (kaliumfosfater), kalcium, salt, jod, vitaminer (riboflavin (B2, B12 och D2).",
    "storage": "Oöppnad förpackning kan förvaras i rumstemperatur. Öppnad förpackning förvaras vid 0 – +6 °C och är hållbar 4–5 dagar i kylskåp.",
    "allergens": "",
    "usage": "",
    "nutrition": [
      {
        "Näringsvärde": "Energi (kcal)",
        "100 Milliliter": "58 kcal"
      },
      {
        "Näringsvärde": "Energi (kJ)",
        "100 Milliliter": "244 kJ"
      },
      {
        "Näringsvärde": "Fett",
        "100 Milliliter": "3 g"
      },
      {
        "Näringsvärde": "Varav mättat fett",
        "100 Milliliter": "0.3 g"
      },
      {
        "Näringsvärde": "Kolhydrat",
        "100 Milliliter": "6.6 g"
      },
      {
        "Näringsvärde": "Varav sockerarter",
        "100 Milliliter": "3.5 g"
      },
      {
        "Näringsvärde": "Fiber",
        "100 Milliliter": "0.4 g"
      },
      {
        "Näringsvärde": "Protein",
        "100 Milliliter": "1.2 g"
      },
      {
        "Näringsvärde": "Salt",
        "100 Milliliter": "0.1 g"
      },
      {
        "Näringsvärde": "Vitamin B12",
        "100 Milliliter": "0.4 µg",
        "% av DRI(*)": "16"
      },
      {
        "Näringsvärde": "Vitamin D",
        "100 Milliliter": "1 µg",
        "% av DRI(*)": "20"
      },
      {
        "Näringsvärde": "Riboflavin",
        "100 Milliliter": "0.21 mg",
        "% av DRI(*)": "15"
      },
      {
        "Näringsvärde": "Kalcium",
        "100 Milliliter": "120 mg",
        "% av DRI(*)": "15"
      },
      {
        "Näringsvärde": "Jod",
        "100 Milliliter": "22.5 µg",
        "% av DRI(*)": "15"
      }
    ],
    "nutritionUnitText": "Näringsvärde per 100 milliliter",
    "categories": {
      "mainCategory": "Mejeri & Ost",
      "subCategories": [
        {
          "name": "Mjölk",
          "subSubCategories": [
            "Mjölkfri dryck",
            "Havredryck"
          ]
        }
      ]
    }
  },
  {
    "name": "Mozzarella 125g Galbani",
    "weightText": "0.125 kg",
    "caPart": "",
    "weightValue": 0.125,
    "weightUnit": "kg",
    "comparePrice": "159,60 kr/kg u. spad",
    "currentPrice": 19.95,
    "attributes": [],
    "imgUrl": "https://handlaprivatkund.ica.se/images-v3/bf7a00ca-390e-4769-865f-dc369586872e/f27a0b36-a85b-46de-9b7b-daef059b7b34/500x500.jpg",
    "productInformation": "Färskost med mild smak. Passar till olika typer av gratänger och pastarätter. Prova att göra en vegetarisk lasagne och toppa med mozzarella.",
    "countryText": "",
    "companyText": "Galbani",
    "ingrediensText": "Pastöriserad KOMJÖLK, salt, löpe, surhetsreglerande medel: citronsyra.",
    "storage": "Kylvara +4°C / +8°C. Lägsta förvaringstemperatur 4°C Högsta förvaringstemperatur 8°C",
    "allergens": "",
    "usage": "",
    "nutrition": [
      {
        "Näringsvärde": "Energi (kcal)",
        "100 Gram": "238 kcal"
      },
      {
        "Näringsvärde": "Energi (kJ)",
        "100 Gram": "989 kJ"
      },
      {
        "Näringsvärde": "Fett",
        "100 Gram": "18 g"
      },
      {
        "Näringsvärde": "Varav mättat fett",
        "100 Gram": "13 g"
      },
      {
        "Näringsvärde": "Kolhydrat",
        "100 Gram": "2 g"
      },
      {
        "Näringsvärde": "Varav sockerarter",
        "100 Gram": "1 g"
      },
      {
        "Näringsvärde": "Protein",
        "100 Gram": "17 g"
      },
      {
        "Näringsvärde": "Salt",
        "100 Gram": "0.7 g"
      }
    ],
    "nutritionUnitText": "Näringsvärde per 100 gram",
    "categories": {
      "mainCategory": "Mejeri & Ost",
      "subCategories": [
        {
          "name": "Ost",
          "subSubCategories": [
            "Matlagningsost",
            "Mozzarella"
          ]
        }
      ]
    }
  },
  {
    "name": "Smör- & rapsolja flytande 5dl 80% Arla Köket®",
    "weightText": "0.5 l",
    "caPart": "",
    "weightValue": 0.5,
    "weightUnit": "l",
    "comparePrice": "57,00 kr/l",
    "currentPrice": 28.5,
    "attributes": [
      "Nyckelhålet",
      "Ursprungsland Sverige"
    ],
    "imgUrl": "https://handlaprivatkund.ica.se/images-v3/bf7a00ca-390e-4769-865f-dc369586872e/0647bd8f-c6ff-402f-a96b-8cf3266daac4/500x500.jpg",
    "productInformation": "Arla Köket® Smör- & rapsolja förhöjer smaken på allt du steker. Vår blandning av smörolja och rapsolja passar lika bra till pannkakor och köttbullar som till kött och fisk. Ska du smörja formar är Arla Smör- & rapsolja enkelt och bekvämt. Den är avsedd för stekning, men du kan även baka med flytande matfettsblaningen – framförallt matbröd, vetebröd och mjuka kakor. Till småkakor och pajdegar rekommenderas vanligt Svenskt Smör från Arla®. Arla Köket® Smör- & rapsolja har en tydlig smak av smör och är lätt att använda då den är flytande vid +8° C. Produkten är nyckelhålsmärkt.",
    "countryText": "Sverige",
    "companyText": "Arla Köket",
    "ingrediensText": "Rapsolja (67%), SKUMMJÖLK, SMÖROLJA (8%), sheaolja, kokosolja, mjölksyrakultur, salt, emulgeringsmedel (lecitin), vitamin A och D, naturlig arom.",
    "storage": "Lägsta förvaringstemperatur 2°C Högsta förvaringstemperatur 8°C",
    "allergens": "Innehåller Mjölk",
    "usage": "",
    "nutrition": [
      {
        "Näringsvärde": "Energi (kcal)",
        "100 Gram": "728 kcal"
      },
      {
        "Näringsvärde": "Energi (kJ)",
        "100 Gram": "2993 kJ"
      },
      {
        "Näringsvärde": "Fett",
        "100 Gram": "80 g"
      },
      {
        "Näringsvärde": "Varav fleromättat fett",
        "100 Gram": "20 g"
      },
      {
        "Näringsvärde": "Varav mättat fett",
        "100 Gram": "12 g"
      },
      {
        "Näringsvärde": "Varav enkelomättat fett",
        "100 Gram": "43 g"
      },
      {
        "Näringsvärde": "Kolhydrat",
        "100 Gram": "0.8 g"
      },
      {
        "Näringsvärde": "Varav sockerarter",
        "100 Gram": "0.8 g"
      },
      {
        "Näringsvärde": "Protein",
        "100 Gram": "0.5 g"
      },
      {
        "Näringsvärde": "Salt",
        "100 Gram": "0.9 g"
      },
      {
        "Näringsvärde": "Vitamin A",
        "100 Gram": "900 µg",
        "% av DRI(*)": "113"
      },
      {
        "Näringsvärde": "Vitamin D",
        "100 Gram": "20 µg",
        "% av DRI(*)": "400"
      }
    ],
    "nutritionUnitText": "Näringsvärde per 100 gram",
    "categories": {
      "mainCategory": "Mejeri & Ost",
      "subCategories": [
        {
          "name": "Smör & Margarin",
          "subSubCategories": [
            "Flytande smör & margarin"
          ]
        }
      ]
    }
  },
  {
    "name": "Cottage cheese Naturell 4% 500g KESO®",
    "weightText": "0.5 kg",
    "caPart": "",
    "weightValue": 0.5,
    "weightUnit": "kg",
    "comparePrice": "65,00 kr/kg",
    "currentPrice": 32.5,
    "attributes": [
      "Nyckelhålet",
      "Ursprungsland Sverige"
    ],
    "imgUrl": "https://handlaprivatkund.ica.se/images-v3/bf7a00ca-390e-4769-865f-dc369586872e/09685cb0-1b69-45c8-95a2-fc9a88a3e3f0/500x500.jpg",
    "productInformation": "Krämig färskost med grynig konsistens, tillverkad av svensk mjölk från Arlagårdar. För att bli krämig och smakrik blandas ostkornen med mjölk, grädde och lite salt. KESO® Cottage Cheese 4% är nyckelhålsmärkt och har ett naturligt högt proteininnehåll med 14g protein/100g vilket mättar bra. Ät som den är eller tillsammans med det du gillar. Använd som proteinrik huvudingrediens eller som tillbehör som röra, topping eller dipp vid matlagning och bakning. KESO® passar utmärkt som ett gott mellanmål, exempelvis vid träning. Symbolen med den blågula mjölkkannan garanterar 100 procent svensk mjölk. Kartongbägaren är gjord av FSC-märkt pappersfiber och har 60% lägre klimatpåverkan än tidigare plastbägare.",
    "countryText": "Sverige",
    "companyText": "Keso",
    "ingrediensText": "pastöriserad MJÖLK och GRÄDDE, salt, syrningskultur, ystenzym.",
    "storage": "Lägsta förvaringstemperatur 2°C Högsta förvaringstemperatur 8°C",
    "allergens": "Innehåller Mjölk",
    "usage": "",
    "nutrition": [
      {
        "Näringsvärde": "Energi (kcal)",
        "100 Gram": "93 kcal"
      },
      {
        "Näringsvärde": "Energi (kJ)",
        "100 Gram": "392 kJ"
      },
      {
        "Näringsvärde": "Fett",
        "100 Gram": "4 g"
      },
      {
        "Näringsvärde": "Varav mättat fett",
        "100 Gram": "2.6 g"
      },
      {
        "Näringsvärde": "Kolhydrat",
        "100 Gram": "1.6 g"
      },
      {
        "Näringsvärde": "Varav sockerarter",
        "100 Gram": "1.6 g"
      },
      {
        "Näringsvärde": "Protein",
        "100 Gram": "13 g"
      },
      {
        "Näringsvärde": "Salt",
        "100 Gram": "0.82 g"
      }
    ],
    "nutritionUnitText": "",
    "categories": {
      "mainCategory": "Mejeri & Ost",
      "subCategories": [
        {
          "name": "Cottage cheese",
          "subSubCategories": [
            "Cottage cheese naturell"
          ]
        }
      ]
    }
  },
  {
    "name": "Havredryck Naturell 1l ICA",
    "weightText": "1 l",
    "caPart": "",
    "weightValue": 1,
    "weightUnit": "l",
    "comparePrice": "16,50 kr/l",
    "currentPrice": 16.5,
    "attributes": [
      "Från Sverige",
      "Nyckelhålet",
      "Laktosfritt"
    ],
    "imgUrl": "https://handlaprivatkund.ica.se/images-v3/bf7a00ca-390e-4769-865f-dc369586872e/8107da7b-98cf-4fb3-a07c-87ff932b8c0a/500x500.jpg",
    "productInformation": "Med en krämig och lätt konsistens är vår havredryck det perfekta alternativet i din vardag. Fungerar oavsett om du är vegan, laktosintolerant eller bara älskar den milda smaken av havre. Vår havredyck är inte bara god att dricka som den är, den är också helt rätt till frukostflingorna eller i bröd- och bullbaket! För att inte tala om vad den kan göra med pannkassmeten - mmm! Tillverkad i Sverige på svensk havre.",
    "countryText": "",
    "companyText": "ICA",
    "ingrediensText": "INGREDIENSER: Vatten, HAVRE* 10%, rapsolja*, mineraler (kalcium, jod), salt, vitamin D2, riboflavin, vitamin B12. *Ursprung Sverige.",
    "storage": "Drycken är UHT-behandlad. Oöppnad förpackning kan förvaras i rumstemperatur. Öppnad förpackning förvaras kylt, max +8°C. Lägsta förvaringstemperatur 2°C Högsta förvaringstemperatur 20°C",
    "allergens": "Innehåller Spannmål som innehåller gluten",
    "usage": "",
    "nutrition": [
      {
        "Näringsvärde": "Energi (kcal)",
        "100 Milliliter": "48 kcal"
      },
      {
        "Näringsvärde": "Energi (kJ)",
        "100 Milliliter": "203 kJ"
      },
      {
        "Näringsvärde": "Fett",
        "100 Milliliter": "1.5 g"
      },
      {
        "Näringsvärde": "Varav mättat fett",
        "100 Milliliter": "0.2 g"
      },
      {
        "Näringsvärde": "Kolhydrat",
        "100 Milliliter": "7.2 g"
      },
      {
        "Näringsvärde": "Varav sockerarter",
        "100 Milliliter": "3.5 g"
      },
      {
        "Näringsvärde": "Fiber",
        "100 Milliliter": "0.8 g"
      },
      {
        "Näringsvärde": "Protein",
        "100 Milliliter": "1.1 g"
      },
      {
        "Näringsvärde": "Salt",
        "100 Milliliter": "0.1 g"
      },
      {
        "Näringsvärde": "Vitamin B12",
        "100 Milliliter": "0.38 µg",
        "% av DRI(*)": "15"
      },
      {
        "Näringsvärde": "Vitamin D",
        "100 Milliliter": "1.1 µg",
        "% av DRI(*)": "22"
      },
      {
        "Näringsvärde": "Riboflavin",
        "100 Milliliter": "0.21 mg",
        "% av DRI(*)": "15"
      },
      {
        "Näringsvärde": "Kalcium",
        "100 Milliliter": "120 mg",
        "% av DRI(*)": "15"
      },
      {
        "Näringsvärde": "Jod",
        "100 Milliliter": "22.5 µg",
        "% av DRI(*)": "15"
      }
    ],
    "nutritionUnitText": "Näringsvärde per 100 milliliter",
    "categories": {
      "mainCategory": "Mejeri & Ost",
      "subCategories": [
        {
          "name": "Mjölk",
          "subSubCategories": [
            "Mjölkfri dryck",
            "Havredryck"
          ]
        }
      ]
    }
  },
  {
    "name": "Färsk standardmjölk 3% 1l Arla Ko®",
    "weightText": "1 l",
    "caPart": "",
    "weightValue": 1,
    "weightUnit": "l",
    "comparePrice": "14,95 kr/l",
    "currentPrice": 14.95,
    "attributes": [
      "Ursprungsland Sverige"
    ],
    "imgUrl": "https://handlaprivatkund.ica.se/images-v3/bf7a00ca-390e-4769-865f-dc369586872e/57cdd033-126a-4e95-b644-90be42ac4f87/500x500.jpg",
    "productInformation": "Färsk mjölk från Arla, gjord på svensk mjölk från Arlagårdar nu med ännu bättre djuromsorg hela året runt. Standardmjölk har en rund och fyllig smak med tydligt inslag av grädde. Den goda smaken gör att mjölken passar extra bra i kaffe, te och choklad. Standardmjölk - röd mjölk - kan med fördel användas i matlagning, till bär och gröt. Arla Ko® färsk mjölk är en naturlig källa till bland annat protein, kalcium och vitamin B12. Protein bidrar till muskeluppbyggnad och kalcium behövs för att bibehålla en normal benstomme. Varumärket Arla Ko® garanterar att produkten är gjord på 100 procent svensk mjölk.",
    "countryText": "Sverige",
    "companyText": "Arla Ko",
    "ingrediensText": "MJÖLK, vitamin D. Lågpastöriserad.",
    "storage": "Lägsta förvaringstemperatur 2°C Högsta förvaringstemperatur 8°C",
    "allergens": "",
    "usage": "",
    "nutrition": [
      {
        "Näringsvärde": "Energi (kcal)",
        "100 Gram": "59 kcal"
      },
      {
        "Näringsvärde": "Energi (kJ)",
        "100 Gram": "248 kJ"
      },
      {
        "Näringsvärde": "Fett",
        "100 Gram": "3 g"
      },
      {
        "Näringsvärde": "Varav mättat fett",
        "100 Gram": "1.9 g"
      },
      {
        "Näringsvärde": "Kolhydrat",
        "100 Gram": "4.6 g"
      },
      {
        "Näringsvärde": "Varav sockerarter",
        "100 Gram": "4.6 g"
      },
      {
        "Näringsvärde": "Protein",
        "100 Gram": "3.5 g"
      },
      {
        "Näringsvärde": "Salt",
        "100 Gram": "0.09 g"
      },
      {
        "Näringsvärde": "Vitamin B12",
        "100 Gram": "0.4 µg",
        "% av DRI(*)": "16"
      },
      {
        "Näringsvärde": "Vitamin D",
        "100 Gram": "1 µg",
        "% av DRI(*)": "20"
      },
      {
        "Näringsvärde": "Riboflavin",
        "100 Gram": "0.14 mg",
        "% av DRI(*)": "10"
      },
      {
        "Näringsvärde": "Pantotensyra",
        "100 Gram": "0.5 mg",
        "% av DRI(*)": "8"
      },
      {
        "Näringsvärde": "Kalium",
        "100 Gram": "160 mg",
        "% av DRI(*)": "8"
      },
      {
        "Näringsvärde": "Klorid",
        "100 Gram": "92 mg",
        "% av DRI(*)": "12"
      },
      {
        "Näringsvärde": "Kalcium",
        "100 Gram": "124 mg",
        "% av DRI(*)": "16"
      },
      {
        "Näringsvärde": "Fosfor",
        "100 Gram": "139 mg",
        "% av DRI(*)": "20"
      },
      {
        "Näringsvärde": "Molybden",
        "100 Gram": "3.8 µg",
        "% av DRI(*)": "8"
      }
    ],
    "nutritionUnitText": "Näringsvärde per 100 gram",
    "categories": {
      "mainCategory": "Mejeri & Ost",
      "subCategories": [
        {
          "name": "Mjölk",
          "subSubCategories": [
            "Standardmjölk",
            "Standardmjölk, laktos"
          ]
        }
      ]
    }
  },
  {
    "name": "Tacoost Riven 150g ICA",
    "weightText": "0.15 kg",
    "caPart": "",
    "weightValue": 0.15,
    "weightUnit": "kg",
    "comparePrice": "163,33 kr/kg",
    "currentPrice": 24.5,
    "attributes": [],
    "imgUrl": "https://handlaprivatkund.ica.se/images-v3/bf7a00ca-390e-4769-865f-dc369586872e/d0ca0693-2d32-44b3-b930-e2c5a60fe9ed/500x500.jpg",
    "productInformation": "ICA Tacoost Riven är en extra smakrik ostblandning med lite nötaktig ton, vilket gör att den passar i de flesta mexikanska rätterna, till exempel tacos, fajitas och burritos. ¡Arriba!",
    "countryText": "",
    "companyText": "ICA",
    "ingrediensText": "Pastöriserad MJÖLK*, majsstärkelse, salt, syrningskultur, mjölkkoagulerande enzym (mikrobiellt). *Ursprung EU",
    "storage": "",
    "allergens": "",
    "usage": "",
    "nutrition": [
      {
        "Näringsvärde": "Energi (kcal)",
        "100 Gram": "340 kcal"
      },
      {
        "Näringsvärde": "Energi (kJ)",
        "100 Gram": "1450 kJ"
      },
      {
        "Näringsvärde": "Fett",
        "100 Gram": "27 g"
      },
      {
        "Näringsvärde": "Varav mättat fett",
        "100 Gram": "19 g"
      },
      {
        "Näringsvärde": "Kolhydrat",
        "100 Gram": "1.9 g"
      },
      {
        "Näringsvärde": "Varav sockerarter",
        "100 Gram": "0 g"
      },
      {
        "Näringsvärde": "Protein",
        "100 Gram": "24 g"
      },
      {
        "Näringsvärde": "Salt",
        "100 Gram": "1.5 g"
      }
    ],
    "nutritionUnitText": "Näringsvärde per 100 gram",
    "categories": {
      "mainCategory": "Mejeri & Ost",
      "subCategories": [
        {
          "name": "Ost",
          "subSubCategories": [
            "Matlagningsost",
            "Riven ost"
          ]
        }
      ]
    }
  },
  {
    "name": "Präst® ost mellan 31% ca 720g Arla Ko®",
    "weightText": "Ca 0.72 kg",
    "caPart": "Ca",
    "weightValue": 0.72,
    "weightUnit": "kg",
    "comparePrice": "136,00 kr/kg",
    "currentPrice": 97.92,
    "attributes": [
      "Ursprungsland Sverige",
      "Mjölk från Sverige"
    ],
    "imgUrl": "https://handlaprivatkund.ica.se/images-v3/bf7a00ca-390e-4769-865f-dc369586872e/17c8b66f-05a4-4c71-b671-ce49f8a287d0/500x500.jpg",
    "productInformation": "Vår goda Arla Ko® Präst® är en härligt gräddig ost, med inslag av sälta, behaglig beska och sötma. Osten passar perfekt som pålägg eller på din lasagne. Präst® har sina rötter i 1700-talets Småland. Namnet kommer av att osten fungerade som betalningsmedel när det var dags att betala kyrkoskatt till prästen. Vid ystningen tillsatte man lite extra grädde för att blidka prästen och än i dag är Präst® lite fetare än andra ostar. Vår Arla Ko® Präst® görs på Kalmar mejeri på färsk mjölk från Öland och Småland. Varumärket Arla Ko® garanterar att osten är gjord på 100 procent svensk mjölk.",
    "countryText": "Sverige",
    "companyText": "Arla Ko",
    "ingrediensText": "Pastöriserad MJÖLK, salt, syrningskultur, ystenzym, kalciumklorid, konserveringsmedel E202.",
    "storage": "",
    "allergens": "",
    "usage": "",
    "nutrition": [
      {
        "Näringsvärde": "Energi (kcal)",
        "100 Gram": "384 kcal"
      },
      {
        "Näringsvärde": "Energi (kJ)",
        "100 Gram": "1594 kJ"
      },
      {
        "Näringsvärde": "Fett",
        "100 Gram": "31 g"
      },
      {
        "Näringsvärde": "Varav mättat fett",
        "100 Gram": "20 g"
      },
      {
        "Näringsvärde": "Kolhydrat",
        "100 Gram": "0 g"
      },
      {
        "Näringsvärde": "Varav sockerarter",
        "100 Gram": "0 g"
      },
      {
        "Näringsvärde": "Protein",
        "100 Gram": "25 g"
      },
      {
        "Näringsvärde": "Salt",
        "100 Gram": "1.2 g"
      },
      {
        "Näringsvärde": "Vitamin B12",
        "100 Gram": "1.4 µg",
        "% av DRI(*)": "56"
      },
      {
        "Näringsvärde": "Kalcium",
        "100 Gram": "756 mg",
        "% av DRI(*)": "95"
      }
    ],
    "nutritionUnitText": "Näringsvärde per 100 gram",
    "categories": {
      "mainCategory": "Mejeri & Ost",
      "subCategories": [
        {
          "name": "Ost",
          "subSubCategories": [
            "Påläggsost",
            "Präst & svecia"
          ]
        }
      ]
    }
  },
  {
    "name": "Lättmjölkdryck 0,5% Laktosfri 1,5l Arla Ko®",
    "weightText": "1.5 l",
    "caPart": "",
    "weightValue": 1.5,
    "weightUnit": "l",
    "comparePrice": "15,97 kr/l",
    "currentPrice": 23.95,
    "attributes": [
      "Nyckelhålet",
      "Ursprungsland Sverige",
      "Mjölk från Sverige",
      "Laktosfritt"
    ],
    "imgUrl": "https://handlaprivatkund.ica.se/images-v3/bf7a00ca-390e-4769-865f-dc369586872e/d20a51f5-5444-4326-9631-1089c37e0808/500x500.jpg",
    "productInformation": "Laktosfri lättmjölkdryck gjord på svensk mjölk från Arlagårdar. Lättmjölkdrycken är framtagen för vuxna och barn med laktosintolerans och är därför fri från laktos. Den har en svagt söt och gräddig smak som bäst njuts kall och är en måltidsdryck som även passar utmärkt efter träning och rekommenderas av näringsexperter. Arla Ko® laktosfri lättmjölkdryck är en naturlig källa till bland annat protein, kalcium och vitamin B12. Protein bidrar till muskeluppbyggnad och kalcium behövs för att bibehålla en normal benstomme. Varumärket Arla Ko® garanterar att produkten är gjord på 100 procent svensk mjölk. \n \n Högpastöriserad.",
    "countryText": "Sverige",
    "companyText": "Arla Ko",
    "ingrediensText": "MJÖLK, laktasenzym, vitamin D.",
    "storage": "Lägsta förvaringstemperatur 2°C Högsta förvaringstemperatur 8°C",
    "allergens": "",
    "usage": "",
    "nutrition": [
      {
        "Näringsvärde": "Energi (kcal)",
        "100 Gram": "28 kcal"
      },
      {
        "Näringsvärde": "Energi (kJ)",
        "100 Gram": "118 kJ"
      },
      {
        "Näringsvärde": "Fett",
        "100 Gram": "0.5 g"
      },
      {
        "Näringsvärde": "Varav mättat fett",
        "100 Gram": "0.3 g"
      },
      {
        "Näringsvärde": "Kolhydrat",
        "100 Gram": "2.4 g"
      },
      {
        "Näringsvärde": "Varav sockerarter",
        "100 Gram": "2.4 g"
      },
      {
        "Näringsvärde": "Protein",
        "100 Gram": "3.4 g"
      },
      {
        "Näringsvärde": "Salt",
        "100 Gram": "0.08 g"
      },
      {
        "Näringsvärde": "Vitamin B12",
        "100 Gram": "0.4 µg",
        "% av DRI(*)": "16"
      },
      {
        "Näringsvärde": "Vitamin D",
        "100 Gram": "1 µg",
        "% av DRI(*)": "20"
      },
      {
        "Näringsvärde": "Riboflavin",
        "100 Gram": "0.13 mg",
        "% av DRI(*)": "9"
      },
      {
        "Näringsvärde": "Kalcium",
        "100 Gram": "113 mg",
        "% av DRI(*)": "14"
      }
    ],
    "nutritionUnitText": "Näringsvärde per 100 gram",
    "categories": {
      "mainCategory": "Mejeri & Ost",
      "subCategories": [
        {
          "name": "Mjölk",
          "subSubCategories": [
            "Lättmjölk",
            "Lättmjölk, laktosfri"
          ]
        }
      ]
    }
  },
  {
    "name": "Mellanmål Hallon 175g Risifrutti",
    "weightText": "0.175 kg",
    "caPart": "",
    "weightValue": 0.175,
    "weightUnit": "kg",
    "comparePrice": "71,43 kr/kg",
    "currentPrice": 12.5,
    "attributes": [],
    "imgUrl": "https://handlaprivatkund.ica.se/images-v3/bf7a00ca-390e-4769-865f-dc369586872e/0535c382-88ae-4e6b-bada-62a20bd78c21/500x500.jpg",
    "productInformation": "Risifrutti hallon är ett enkelt och mättande mellanmål som innehåller en bas av krämig risgröt med smak av vanilj, mjölk och grädde. I den här varianten finns det med en syrlig hallonsylt eller bärsås gjord på hallon som man också kallar den.Risifrutti är en vardagshjälte som är perfekt att ha hemma i kylskåpet eller att packa med i väskan som ett snabbt mellanmål.Historien om Risifrutti började 1993 och sedan dess är det ett älskat mellanmål hos både stora och små. Produkterna är kända för sin goda smak och naturliga råvaror. Risgröten tillverkas i Örebro och de goda frukt- och bärsåserna tillverkas i Kumla. För att läsa mer om Risifrutti besök risifrutti.se",
    "countryText": "",
    "companyText": "RisiFrutti",
    "ingrediensText": "MJÖLK/MÆLK, vatten/vand, ris (8,5%), socker (6,7%), hallon/hindbær (6%), GRÄDDE/FLØDE, förtjockningsmedel/fortykningsmiddel (pektin, karragenan), naturliga aromer (bl.a. vanillin), salt, syra (citronsyra).",
    "storage": "I kylskåp 2-8 °C",
    "allergens": "",
    "usage": "",
    "nutrition": [
      {
        "Näringsvärde": "Energi (kcal)",
        "100 Gram": "111 kcal"
      },
      {
        "Näringsvärde": "Energi (kJ)",
        "100 Gram": "463 kJ"
      },
      {
        "Näringsvärde": "Fett",
        "100 Gram": "3.3 g"
      },
      {
        "Näringsvärde": "Varav mättat fett",
        "100 Gram": "2.1 g"
      },
      {
        "Näringsvärde": "Kolhydrat",
        "100 Gram": "17 g"
      },
      {
        "Näringsvärde": "Varav sockerarter",
        "100 Gram": "10 g"
      },
      {
        "Näringsvärde": "Protein",
        "100 Gram": "3.1 g"
      },
      {
        "Näringsvärde": "Salt",
        "100 Gram": "0.15 g"
      }
    ],
    "nutritionUnitText": "Näringsvärde per 100 gram",
    "categories": {
      "mainCategory": "Mejeri & Ost",
      "subCategories": [
        {
          "name": "Kylda mellanmål & desserter",
          "subSubCategories": [
            "Kylda mellanmål",
            "Rismål, laktos"
          ]
        }
      ]
    }
  },
  {
    "name": "Mellanmål Jordgubb 165g Mannafrutti",
    "weightText": "0.165 kg",
    "caPart": "",
    "weightValue": 0.165,
    "weightUnit": "kg",
    "comparePrice": "75,76 kr/kg",
    "currentPrice": 12.5,
    "attributes": [],
    "imgUrl": "https://handlaprivatkund.ica.se/images-v3/bf7a00ca-390e-4769-865f-dc369586872e/ea58009c-6fe2-4e10-872a-c0ab16a058c0/500x500.jpg",
    "productInformation": "Mannafrutti är ett mellanmål som helt enkelt är gjord på mannagryn istället för ris. Mannafrutti är gjord på en bas av naturliga ingredienser från mjölk, grädde, mannagryn, frukt & bär. Resultatet är en len mannagröt som blir oemotståndligt god tillsammans med de friska frukt & bärsåserna! Mannafrutti innehåller självklart också svensk mjölk och grädde, och tillverkas i Örebro. Jordgubbssmaken är den största favoriten i sortimentet.",
    "countryText": "",
    "companyText": "RisiFrutti",
    "ingrediensText": "MJÖLK/MÆLK, GRÄDDE/FLØDE, vatten, socker (9%), jordgubbar/jordbær (7%), MANNAGRYN AV VETE/HVEDE (4%), förtjockningsmedel/fortykningsmiddel (pektin, karragenan), fläderbärs/hyldebærjuice, VETESTÄRKELSE/HVEDESTIVELSE, naturliga aromer (bl.a. vanillin), syra (citronsyra), salt.",
    "storage": "I kylskåp 2-8 °C",
    "allergens": "",
    "usage": "",
    "nutrition": [
      {
        "Näringsvärde": "Energi (kcal)",
        "100 Gram": "138 kcal"
      },
      {
        "Näringsvärde": "Energi (kJ)",
        "100 Gram": "578 kJ"
      },
      {
        "Näringsvärde": "Fett",
        "100 Gram": "7.2 g"
      },
      {
        "Näringsvärde": "Varav mättat fett",
        "100 Gram": "4.9 g"
      },
      {
        "Näringsvärde": "Kolhydrat",
        "100 Gram": "16 g"
      },
      {
        "Näringsvärde": "Varav sockerarter",
        "100 Gram": "13 g"
      },
      {
        "Näringsvärde": "Protein",
        "100 Gram": "2.8 g"
      },
      {
        "Näringsvärde": "Salt",
        "100 Gram": "0.1 g"
      }
    ],
    "nutritionUnitText": "Näringsvärde per 100 gram",
    "categories": {
      "mainCategory": "Mejeri & Ost",
      "subCategories": [
        {
          "name": "Kylda mellanmål & desserter",
          "subSubCategories": [
            "Kylda mellanmål",
            "Rismål, laktos"
          ]
        }
      ]
    }
  },
  {
    "name": "Yoghurt Original Jordgubb & Smultron 2% 1000g Yoggi®",
    "weightText": "1 kg",
    "caPart": "",
    "weightValue": 1,
    "weightUnit": "kg",
    "comparePrice": "28,95 kr/kg",
    "currentPrice": 28.95,
    "attributes": [
      "FSC, Forest Stewardship Council",
      "Ursprungsland Sverige"
    ],
    "imgUrl": "https://handlaprivatkund.ica.se/images-v3/bf7a00ca-390e-4769-865f-dc369586872e/6582ea70-d8be-4936-aae6-d7bdc458c5c0/500x500.jpg",
    "productInformation": "Njut av lyxigt krämig yoghurt rik på frukt. Arla Yoggi® Original jordgubb & smultron görs på naturliga råvaror med mild, rund smak av äkta jordgubbar och smultron. Smaken är 100 procent naturlig och det är frukten som skänker yoghurten den fina färgen. Yoggi yoghurt passar hela familjen och kan njutas till frukoststunden, som ett snabbt mellanmål eller enkel efterrätt.",
    "countryText": "Sverige",
    "companyText": "Yoggi",
    "ingrediensText": "MJÖLK, bär 8% (jordgubbar 7 %, smultron 1 %), socker 7,5 %, MJÖLKPROTEIN, majsstärkelse, naturlig arom, yoghurtkultur, vitamin D. Mjölken är högpastöriserad.",
    "storage": "",
    "allergens": "",
    "usage": "",
    "nutrition": [
      {
        "Näringsvärde": "Energi (kcal)",
        "100 Gram": "80 kcal"
      },
      {
        "Näringsvärde": "Energi (kJ)",
        "100 Gram": "350 kJ"
      },
      {
        "Näringsvärde": "Fett",
        "100 Gram": "2.1 g"
      },
      {
        "Näringsvärde": "Varav mättat fett",
        "100 Gram": "1.3 g"
      },
      {
        "Näringsvärde": "Kolhydrat",
        "100 Gram": "11 g"
      },
      {
        "Näringsvärde": "Varav sockerarter",
        "100 Gram": "11 g"
      },
      {
        "Näringsvärde": "Protein",
        "100 Gram": "3.3 g"
      },
      {
        "Näringsvärde": "Salt",
        "100 Gram": "0.1 g"
      },
      {
        "Näringsvärde": "Vitamin D",
        "100 Gram": "0.93 µg",
        "% av DRI(*)": "19"
      }
    ],
    "nutritionUnitText": "Näringsvärde per 100 gram",
    "categories": {
      "mainCategory": "Mejeri & Ost",
      "subCategories": [
        {
          "name": "Yoghurt",
          "subSubCategories": [
            "Smaksatt yoghurt"
          ]
        }
      ]
    }
  },
  {
    "name": "Vispgrädde 36% 5dl Arla Köket®",
    "weightText": "0.5 l",
    "caPart": "",
    "weightValue": 0.5,
    "weightUnit": "l",
    "comparePrice": "75,00 kr/l",
    "currentPrice": 37.5,
    "attributes": [
      "Ursprungsland Sverige"
    ],
    "imgUrl": "https://handlaprivatkund.ica.se/images-v3/bf7a00ca-390e-4769-865f-dc369586872e/baa26f49-046a-4b88-b71a-cc9e9c1d143e/500x500.jpg",
    "productInformation": "Arla Köket® Vispgrädde 36% har en behagligt frisk smak av grädde och mjuk, krämig och len konsistens. Vispgrädde både förstärker och rundar av smaken vilket gör den idealisk till vardagsmatlagning, bakning och desserter. Även en liten mängd grädde i mat gör stor skillnad för smaken. Produkten har längre hållbarhet och en praktisk återförslutningsbar förpackning med skruvkork och håller sig fräsch och god flera dagar efter den öppnats. Symbolen med den blågula gräddkannan garanterar 100 procent svensk grädde.",
    "countryText": "Sverige",
    "companyText": "Arla Köket",
    "ingrediensText": "Pastöriserad GRÄDDE, stabiliseringsmedel (karragenan).",
    "storage": "",
    "allergens": "Innehåller Mjölk",
    "usage": "",
    "nutrition": [
      {
        "Näringsvärde": "Energi (kcal)",
        "100 Gram": "340 kcal"
      },
      {
        "Näringsvärde": "Energi (kJ)",
        "100 Gram": "1400 kJ"
      },
      {
        "Näringsvärde": "Fett",
        "100 Gram": "36 g"
      },
      {
        "Näringsvärde": "Varav mättat fett",
        "100 Gram": "23 g"
      },
      {
        "Näringsvärde": "Kolhydrat",
        "100 Gram": "2.9 g"
      },
      {
        "Näringsvärde": "Varav sockerarter",
        "100 Gram": "2.9 g"
      },
      {
        "Näringsvärde": "Protein",
        "100 Gram": "2.3 g"
      },
      {
        "Näringsvärde": "Salt",
        "100 Gram": "0.1 g"
      },
      {
        "Näringsvärde": "Vitamin A",
        "100 Gram": "330 µg",
        "% av DRI(*)": "41"
      },
      {
        "Näringsvärde": "Vitamin B12",
        "100 Gram": "0.39 µg",
        "% av DRI(*)": "16"
      }
    ],
    "nutritionUnitText": "Näringsvärde per 100 gram",
    "categories": {
      "mainCategory": "Mejeri & Ost",
      "subCategories": [
        {
          "name": "Grädde",
          "subSubCategories": [
            "Vispgrädde"
          ]
        }
      ]
    }
  },
  {
    "name": "Lättyoghurt Naturell Mild 0,5% 1000g Arla Ko®",
    "weightText": "1 kg",
    "caPart": "",
    "weightValue": 1,
    "weightUnit": "kg",
    "comparePrice": "19,50 kr/kg",
    "currentPrice": 19.5,
    "attributes": [
      "Nyckelhålet",
      "Ursprungsland Sverige"
    ],
    "imgUrl": "https://handlaprivatkund.ica.se/images-v3/bf7a00ca-390e-4769-865f-dc369586872e/baedb2e7-7970-4e18-abd3-a68e79a5329d/500x500.jpg",
    "productInformation": "Mild naturell lättyoghurt med krämig konsistens. Arlas lättyoghurt är nyckelhålsmärkt, med sin låga fetthalt är den ett utmärkt val när du vill äta nyttigt utan att behöva göra avkall på den goda smaken. Arla mild lättyoghurt naturell passar bra till både frukost och mellanmål. Ät den som den är eller tillsammans med müsli, flingor, frukt och bär. Varumärket Arla Ko® garanterar att produkten är gjord på 100 procent svensk mjölk. I en praktisk?förpackning som?är lätt att förvara, tömma och återvinna.",
    "countryText": "Sverige",
    "companyText": "Arla Ko",
    "ingrediensText": "Högpastöriserad MJÖLK, MJÖLKPROTEIN, mild yoghurtkultur, vitamin D.",
    "storage": "",
    "allergens": "Innehåller Mjölk",
    "usage": "",
    "nutrition": [
      {
        "Näringsvärde": "Energi (kcal)",
        "100 Gram": "39 kcal"
      },
      {
        "Näringsvärde": "Energi (kJ)",
        "100 Gram": "166 kJ"
      },
      {
        "Näringsvärde": "Fett",
        "100 Gram": "0.5 g"
      },
      {
        "Näringsvärde": "Varav mättat fett",
        "100 Gram": "0.3 g"
      },
      {
        "Näringsvärde": "Kolhydrat",
        "100 Gram": "3.9 g"
      },
      {
        "Näringsvärde": "Varav sockerarter",
        "100 Gram": "3.9 g"
      },
      {
        "Näringsvärde": "Protein",
        "100 Gram": "4.1 g"
      },
      {
        "Näringsvärde": "Salt",
        "100 Gram": "0.09 g"
      },
      {
        "Näringsvärde": "Vitamin D",
        "100 Gram": "1 µg",
        "% av DRI(*)": "20"
      },
      {
        "Näringsvärde": "Kalcium",
        "100 Gram": "128 mg",
        "% av DRI(*)": "16"
      }
    ],
    "nutritionUnitText": "Näringsvärde per 100 gram",
    "categories": {
      "mainCategory": "Mejeri & Ost",
      "subCategories": [
        {
          "name": "Yoghurt",
          "subSubCategories": [
            "Naturell yoghurt"
          ]
        }
      ]
    }
  },
  {
    "name": "Jäst för söta degar 50g Kronjäst",
    "weightText": "0.05 kg",
    "caPart": "",
    "weightValue": 0.05,
    "weightUnit": "kg",
    "comparePrice": "70,00 kr/kg",
    "currentPrice": 3.5,
    "attributes": [],
    "imgUrl": "https://handlaprivatkund.ica.se/images-v3/bf7a00ca-390e-4769-865f-dc369586872e/32a92bad-9e5e-4820-aa45-6bfd0d0d86a6/500x500.jpg",
    "productInformation": "Svensk färsk jäst som har optimal jäskraft i söta degar (en deg med mer än 2,5 msk socker per 14 dl mjöl, t.ex. vetebröd). Jästcellerna i ett paket KronJäst för Söta Degar arbetar bäst tillsammans med socker och mindre effektivt i degar utan tillsatt socker.",
    "countryText": "",
    "companyText": "Kronjäst",
    "ingrediensText": "Jäst",
    "storage": "Färskjäst består av levande mikroorganismer och är därför en färskvara. All färskjäst måste förvaras kallt för att behålla sina egenskaper. Förvaringstemperatur 0 till + 8°C, ju kallare desto bättre. Lägsta förvaringstemperatur 0°C Högsta förvaringstemperatur 8°C",
    "allergens": "",
    "usage": "",
    "nutrition": [
      {
        "Näringsvärde": "Energi (kcal)",
        "100 Gram": "108 kcal"
      },
      {
        "Näringsvärde": "Energi (kJ)",
        "100 Gram": "452 kJ"
      },
      {
        "Näringsvärde": "Fett",
        "100 Gram": "1.7 g"
      },
      {
        "Näringsvärde": "Varav mättat fett",
        "100 Gram": "0.3 g"
      },
      {
        "Näringsvärde": "Kolhydrat",
        "100 Gram": "6 g"
      },
      {
        "Näringsvärde": "Varav sockerarter",
        "100 Gram": "4.4 g"
      },
      {
        "Näringsvärde": "Fiber",
        "100 Gram": "8.1 g"
      },
      {
        "Näringsvärde": "Protein",
        "100 Gram": "13 g"
      },
      {
        "Näringsvärde": "Salt",
        "100 Gram": "0.05 g"
      }
    ],
    "nutritionUnitText": "Näringsvärde per 100 gram",
    "categories": {
      "mainCategory": "Jul",
      "subCategories": [
        {
          "name": "Julbak",
          "subSubCategories": [
            "Saffran & Bullbak"
          ]
        }
      ]
    }
  },
  {
    "name": "Vaniljyoghurt mild 2% 1000g Arla Ko®",
    "weightText": "1 kg",
    "caPart": "",
    "weightValue": 1,
    "weightUnit": "kg",
    "comparePrice": "24,50 kr/kg",
    "currentPrice": 24.5,
    "attributes": [
      "Ursprungsland Sverige"
    ],
    "imgUrl": "https://handlaprivatkund.ica.se/images-v3/bf7a00ca-390e-4769-865f-dc369586872e/11df24ef-867e-467c-a8a0-df23e0e10012/500x500.jpg",
    "productInformation": "Mild vaniljyoghurt med en len och krämig konsistens kombinerat med en fin, mjuk smak. Arla Ko® Mild yoghurt vanilj 2% räddar både frukost och mellanmål för hela familjen. God som den är, kombinera gärna med dina favorittillbehör som müsli, flingor, frukt eller bär. Vaniljyoghurt är en perfekt bas till smoothies. När du ser Arla Ko vet du att produkten görs på 100 procent svensk mjölk. I en praktisk förpackning som är enkel att förvara, hälla ur, tömma och återvinna.",
    "countryText": "Sverige",
    "companyText": "Arla Ko",
    "ingrediensText": "Högpastöriserad MJÖLK, socker 5%, MJÖLKPROTEIN, naturlig arom, vaniljextrakt, mild yoghurtkultur, vitamin D.",
    "storage": "",
    "allergens": "",
    "usage": "",
    "nutrition": [
      {
        "Näringsvärde": "Energi (kcal)",
        "100 Gram": "70 kcal"
      },
      {
        "Näringsvärde": "Energi (kJ)",
        "100 Gram": "297 kJ"
      },
      {
        "Näringsvärde": "Fett",
        "100 Gram": "2 g"
      },
      {
        "Näringsvärde": "Varav mättat fett",
        "100 Gram": "1.3 g"
      },
      {
        "Näringsvärde": "Kolhydrat",
        "100 Gram": "8.5 g"
      },
      {
        "Näringsvärde": "Varav sockerarter",
        "100 Gram": "8.5 g"
      },
      {
        "Näringsvärde": "Protein",
        "100 Gram": "3.9 g"
      },
      {
        "Näringsvärde": "Salt",
        "100 Gram": "0.08 g"
      },
      {
        "Näringsvärde": "Vitamin D",
        "100 Gram": "1 µg",
        "% av DRI(*)": "20"
      },
      {
        "Näringsvärde": "Kalcium",
        "100 Gram": "119 mg",
        "% av DRI(*)": "15"
      }
    ],
    "nutritionUnitText": "Näringsvärde per 100 gram",
    "categories": {
      "mainCategory": "Mejeri & Ost",
      "subCategories": [
        {
          "name": "Yoghurt",
          "subSubCategories": [
            "Smaksatt yoghurt"
          ]
        }
      ]
    }
  },
  {
    "name": "Mellanmjölkdryck Laktosfri 1,5% 1l ICA",
    "weightText": "1 l",
    "caPart": "",
    "weightValue": 1,
    "weightUnit": "l",
    "comparePrice": "19,50 kr/l",
    "currentPrice": 19.5,
    "attributes": [
      "Från Sverige",
      "Ursprungsland Sverige",
      "Laktosfritt"
    ],
    "imgUrl": "https://handlaprivatkund.ica.se/images-v3/bf7a00ca-390e-4769-865f-dc369586872e/f92f85ff-102d-4880-a724-82ae3af672c4/500x500.jpg",
    "productInformation": "ICA Mellanmjölkdryck Laktosfri passar dig som är laktosintolerant och är, precis som vanlig mjölk, god till nybakade bullar eller i morgonkaffet. Den är gjord på mjölk från svenska gårdar.",
    "countryText": "Sverige",
    "companyText": "ICA",
    "ingrediensText": "Högpastöriserad mjölk, laktasenzym, vitamin D.",
    "storage": "",
    "allergens": "",
    "usage": "",
    "nutrition": [],
    "nutritionUnitText": "Näringsvärde per styck",
    "categories": {
      "mainCategory": "Mejeri & Ost",
      "subCategories": [
        {
          "name": "Mjölk",
          "subSubCategories": [
            "Mellanmjölk",
            "Mellanmjölk, laktosfri"
          ]
        }
      ]
    }
  },
  {
    "name": "Hamburgerost cheddarsmak 200g ICA",
    "weightText": "0.2 kg",
    "caPart": "",
    "weightValue": 0.2,
    "weightUnit": "kg",
    "comparePrice": "134,75 kr/kg",
    "currentPrice": 26.95,
    "attributes": [],
    "imgUrl": "https://handlaprivatkund.ica.se/images-v3/bf7a00ca-390e-4769-865f-dc369586872e/ac669e9b-ac09-44ad-8404-d4a627afda65/500x500.jpg",
    "productInformation": "ICA Hamburgerost Cheddarsmak tar den hemgjorda burgaren till en ny nivå. Lägg osten på burgaren i pannan eller grillen och låt den steka med en stund så den smälter ordentligt. Komplettera sen med andra tillbehör – eller njut den precis som den är, ostigt perfekt.",
    "countryText": "",
    "companyText": "ICA",
    "ingrediensText": "Ost 46% (pastöriserad MJÖLK*, salt, syrningskultur, mjölkkoagulerande enzym (mikrobiellt)), vatten, SKUMMJÖLKSPULVER, cheddarost 6% (pastöriserad MJÖLK*, salt, syrningskultur, mjölkkoagulerande enzym (mikrobiellt)), SMÖR, smältsalter (E452, E339), salt, färgämne (E160c), surhetsreglerande medel (E330). *Ursprung EU.",
    "storage": "Kylvara. Förvaras i högst +8°C.",
    "allergens": "",
    "usage": "",
    "nutrition": [
      {
        "Näringsvärde": "Energi (kcal)",
        "100 Gram": "248 kcal"
      },
      {
        "Näringsvärde": "Energi (kJ)",
        "100 Gram": "1030 kJ"
      },
      {
        "Näringsvärde": "Fett",
        "100 Gram": "19 g"
      },
      {
        "Näringsvärde": "Varav mättat fett",
        "100 Gram": "13 g"
      },
      {
        "Näringsvärde": "Kolhydrat",
        "100 Gram": "4.2 g"
      },
      {
        "Näringsvärde": "Varav sockerarter",
        "100 Gram": "4.2 g"
      },
      {
        "Näringsvärde": "Protein",
        "100 Gram": "15 g"
      },
      {
        "Näringsvärde": "Salt",
        "100 Gram": "2.3 g"
      }
    ],
    "nutritionUnitText": "Näringsvärde per 100 gram",
    "categories": {
      "mainCategory": "Mejeri & Ost",
      "subCategories": [
        {
          "name": "Ost",
          "subSubCategories": [
            "Påläggsost",
            "Skivad ost"
          ]
        }
      ]
    }
  },
  {
    "name": "Juice Apelsin 1l God Morgon®",
    "weightText": "1 l",
    "caPart": "",
    "weightValue": 1,
    "weightUnit": "l",
    "comparePrice": "33,50 kr/l",
    "currentPrice": 33.5,
    "attributes": [],
    "imgUrl": "https://handlaprivatkund.ica.se/images-v3/bf7a00ca-390e-4769-865f-dc369586872e/67a7c3b2-6228-4feb-8076-7f9847dd8325/500x500.jpg",
    "productInformation": "Av solmogna, handplockade apelsiner har vi pressat denna smakrika apelsinjuice sedan slutet av 60-talet. I förpackningen finns juice från 3,5 kg apelsiner. 100% pressad frukt med fruktkött. Perfekt till frukosten.",
    "countryText": "",
    "companyText": "God Morgon",
    "ingrediensText": "Apelsinjuice med fruktkött från koncentrat. Pastöriserad.",
    "storage": "Lägsta förvaringstemperatur 2°C Högsta förvaringstemperatur 8°C",
    "allergens": "",
    "usage": "",
    "nutrition": [
      {
        "Näringsvärde": "Energi (kcal)",
        "100 Milliliter": "43 kcal"
      },
      {
        "Näringsvärde": "Energi (kJ)",
        "100 Milliliter": "183 kJ"
      },
      {
        "Näringsvärde": "Fett",
        "100 Milliliter": "0.5 g"
      },
      {
        "Näringsvärde": "Varav mättat fett",
        "100 Milliliter": "0 g"
      },
      {
        "Näringsvärde": "Kolhydrat",
        "100 Milliliter": "8.8 g"
      },
      {
        "Näringsvärde": "Varav sockerarter",
        "100 Milliliter": "8.8 g"
      },
      {
        "Näringsvärde": "Protein",
        "100 Milliliter": "0.7 g"
      },
      {
        "Näringsvärde": "Salt",
        "100 Milliliter": "0 g"
      },
      {
        "Näringsvärde": "Vitamin C",
        "100 Milliliter": "20 mg",
        "% av DRI(*)": "25"
      }
    ],
    "nutritionUnitText": "Näringsvärde per 100 milliliter",
    "categories": {
      "mainCategory": "Mejeri & Ost",
      "subCategories": [
        {
          "name": "Juice & Fruktdryck",
          "subSubCategories": [
            "Apelsinjuice"
          ]
        }
      ]
    }
  },
  {
    "name": "Färsk lättmjölk 0,5% 1l Arla Ko®",
    "weightText": "1 l",
    "caPart": "",
    "weightValue": 1,
    "weightUnit": "l",
    "comparePrice": "14,50 kr/l",
    "currentPrice": 14.5,
    "attributes": [
      "Nyckelhålet",
      "Ursprungsland Sverige"
    ],
    "imgUrl": "https://handlaprivatkund.ica.se/images-v3/bf7a00ca-390e-4769-865f-dc369586872e/a10d02e2-4e30-4318-86da-133579133272/500x500.jpg",
    "productInformation": "Färsk lättmjölk från Arla, gjord på svensk mjölk från Arlagårdar nu med ännu bättre djuromsorg hela året runt. Mjölken har en svagt söt, gräddig smak och njuts bäst kall. Lättmjölk är en måltidsdryck men passar också utmärkt efter träning och rekommenderas av näringsexperter. Arla Ko® färsk lättmjölk är en naturlig källa till bland annat protein, kalcium och vitamin B12. Protein bidrar till muskeluppbyggnad och kalcium behövs för att bibehålla en normal benstomme. Varumärket Arla Ko® garanterar att produkten är gjord på 100 procent svensk mjölk.",
    "countryText": "Sverige",
    "companyText": "Arla Ko",
    "ingrediensText": "MJÖLK, vitamin D. Lågpastöriserad.",
    "storage": "Lägsta förvaringstemperatur 2°C Högsta förvaringstemperatur 8°C",
    "allergens": "Innehåller Mjölk",
    "usage": "",
    "nutrition": [
      {
        "Näringsvärde": "Energi (kcal)",
        "100 Gram": "38 kcal"
      },
      {
        "Näringsvärde": "Energi (kJ)",
        "100 Gram": "160 kJ"
      },
      {
        "Näringsvärde": "Fett",
        "100 Gram": "0.5 g"
      },
      {
        "Näringsvärde": "Varav mättat fett",
        "100 Gram": "0.3 g"
      },
      {
        "Näringsvärde": "Kolhydrat",
        "100 Gram": "4.7 g"
      },
      {
        "Näringsvärde": "Varav sockerarter",
        "100 Gram": "4.7 g"
      },
      {
        "Näringsvärde": "Protein",
        "100 Gram": "3.6 g"
      },
      {
        "Näringsvärde": "Salt",
        "100 Gram": "0.09 g"
      },
      {
        "Näringsvärde": "Vitamin B12",
        "100 Gram": "0.4 µg",
        "% av DRI(*)": "16"
      },
      {
        "Näringsvärde": "Vitamin D",
        "100 Gram": "1 µg",
        "% av DRI(*)": "20"
      },
      {
        "Näringsvärde": "Riboflavin",
        "100 Gram": "0.14 mg",
        "% av DRI(*)": "10"
      },
      {
        "Näringsvärde": "Pantotensyra",
        "100 Gram": "0.5 mg",
        "% av DRI(*)": "8"
      },
      {
        "Näringsvärde": "Kalium",
        "100 Gram": "160 mg",
        "% av DRI(*)": "8"
      },
      {
        "Näringsvärde": "Klorid",
        "100 Gram": "92 mg",
        "% av DRI(*)": "12"
      },
      {
        "Näringsvärde": "Kalcium",
        "100 Gram": "124 mg",
        "% av DRI(*)": "16"
      },
      {
        "Näringsvärde": "Fosfor",
        "100 Gram": "139 mg",
        "% av DRI(*)": "20"
      },
      {
        "Näringsvärde": "Molybden",
        "100 Gram": "3.8 µg",
        "% av DRI(*)": "8"
      }
    ],
    "nutritionUnitText": "Näringsvärde per 100 gram",
    "categories": {
      "mainCategory": "Mejeri & Ost",
      "subCategories": [
        {
          "name": "Mjölk",
          "subSubCategories": [
            "Lättmjölk",
            "Lättmjölk, laktos"
          ]
        }
      ]
    }
  },
  {
    "name": "Gräddalternativ Mat Låglaktos 4% 500ml Flora",
    "weightText": "0.5 l",
    "caPart": "",
    "weightValue": 0.5,
    "weightUnit": "l",
    "comparePrice": "41,00 kr/l",
    "currentPrice": 20.5,
    "attributes": [],
    "imgUrl": "https://handlaprivatkund.ica.se/images-v3/bf7a00ca-390e-4769-865f-dc369586872e/960a3045-b67e-4c44-8f95-691cfbe0a248/500x500.jpg",
    "productInformation": "Flora Mat 4% Låglaktos används som en lätt matlagningsgrädde. Denna matlagningsprodukt är gjord med vegetabiliska oljor så som rapsolja blandat med kärnmjölk. Ger god och fyllig smak samt krämig konsistens till maträtten. Är perfekt till soppor, grytor och gratänger.",
    "countryText": "",
    "companyText": "Flora",
    "ingrediensText": "INGREDIENSER: Vatten, låglaktos SKUMMJÖLK, KÄRNMJÖLK, vegetabiliska oljor (palm#, raps), modifierad stärkelse, stabiliseringsmedel (xantangummi, metylcellulosa), emulgeringsmedel (polysorbat 60), aromer (innehåller MJÖLK), färgämne (karotener). # Innehåller 100% certifierad och hållbar palmolja. Läs mer på upfield.com",
    "storage": "Förvaras mellan 4‒8°C. Öppnad förpackning förvaras kyld. Lägsta förvaringstemperatur 4°C Högsta förvaringstemperatur 8°C",
    "allergens": "",
    "usage": "",
    "nutrition": [
      {
        "Näringsvärde": "Energi (kcal)",
        "100 Milliliter": "60 kcal"
      },
      {
        "Näringsvärde": "Energi (kJ)",
        "100 Milliliter": "251 kJ"
      },
      {
        "Näringsvärde": "Fett",
        "100 Milliliter": "4.4 g"
      },
      {
        "Näringsvärde": "Varav mättat fett",
        "100 Milliliter": "1.4 g"
      },
      {
        "Näringsvärde": "Kolhydrat",
        "100 Milliliter": "4.5 g"
      },
      {
        "Näringsvärde": "Varav sockerarter",
        "100 Milliliter": "1.7 g"
      },
      {
        "Näringsvärde": "Protein",
        "100 Milliliter": "1.1 g"
      },
      {
        "Näringsvärde": "Salt",
        "100 Milliliter": "0.1 g"
      }
    ],
    "nutritionUnitText": "Näringsvärde per 100 milliliter",
    "categories": {
      "mainCategory": "Mejeri & Ost",
      "subCategories": [
        {
          "name": "Grädde",
          "subSubCategories": [
            "Laktosfri grädde",
            "Laktosfri matlagningsgrädde"
          ]
        }
      ]
    }
  },
  {
    "name": "Färskost Naturell 200g Philadelphia",
    "weightText": "0.2 kg",
    "caPart": "",
    "weightValue": 0.2,
    "weightUnit": "kg",
    "comparePrice": "114,75 kr/kg",
    "currentPrice": 22.95,
    "attributes": [],
    "imgUrl": "https://handlaprivatkund.ica.se/images-v3/bf7a00ca-390e-4769-865f-dc369586872e/2f778c2f-e8eb-4ab7-a589-03ba6a8b2683/500x500.jpg",
    "productInformation": "Philadelphia Original med den älskade och karaktäristiska krämigheten och fräschheten. Den är smakrik, glutenfri och vegetarisk och framför allt älskad! Perfekt till smörgåsen, bakverk och i matlagning.",
    "countryText": "",
    "companyText": "Philadelphia",
    "ingrediensText": "Ingredienser: MJÖLK/MÆLK/MELK, GRÄDDE/FLØDE/FLØTE, vassle-/valle-/myseprodukt (MJÖLK), salt, stabiliseringsmedel/stabilisator (guarkärnmjöl/guargummi), syra (citronsyra), bakteriekultur.",
    "storage": "",
    "allergens": "",
    "usage": "",
    "nutrition": [
      {
        "Näringsvärde": "Energi (kcal)",
        "100 Gram": "226 kcal"
      },
      {
        "Näringsvärde": "Energi (kJ)",
        "100 Gram": "933 kJ"
      },
      {
        "Näringsvärde": "Fett",
        "100 Gram": "21 g"
      },
      {
        "Näringsvärde": "Varav mättat fett",
        "100 Gram": "14 g"
      },
      {
        "Näringsvärde": "Kolhydrat",
        "100 Gram": "4.3 g"
      },
      {
        "Näringsvärde": "Varav sockerarter",
        "100 Gram": "4.3 g"
      },
      {
        "Näringsvärde": "Fiber",
        "100 Gram": "0.2 g"
      },
      {
        "Näringsvärde": "Protein",
        "100 Gram": "5.4 g"
      },
      {
        "Näringsvärde": "Salt",
        "100 Gram": "0.75 g"
      }
    ],
    "nutritionUnitText": "Näringsvärde per 100 gram",
    "categories": {
      "mainCategory": "Mejeri & Ost",
      "subCategories": [
        {
          "name": "Ost",
          "subSubCategories": [
            "Färskost & cream cheese"
          ]
        }
      ]
    }
  },
  {
    "name": "Matlagningsgrädde Laktosfri 13% 5dl ICA",
    "weightText": "0.5 l",
    "caPart": "",
    "weightValue": 0.5,
    "weightUnit": "l",
    "comparePrice": "59,00 kr/l",
    "currentPrice": 29.5,
    "attributes": [
      "Ursprungsland Sverige",
      "Mjölk från Sverige",
      "Laktosfritt"
    ],
    "imgUrl": "https://handlaprivatkund.ica.se/images-v3/bf7a00ca-390e-4769-865f-dc369586872e/9c963cc0-2b70-4ca2-ae58-77fb946f24ef/500x500.jpg",
    "productInformation": "ICA Matlagningsgrädde Laktosfri är en produkt för dig som är laktosintolerant. Passar i såser, soppor och grytor. Produkten är inte vispbar.",
    "countryText": "Sverige",
    "companyText": "ICA",
    "ingrediensText": "Högpastöriserad GRÄDDE*, laktasenzym. *Ursprung Sverige.",
    "storage": "Kylvara. Förvaras vid högst +8℃.",
    "allergens": "Innehåller Mjölk",
    "usage": "",
    "nutrition": [
      {
        "Näringsvärde": "Energi (kcal)",
        "100 Gram": "146 kcal"
      },
      {
        "Näringsvärde": "Energi (kJ)",
        "100 Gram": "603 kJ"
      },
      {
        "Näringsvärde": "Fett",
        "100 Gram": "13 g"
      },
      {
        "Näringsvärde": "Varav mättat fett",
        "100 Gram": "8.3 g"
      },
      {
        "Näringsvärde": "Kolhydrat",
        "100 Gram": "4.1 g"
      },
      {
        "Näringsvärde": "Varav sockerarter",
        "100 Gram": "4.1 g"
      },
      {
        "Näringsvärde": "Protein",
        "100 Gram": "3.1 g"
      },
      {
        "Näringsvärde": "Salt",
        "100 Gram": "0.08 g"
      }
    ],
    "nutritionUnitText": "Näringsvärde per 100 gram",
    "categories": {
      "mainCategory": "Mejeri & Ost",
      "subCategories": [
        {
          "name": "Grädde",
          "subSubCategories": [
            "Laktosfri grädde",
            "Laktosfri matlagningsgrädde"
          ]
        }
      ]
    }
  },
  {
    "name": "Halloumi orginal 200g Fontana",
    "weightText": "0.2 kg",
    "caPart": "",
    "weightValue": 0.2,
    "weightUnit": "kg",
    "comparePrice": "177,50 kr/kg",
    "currentPrice": 35.5,
    "attributes": [],
    "imgUrl": "https://handlaprivatkund.ica.se/images-v3/bf7a00ca-390e-4769-865f-dc369586872e/0ac8beea-0dd2-477e-ae0c-8d77e5d7ab72/500x500.jpg",
    "productInformation": "",
    "countryText": "",
    "companyText": "Fontana",
    "ingrediensText": "INGREDIENSER: Pastöriserad ko-, får- och getMJÖLK, salt, mikrobiellt ystenzym, mynta.",
    "storage": "",
    "allergens": "",
    "usage": "",
    "nutrition": [
      {
        "Näringsvärde": "Energi (kcal)",
        "100 Gram": "307 kcal"
      },
      {
        "Näringsvärde": "Energi (kJ)",
        "100 Gram": "1284 kJ"
      },
      {
        "Näringsvärde": "Fett",
        "100 Gram": "24.5 g"
      },
      {
        "Näringsvärde": "Varav mättat fett",
        "100 Gram": "16 g"
      },
      {
        "Näringsvärde": "Kolhydrat",
        "100 Gram": "3.1 g"
      },
      {
        "Näringsvärde": "Varav sockerarter",
        "100 Gram": "2.6 g"
      },
      {
        "Näringsvärde": "Protein",
        "100 Gram": "18.5 g"
      },
      {
        "Näringsvärde": "Salt",
        "100 Gram": "2.5 g"
      }
    ],
    "nutritionUnitText": "Näringsvärde per 100 gram",
    "categories": {
      "mainCategory": "Mejeri & Ost",
      "subCategories": [
        {
          "name": "Ost",
          "subSubCategories": [
            "Matlagningsost",
            "Halloumi & Grillost"
          ]
        }
      ]
    }
  },
  {
    "name": "Matlagningsgrädde 13% 2,5dl ICA",
    "weightText": "0.25 l",
    "caPart": "",
    "weightValue": 0.25,
    "weightUnit": "l",
    "comparePrice": "59,80 kr/l",
    "currentPrice": 14.95,
    "attributes": [
      "Ursprungsland Sverige",
      "Mjölk från Sverige"
    ],
    "imgUrl": "https://handlaprivatkund.ica.se/images-v3/bf7a00ca-390e-4769-865f-dc369586872e/18a5a355-20ab-468f-88c4-30f3393220c5/500x500.jpg",
    "productInformation": "ICA Matlagningsgrädde har lite lägre fetthalt än vanlig grädde, vilket gör att den passar perfekt till såser och annat som inte behöver tjockna. Om du vill ha en grädde som går att vispa får du dock välja mellangrädde eller vispgrädde istället. Vår matlagningsgrädde är gjord på svensk mjölk från svenska gårdar.",
    "countryText": "Sverige",
    "companyText": "ICA",
    "ingrediensText": "Högpastöriserad GRÄDDE*. *Ursprung Sverige.",
    "storage": "Kylvara. Förvaras vid högst +8℃.",
    "allergens": "Innehåller Mjölk",
    "usage": "",
    "nutrition": [
      {
        "Näringsvärde": "Energi (kcal)",
        "100 Gram": "146 kcal"
      },
      {
        "Näringsvärde": "Energi (kJ)",
        "100 Gram": "603 kJ"
      },
      {
        "Näringsvärde": "Fett",
        "100 Gram": "13 g"
      },
      {
        "Näringsvärde": "Varav mättat fett",
        "100 Gram": "8.3 g"
      },
      {
        "Näringsvärde": "Kolhydrat",
        "100 Gram": "4.1 g"
      },
      {
        "Näringsvärde": "Varav sockerarter",
        "100 Gram": "4.1 g"
      },
      {
        "Näringsvärde": "Protein",
        "100 Gram": "3.1 g"
      },
      {
        "Näringsvärde": "Salt",
        "100 Gram": "0.08 g"
      }
    ],
    "nutritionUnitText": "Näringsvärde per 100 gram",
    "categories": {
      "mainCategory": "Mejeri & Ost",
      "subCategories": [
        {
          "name": "Grädde",
          "subSubCategories": [
            "Matlagningsgrädde"
          ]
        }
      ]
    }
  },
  {
    "name": "Hushållsost mild 26% ca 1,1kg Arla",
    "weightText": "Ca 1.1 kg",
    "caPart": "Ca",
    "weightValue": 1.1,
    "weightUnit": "kg",
    "comparePrice": "136,00 kr/kg",
    "currentPrice": 149.6,
    "attributes": [],
    "imgUrl": "https://handlaprivatkund.ica.se/images-v3/bf7a00ca-390e-4769-865f-dc369586872e/f885005b-764c-452d-a0c2-2760034c7138/500x500.jpg",
    "productInformation": "Arla® Hushållsost är Sveriges mest populära hårdost! Osten uppskattas för sin milda, gräddiga och lätt syrliga smak och den härliga, runda formen gör den perfekt att ställa fram och dela. Hushållsost äts främst som pålägg men är passar perfekt i matlagning och som tilltugg. Vår Hushållsost är tillverkad i Vium, Danmark, på mjölk från danska Arlagårdar.",
    "countryText": "",
    "companyText": "Arla",
    "ingrediensText": "Pastöriserad MJÖLK, salt, syrningskultur, ystenzym.",
    "storage": "Lägsta förvaringstemperatur 2°C Högsta förvaringstemperatur 8°C",
    "allergens": "",
    "usage": "",
    "nutrition": [
      {
        "Näringsvärde": "Energi (kcal)",
        "100 Gram": "337 kcal"
      },
      {
        "Näringsvärde": "Energi (kJ)",
        "100 Gram": "1399 kJ"
      },
      {
        "Näringsvärde": "Fett",
        "100 Gram": "26 g"
      },
      {
        "Näringsvärde": "Varav mättat fett",
        "100 Gram": "17 g"
      },
      {
        "Näringsvärde": "Kolhydrat",
        "100 Gram": "0 g"
      },
      {
        "Näringsvärde": "Varav sockerarter",
        "100 Gram": "0 g"
      },
      {
        "Näringsvärde": "Protein",
        "100 Gram": "25 g"
      },
      {
        "Näringsvärde": "Salt",
        "100 Gram": "1.6 g"
      },
      {
        "Näringsvärde": "Vitamin B12",
        "100 Gram": "1.4 µg",
        "% av DRI(*)": "56"
      },
      {
        "Näringsvärde": "Kalcium",
        "100 Gram": "725 mg",
        "% av DRI(*)": "91"
      }
    ],
    "nutritionUnitText": "Näringsvärde per 100 gram",
    "categories": {
      "mainCategory": "Mejeri & Ost",
      "subCategories": [
        {
          "name": "Ost",
          "subSubCategories": [
            "Påläggsost",
            "Hushåll"
          ]
        }
      ]
    }
  },
  {
    "name": "Färsk mellanmjölk 1,5% Ekologisk 1l Arla Ko®",
    "weightText": "1 l",
    "caPart": "",
    "weightValue": 1,
    "weightUnit": "l",
    "comparePrice": "16,50 kr/l",
    "currentPrice": 16.5,
    "attributes": [
      "EU Ekologiskt",
      "Ursprungsland Sverige",
      "Ekologiskt",
      "KRAV"
    ],
    "imgUrl": "https://handlaprivatkund.ica.se/images-v3/bf7a00ca-390e-4769-865f-dc369586872e/2d956900-fc04-4c61-b3ee-41601e0eebe9/500x500.jpg",
    "productInformation": "Ekologisk mellanmjölk från Arla, gjord på svensk mjölk från Arlagårdar, har en härligt fyllig smak och är ett populärt val till frukostflingorna, gröten eller som dryck till måltiden. Arla Ko® ekologisk färsk mellanmjölk är en naturlig källa till bland annat protein, kalcium och vitamin B12. Protein bidrar till muskeluppbyggnad och kalcium behövs för att bibehålla en normal benstomme. Varumärket Arla Ko® garanterar att produkten är gjord på 100 procent svensk mjölk.",
    "countryText": "Sverige",
    "companyText": "Arla Ko",
    "ingrediensText": "MJÖLK*, vitamin D. Lågpastöriserad. *KRAV- ekologisk ingrediens.",
    "storage": "Lägsta förvaringstemperatur 2°C Högsta förvaringstemperatur 8°C",
    "allergens": "Innehåller Mjölk",
    "usage": "",
    "nutrition": [
      {
        "Näringsvärde": "Energi (kcal)",
        "100 Gram": "47 kcal"
      },
      {
        "Näringsvärde": "Energi (kJ)",
        "100 Gram": "195 kJ"
      },
      {
        "Näringsvärde": "Fett",
        "100 Gram": "1.5 g"
      },
      {
        "Näringsvärde": "Varav mättat fett",
        "100 Gram": "1 g"
      },
      {
        "Näringsvärde": "Kolhydrat",
        "100 Gram": "4.7 g"
      },
      {
        "Näringsvärde": "Varav sockerarter",
        "100 Gram": "4.7 g"
      },
      {
        "Näringsvärde": "Protein",
        "100 Gram": "3.5 g"
      },
      {
        "Näringsvärde": "Salt",
        "100 Gram": "0.09 g"
      },
      {
        "Näringsvärde": "Vitamin B12",
        "100 Gram": "0.4 µg",
        "% av DRI(*)": "16"
      },
      {
        "Näringsvärde": "Vitamin D",
        "100 Gram": "1 µg",
        "% av DRI(*)": "20"
      },
      {
        "Näringsvärde": "Riboflavin",
        "100 Gram": "0.14 mg",
        "% av DRI(*)": "10"
      },
      {
        "Näringsvärde": "Pantotensyra",
        "100 Gram": "0.5 mg",
        "% av DRI(*)": "8"
      },
      {
        "Näringsvärde": "Kalium",
        "100 Gram": "160 mg",
        "% av DRI(*)": "8"
      },
      {
        "Näringsvärde": "Klorid",
        "100 Gram": "92 mg",
        "% av DRI(*)": "12"
      },
      {
        "Näringsvärde": "Kalcium",
        "100 Gram": "124 mg",
        "% av DRI(*)": "16"
      },
      {
        "Näringsvärde": "Fosfor",
        "100 Gram": "139 mg",
        "% av DRI(*)": "20"
      },
      {
        "Näringsvärde": "Molybden",
        "100 Gram": "3.8 µg",
        "% av DRI(*)": "8"
      }
    ],
    "nutritionUnitText": "Näringsvärde per 100 gram",
    "categories": {
      "mainCategory": "Mejeri & Ost",
      "subCategories": [
        {
          "name": "Mjölk",
          "subSubCategories": [
            "Mellanmjölk",
            "Mellanmjölk, laktos"
          ]
        }
      ]
    }
  },
  {
    "name": "Färsk vispgrädde 40% 5dl Arla Ko®",
    "weightText": "0.5 l",
    "caPart": "",
    "weightValue": 0.5,
    "weightUnit": "l",
    "comparePrice": "79,90 kr/l",
    "currentPrice": 39.95,
    "attributes": [
      "Ursprungsland Sverige"
    ],
    "imgUrl": "https://handlaprivatkund.ica.se/images-v3/bf7a00ca-390e-4769-865f-dc369586872e/7f8f3db6-4f0a-426e-ad5a-ab8dea9ba6f5/500x500.jpg",
    "productInformation": "Färsk vispgrädde gjord på svensk mjölk från Arlagårdar. Den har en tydlig, genuin gräddsmak och mjuk fyllig konsistens. Grädde förstärker och samtidigt rundar av smaken vilket förhöjer matupplevelsen. Även en liten mängd grädde gör skillnad! Vispgrädde smakar också ljuvligt till allt från tårtor, desserter och färska jordgubbar till bakverk som exempelvis nygräddad kladdkaka. Vispa grädden när den är kylskåpskall för att få den perfekt fluffig. Varumärket Arla Ko garanterar att produkten är gjord på 100 procent svensk mjölk.",
    "countryText": "Sverige",
    "companyText": "Arla Ko",
    "ingrediensText": "Pastöriserad GRÄDDE.",
    "storage": "Lägsta förvaringstemperatur 2°C Högsta förvaringstemperatur 8°C",
    "allergens": "Innehåller Mjölk",
    "usage": "",
    "nutrition": [
      {
        "Näringsvärde": "Energi (kcal)",
        "100 Gram": "375 kcal"
      },
      {
        "Näringsvärde": "Energi (kJ)",
        "100 Gram": "1565 kJ"
      },
      {
        "Näringsvärde": "Fett",
        "100 Gram": "40 g"
      },
      {
        "Näringsvärde": "Varav mättat fett",
        "100 Gram": "26 g"
      },
      {
        "Näringsvärde": "Kolhydrat",
        "100 Gram": "2.9 g"
      },
      {
        "Näringsvärde": "Varav sockerarter",
        "100 Gram": "2.9 g"
      },
      {
        "Näringsvärde": "Protein",
        "100 Gram": "2.2 g"
      },
      {
        "Näringsvärde": "Salt",
        "100 Gram": "0.05 g"
      },
      {
        "Näringsvärde": "Vitamin A",
        "100 Gram": "344 µg",
        "% av DRI(*)": "43"
      },
      {
        "Näringsvärde": "Vitamin K",
        "100 Gram": "13 µg",
        "% av DRI(*)": "17"
      }
    ],
    "nutritionUnitText": "Näringsvärde per 100 gram",
    "categories": {
      "mainCategory": "Mejeri & Ost",
      "subCategories": [
        {
          "name": "Grädde",
          "subSubCategories": [
            "Vispgrädde"
          ]
        }
      ]
    }
  },
  {
    "name": "Herrgård® ost mild 28% ca 730g Arla Ko®",
    "weightText": "Ca 0.73 kg",
    "caPart": "Ca",
    "weightValue": 0.73,
    "weightUnit": "kg",
    "comparePrice": "136,00 kr/kg",
    "currentPrice": 99.28,
    "attributes": [
      "Ursprungsland Sverige",
      "Mjölk från Sverige"
    ],
    "imgUrl": "https://handlaprivatkund.ica.se/images-v3/bf7a00ca-390e-4769-865f-dc369586872e/8d58f27e-17dc-47d3-a9ce-c04d00c1367e/500x500.jpg",
    "productInformation": "Vår goda Arla Ko® Herrgård® är mild och gräddig med karakteristiskt inslag av sötma och hasselnöt. Herrgård® passar perfekt som pålägg och i matlagning. Herrgård® började tillverkas på 1800-talet och är än idag en av de mest omtyckta ostarna i Sverige. Vår Arla Ko® Herrgård® görs på Kalmar mejeri på färsk mjölk från Öland och Småland. Varumärket Arla Ko® garanterar att osten är gjord på 100 procent svensk mjölk.",
    "countryText": "Sverige",
    "companyText": "Arla Ko",
    "ingrediensText": "Pastöriserad MJÖLK, salt, syrningskultur, ystenzym, kalciumklorid, konserveringsmedel E202.",
    "storage": "Lägsta förvaringstemperatur 2°C Högsta förvaringstemperatur 10°C",
    "allergens": "",
    "usage": "",
    "nutrition": [
      {
        "Näringsvärde": "Energi (kcal)",
        "100 Gram": "360 kcal"
      },
      {
        "Näringsvärde": "Energi (kJ)",
        "100 Gram": "1493 kJ"
      },
      {
        "Näringsvärde": "Fett",
        "100 Gram": "28 g"
      },
      {
        "Näringsvärde": "Varav mättat fett",
        "100 Gram": "18 g"
      },
      {
        "Näringsvärde": "Kolhydrat",
        "100 Gram": "0 g"
      },
      {
        "Näringsvärde": "Varav sockerarter",
        "100 Gram": "0 g"
      },
      {
        "Näringsvärde": "Protein",
        "100 Gram": "26 g"
      },
      {
        "Näringsvärde": "Salt",
        "100 Gram": "1.2 g"
      },
      {
        "Näringsvärde": "Vitamin B12",
        "100 Gram": "1.5 µg",
        "% av DRI(*)": "60"
      },
      {
        "Näringsvärde": "Kalcium",
        "100 Gram": "774 mg",
        "% av DRI(*)": "97"
      }
    ],
    "nutritionUnitText": "Näringsvärde per 100 gram",
    "categories": {
      "mainCategory": "Mejeri & Ost",
      "subCategories": [
        {
          "name": "Ost",
          "subSubCategories": [
            "Påläggsost",
            "Herrgård"
          ]
        }
      ]
    }
  },
  {
    "name": "Crème fraiche 32% 2dl Arla Köket®",
    "weightText": "0.2 l",
    "caPart": "",
    "weightValue": 0.2,
    "weightUnit": "l",
    "comparePrice": "74,75 kr/l",
    "currentPrice": 14.95,
    "attributes": [
      "Ursprungsland Sverige"
    ],
    "imgUrl": "https://handlaprivatkund.ica.se/images-v3/bf7a00ca-390e-4769-865f-dc369586872e/add7e8ae-a3ed-44ff-8de1-3fd15f3b3205/500x500.jpg",
    "productInformation": "Arla Köket® Crème fraiche 32% är en syrad grädde med en tydlig karaktär. Gräddig med mild syrlig smak och tjock krämig konsistens. Crème fraiche tillverkas genom syrning av grädde från svenska Arlagårdar. Crème fraiche är mycket användbar i både kall och varm mat. Använd den med fördel i grytor, soppor och såser men även i kalla såser och röror eller som ett krämigt tillbehör. Kan vispas upp till fast konsistens. Symbolen med den blågula gräddkannan garanterar 100 procent svensk grädde. Med pappersförpackningen är klimatpåverkan halverad jämfört med den tidigare plastförpackningen.",
    "countryText": "Sverige",
    "companyText": "Arla Köket",
    "ingrediensText": "Pastöriserad GRÄDDE, syrningskultur.",
    "storage": "",
    "allergens": "Innehåller Mjölk",
    "usage": "",
    "nutrition": [
      {
        "Näringsvärde": "Energi (kcal)",
        "100 Gram": "310 kcal"
      },
      {
        "Näringsvärde": "Energi (kJ)",
        "100 Gram": "1300 kJ"
      },
      {
        "Näringsvärde": "Fett",
        "100 Gram": "32 g"
      },
      {
        "Näringsvärde": "Varav mättat fett",
        "100 Gram": "20 g"
      },
      {
        "Näringsvärde": "Kolhydrat",
        "100 Gram": "2.4 g"
      },
      {
        "Näringsvärde": "Varav sockerarter",
        "100 Gram": "2.4 g"
      },
      {
        "Näringsvärde": "Protein",
        "100 Gram": "2.4 g"
      },
      {
        "Näringsvärde": "Salt",
        "100 Gram": "0.1 g"
      },
      {
        "Näringsvärde": "Vitamin A",
        "100 Gram": "300 µg",
        "% av DRI(*)": "38"
      }
    ],
    "nutritionUnitText": "Näringsvärde per 100 gram",
    "categories": {
      "mainCategory": "Mejeri & Ost",
      "subCategories": [
        {
          "name": "Crème fraiche",
          "subSubCategories": [
            "Crème fraiche naturell"
          ]
        }
      ]
    }
  },
  {
    "name": "Filmjölk 3% 1500g Arla Ko®",
    "weightText": "1.5 l",
    "caPart": "",
    "weightValue": 1.5,
    "weightUnit": "l",
    "comparePrice": "15,00 kr/l",
    "currentPrice": 22.5,
    "attributes": [
      "Ursprungsland Sverige"
    ],
    "imgUrl": "https://handlaprivatkund.ica.se/images-v3/bf7a00ca-390e-4769-865f-dc369586872e/fbe39313-aeeb-49e1-b361-053768a7203d/500x500.jpg",
    "productInformation": "Filmjölk gjord på svensk mjölk från Arlagårdar. Klassikern Arla Ko® Filmjölk 3% har svagt syrlig smak med karakteristisk filarom. Produkten har en lite tjockare konsistens och är god naturell men även tillsammans med müsli, flingor, frukt eller bär. Filmjölk har en lång historia i Sverige, redan på vikingatiden åt man mjölkprodukter som liknar dagens Arla filmjölk. Alla produkter från Arla Ko görs på 100 procent svensk mjölk.",
    "countryText": "Sverige",
    "companyText": "Arla Ko",
    "ingrediensText": "Högpastöriserad MJÖLK, filkultur och vitamin D.",
    "storage": "Lägsta förvaringstemperatur 2°C Högsta förvaringstemperatur 8°C",
    "allergens": "Innehåller Mjölk",
    "usage": "",
    "nutrition": [
      {
        "Näringsvärde": "Energi (kcal)",
        "100 Gram": "58 kcal"
      },
      {
        "Näringsvärde": "Energi (kJ)",
        "100 Gram": "245 kJ"
      },
      {
        "Näringsvärde": "Fett",
        "100 Gram": "3 g"
      },
      {
        "Näringsvärde": "Varav mättat fett",
        "100 Gram": "1.9 g"
      },
      {
        "Näringsvärde": "Kolhydrat",
        "100 Gram": "3.7 g"
      },
      {
        "Näringsvärde": "Varav sockerarter",
        "100 Gram": "3.7 g"
      },
      {
        "Näringsvärde": "Protein",
        "100 Gram": "3.5 g"
      },
      {
        "Näringsvärde": "Salt",
        "100 Gram": "0.09 g"
      },
      {
        "Näringsvärde": "Vitamin D",
        "100 Gram": "1 µg",
        "% av DRI(*)": "20"
      },
      {
        "Näringsvärde": "Kalcium",
        "100 Gram": "122 mg",
        "% av DRI(*)": "15"
      }
    ],
    "nutritionUnitText": "Näringsvärde per 100 gram",
    "categories": {
      "mainCategory": "Mejeri & Ost",
      "subCategories": [
        {
          "name": "Filmjölk",
          "subSubCategories": [
            "Filmjölk naturell"
          ]
        }
      ]
    }
  },
  {
    "name": "Salladsost 200g ICA Basic",
    "weightText": "0.2 kg",
    "caPart": "",
    "weightValue": 0.2,
    "weightUnit": "kg",
    "comparePrice": "99,75 kr/kg",
    "currentPrice": 19.95,
    "attributes": [],
    "imgUrl": "https://handlaprivatkund.ica.se/images-v3/bf7a00ca-390e-4769-865f-dc369586872e/8ffe92c2-8500-40db-8ea3-93990e2d3415/500x500.jpg",
    "productInformation": "Salladsosten passar i pastaknyten, färsbiffar och i sallad. Blanda med tomat, gurka, lök och svarta oliver. Stänk över lite olivolja och vinäger.",
    "countryText": "",
    "companyText": "ICA Basic",
    "ingrediensText": "Ingredienser: Pastöriserad KOMJÖLK*, salt, mjölkkoagulerande enzym (mikrobiellt), syrningskultur. *Ursprung: Danmark.",
    "storage": "",
    "allergens": "",
    "usage": "",
    "nutrition": [
      {
        "Näringsvärde": "Energi (kcal)",
        "100 Gram": "206 kcal"
      },
      {
        "Näringsvärde": "Energi (kJ)",
        "100 Gram": "854 kJ"
      },
      {
        "Näringsvärde": "Fett",
        "100 Gram": "16 g"
      },
      {
        "Näringsvärde": "Varav mättat fett",
        "100 Gram": "10 g"
      },
      {
        "Näringsvärde": "Kolhydrat",
        "100 Gram": "1.4 g"
      },
      {
        "Näringsvärde": "Varav sockerarter",
        "100 Gram": "1.4 g"
      },
      {
        "Näringsvärde": "Protein",
        "100 Gram": "14 g"
      },
      {
        "Näringsvärde": "Salt",
        "100 Gram": "3.5 g"
      }
    ],
    "nutritionUnitText": "Näringsvärde per 100 gram",
    "categories": {
      "mainCategory": "Mejeri & Ost",
      "subCategories": [
        {
          "name": "Ost",
          "subSubCategories": [
            "Matlagningsost",
            "Fetaost"
          ]
        }
      ]
    }
  },
  {
    "name": "Smör Normalsaltat 80% 500g Valio",
    "weightText": "0.5 kg",
    "caPart": "",
    "weightValue": 0.5,
    "weightUnit": "kg",
    "comparePrice": "137,90 kr/kg",
    "currentPrice": 68.95,
    "attributes": [],
    "imgUrl": "https://handlaprivatkund.ica.se/images-v3/bf7a00ca-390e-4769-865f-dc369586872e/89730db4-59bc-42ef-8fbb-2f4ef9a0c236/500x500.jpg",
    "productInformation": "Valios normalsaltade smör kärnar vi på traditionellt vis med enbart färsk grädde och en nypa salt - för den goda smakens skull.",
    "countryText": "",
    "companyText": "Valio",
    "ingrediensText": "Pastöriserad GRÄDDE och salt.",
    "storage": "Förvaras vid högst +8°C. Lägsta förvaringstemperatur 4°C Högsta förvaringstemperatur 8°C",
    "allergens": "",
    "usage": "",
    "nutrition": [
      {
        "Näringsvärde": "Energi (kcal)",
        "100 Gram": "713 kcal"
      },
      {
        "Näringsvärde": "Energi (kJ)",
        "100 Gram": "2984 kJ"
      },
      {
        "Näringsvärde": "Fett",
        "100 Gram": "80 g"
      },
      {
        "Näringsvärde": "Varav mättat fett",
        "100 Gram": "47 g"
      },
      {
        "Näringsvärde": "Kolhydrat",
        "100 Gram": "0.8 g"
      },
      {
        "Näringsvärde": "Varav sockerarter",
        "100 Gram": "0.8 g"
      },
      {
        "Näringsvärde": "Protein",
        "100 Gram": "0.6 g"
      },
      {
        "Näringsvärde": "Salt",
        "100 Gram": "1.4 g"
      },
      {
        "Näringsvärde": "Vitamin A",
        "100 Gram": "600 µg",
        "% av DRI(*)": "75"
      }
    ],
    "nutritionUnitText": "Näringsvärde per 100 gram",
    "categories": {
      "mainCategory": "Mejeri & Ost",
      "subCategories": [
        {
          "name": "Smör & Margarin",
          "subSubCategories": [
            "Matfett smör"
          ]
        }
      ]
    }
  },
  {
    "name": "Proteinmilkshake ProPud Chocolate Laktosfri 330ml NJIE",
    "weightText": "0.33 l",
    "caPart": "",
    "weightValue": 0.33,
    "weightUnit": "l",
    "comparePrice": "65,15 kr/l",
    "currentPrice": 21.5,
    "attributes": [
      "Laktosfritt"
    ],
    "imgUrl": "https://handlaprivatkund.ica.se/images-v3/bf7a00ca-390e-4769-865f-dc369586872e/5899ebde-9f03-4ace-8e1a-a53ca028c6fe/500x500.jpg",
    "productInformation": "NJIE ProPud Protein Milkshake Chocolate - en krämig och len milkshake med chokladsmak. Utan tillsatt socker, laktosfri och med 20 g protein per flaska.",
    "countryText": "",
    "companyText": "ProPud",
    "ingrediensText": "MJÖLK/MELK/MÆLK, MJÖLKPROTEIN/MELKEPROTEIN/MÆLKEPROTEIN, fettreducerat kakaopulver (0,6%), stabiliseringsmedel/stabilisator (gellangummi/gellan, cellulosagummi, karragenan), naturliga aromer, sötningsmedel/søtstoffer (steviolglykosider från stevia, acesulfam K), laktasenzym. UHT-behandlad. Innehåller naturligt förekommande socker/Med et naturlig innhold av sukker.",
    "storage": "Oöppnad förpackning kan förvaras i rumstemperatur. Öppnad förpackning förvaras i kyl och bör konsumeras inom 24 timmar.",
    "allergens": "Innehåller Mjölk",
    "usage": "Omskakas före användning. Serveras kyld.",
    "nutrition": [
      {
        "Näringsvärde": "Energi (kcal)",
        "100 Milliliter": "58 kcal"
      },
      {
        "Näringsvärde": "Energi (kJ)",
        "100 Milliliter": "243 kJ"
      },
      {
        "Näringsvärde": "Fett",
        "100 Milliliter": "1.5 g"
      },
      {
        "Näringsvärde": "Varav mättat fett",
        "100 Milliliter": "0.9 g"
      },
      {
        "Näringsvärde": "Kolhydrat",
        "100 Milliliter": "4.9 g"
      },
      {
        "Näringsvärde": "Varav sockerarter",
        "100 Milliliter": "4.9 g"
      },
      {
        "Näringsvärde": "Protein",
        "100 Milliliter": "6.1 g"
      },
      {
        "Näringsvärde": "Salt",
        "100 Milliliter": "0.1 g"
      }
    ],
    "nutritionUnitText": "Näringsvärde per 100 milliliter",
    "categories": {
      "mainCategory": "Mejeri & Ost",
      "subCategories": [
        {
          "name": "Kylda mellanmål & desserter",
          "subSubCategories": [
            "Proteinmål",
            "Proteinmål, laktosfri"
          ]
        }
      ]
    }
  },
  {
    "name": "Crème fraiche Laktosfri 32% 5dl ICA",
    "weightText": "0.5 l",
    "caPart": "",
    "weightValue": 0.5,
    "weightUnit": "l",
    "comparePrice": "75,00 kr/l",
    "currentPrice": 37.5,
    "attributes": [
      "Från Sverige",
      "Ursprungsland Sverige",
      "Laktosfritt"
    ],
    "imgUrl": "https://handlaprivatkund.ica.se/images-v3/bf7a00ca-390e-4769-865f-dc369586872e/191f5a5e-c28a-4a0c-b63c-6055df08afac/500x500.jpg",
    "productInformation": "ICA Crème fraîche Laktosfri 32% är gjord på mjölk från svenska gårdar och passar både till varma och kalla rätter. Den går utmärkt att koka och ger en krämig konsistens och rund smak.",
    "countryText": "Sverige",
    "companyText": "ICA",
    "ingrediensText": "Högpastöriserad GRÄDDE, mjölksyrakultur, laktasenzym.",
    "storage": "Lägsta förvaringstemperatur 2°C Högsta förvaringstemperatur 8°C",
    "allergens": "",
    "usage": "",
    "nutrition": [
      {
        "Näringsvärde": "Energi (kcal)",
        "100 Gram": "120 kcal"
      },
      {
        "Näringsvärde": "Energi (kJ)",
        "100 Gram": "1300 kJ"
      },
      {
        "Näringsvärde": "Fett",
        "100 Gram": "32 g"
      },
      {
        "Näringsvärde": "Varav mättat fett",
        "100 Gram": "20 g"
      },
      {
        "Näringsvärde": "Kolhydrat",
        "100 Gram": "2.4 g"
      },
      {
        "Näringsvärde": "Varav sockerarter",
        "100 Gram": "2.4 g"
      },
      {
        "Näringsvärde": "Protein",
        "100 Gram": "2.4 g"
      },
      {
        "Näringsvärde": "Salt",
        "100 Gram": "0.1 g"
      },
      {
        "Näringsvärde": "Vitamin A",
        "100 Gram": "300 µg",
        "% av DRI(*)": "38"
      }
    ],
    "nutritionUnitText": "Näringsvärde per 100 gram",
    "categories": {
      "mainCategory": "Mejeri & Ost",
      "subCategories": [
        {
          "name": "Crème fraiche",
          "subSubCategories": [
            "Laktosfri crème fraiche"
          ]
        }
      ]
    }
  },
  {
    "name": "Gräddfil 12% 5dl ICA",
    "weightText": "0.5 l",
    "caPart": "",
    "weightValue": 0.5,
    "weightUnit": "l",
    "comparePrice": "43,00 kr/l",
    "currentPrice": 21.5,
    "attributes": [
      "Ursprungsland Sverige"
    ],
    "imgUrl": "https://handlaprivatkund.ica.se/images-v3/bf7a00ca-390e-4769-865f-dc369586872e/034d9a44-c48e-4578-8793-4c9b69823f64/500x500.jpg",
    "productInformation": "ICA Gräddfil är gjord på mjölk från svenska gårdar och passar bra att göra kalla såser och röror på. Du som inte hoppar jämfota när någon stoppar i chili i middagen kan ta en klick vid sidan för att mildra heta smaker. Och ska det ätas sill är det nästan ett måste att ha gräddfil och lite gräslök till. Men även om gräddfil passar till mycket så är den inte kokbar. Då är till exempel crème fraîche ett bättre val.",
    "countryText": "Sverige",
    "companyText": "ICA",
    "ingrediensText": "Högpastöriserad GRÄDDE*, syrningskultur. *Ursprung Sverige.",
    "storage": "",
    "allergens": "",
    "usage": "",
    "nutrition": [
      {
        "Näringsvärde": "Energi (kcal)",
        "100 Gram": "140 kcal"
      },
      {
        "Näringsvärde": "Energi (kJ)",
        "100 Gram": "550 kJ"
      },
      {
        "Näringsvärde": "Fett",
        "100 Gram": "12 g"
      },
      {
        "Näringsvärde": "Varav mättat fett",
        "100 Gram": "7.7 g"
      },
      {
        "Näringsvärde": "Kolhydrat",
        "100 Gram": "3.4 g"
      },
      {
        "Näringsvärde": "Varav sockerarter",
        "100 Gram": "3.4 g"
      },
      {
        "Näringsvärde": "Protein",
        "100 Gram": "3.1 g"
      },
      {
        "Näringsvärde": "Salt",
        "100 Gram": "0.1 g"
      }
    ],
    "nutritionUnitText": "Näringsvärde per 100 gram",
    "categories": {
      "mainCategory": "Mejeri & Ost",
      "subCategories": [
        {
          "name": "Gräddfil",
          "subSubCategories": [
            "Gräddfil"
          ]
        }
      ]
    }
  },
  {
    "name": "Juice Äpple 1l God Morgon®",
    "weightText": "1 l",
    "caPart": "",
    "weightValue": 1,
    "weightUnit": "l",
    "comparePrice": "25,95 kr/l",
    "currentPrice": 25.95,
    "attributes": [],
    "imgUrl": "https://handlaprivatkund.ica.se/images-v3/bf7a00ca-390e-4769-865f-dc369586872e/df2c4cab-f49d-4995-8484-f25e40dfac1f/500x500.jpg",
    "productInformation": "En ofiltrerad äppeljuice, vilket ger en fyllig, smakrik juice med äkta äppelsmak. Perfekt till frukost eller som en törstsläckare under dagen.",
    "countryText": "",
    "companyText": "God Morgon",
    "ingrediensText": "Ofiltrerad äppeljuice från koncentrat, äppelpuré från koncentrat och vitamin C. Pastöriserad.",
    "storage": "Lägsta förvaringstemperatur 2°C Högsta förvaringstemperatur 8°C",
    "allergens": "",
    "usage": "",
    "nutrition": [
      {
        "Näringsvärde": "Energi (kcal)",
        "100 Milliliter": "43 kcal"
      },
      {
        "Näringsvärde": "Energi (kJ)",
        "100 Milliliter": "183 kJ"
      },
      {
        "Näringsvärde": "Fett",
        "100 Milliliter": "0.5 g"
      },
      {
        "Näringsvärde": "Varav mättat fett",
        "100 Milliliter": "0 g"
      },
      {
        "Näringsvärde": "Kolhydrat",
        "100 Milliliter": "10 g"
      },
      {
        "Näringsvärde": "Varav sockerarter",
        "100 Milliliter": "9.7 g"
      },
      {
        "Näringsvärde": "Protein",
        "100 Milliliter": "0.5 g"
      },
      {
        "Näringsvärde": "Salt",
        "100 Milliliter": "0 g"
      },
      {
        "Näringsvärde": "Vitamin C",
        "100 Milliliter": "40 mg",
        "% av DRI(*)": "50"
      }
    ],
    "nutritionUnitText": "Näringsvärde per 100 milliliter",
    "categories": {
      "mainCategory": "Mejeri & Ost",
      "subCategories": [
        {
          "name": "Juice & Fruktdryck",
          "subSubCategories": [
            "Äppeljuice"
          ]
        }
      ]
    }
  },
  {
    "name": "Filmjölk 3% 1000g Arla Ko®",
    "weightText": "1 kg",
    "caPart": "",
    "weightValue": 1,
    "weightUnit": "kg",
    "comparePrice": "15,50 kr/kg",
    "currentPrice": 15.5,
    "attributes": [
      "Ursprungsland Sverige"
    ],
    "imgUrl": "https://handlaprivatkund.ica.se/images-v3/bf7a00ca-390e-4769-865f-dc369586872e/8ff63846-e8f1-4d20-873f-880d9d16f1b0/500x500.jpg",
    "productInformation": "Klassisk filmjölk, gjord på god svensk mjölk från Arlagårdar. Filen har en naturell, svagt syrlig smak med karakteristisk filarom.  Konsistensen är lite tjockare. Ät den naturella filen som den är eller lägg till en god müsli, flingor, frukt eller bär. Visste du att man redan på vikingatiden åt filmjölksliknande produkter? Varumärket Arla Ko visar att produkten görs på 100 procent svensk mjölk. 1000 g.",
    "countryText": "Sverige",
    "companyText": "Arla Ko",
    "ingrediensText": "Högpastöriserad MJÖLK, filkultur och vitamin D.",
    "storage": "Lägsta förvaringstemperatur 4°C Högsta förvaringstemperatur 8°C",
    "allergens": "Innehåller Mjölk",
    "usage": "",
    "nutrition": [
      {
        "Näringsvärde": "Energi (kcal)",
        "100 Gram": "58 kcal"
      },
      {
        "Näringsvärde": "Energi (kJ)",
        "100 Gram": "245 kJ"
      },
      {
        "Näringsvärde": "Fett",
        "100 Gram": "3 g"
      },
      {
        "Näringsvärde": "Varav mättat fett",
        "100 Gram": "1.9 g"
      },
      {
        "Näringsvärde": "Kolhydrat",
        "100 Gram": "3.7 g"
      },
      {
        "Näringsvärde": "Varav sockerarter",
        "100 Gram": "3.7 g"
      },
      {
        "Näringsvärde": "Protein",
        "100 Gram": "3.5 g"
      },
      {
        "Näringsvärde": "Salt",
        "100 Gram": "0.09 g"
      },
      {
        "Näringsvärde": "Vitamin D",
        "100 Gram": "1 µg",
        "% av DRI(*)": "20"
      },
      {
        "Näringsvärde": "Kalcium",
        "100 Gram": "122 mg",
        "% av DRI(*)": "15"
      }
    ],
    "nutritionUnitText": "Näringsvärde per 100 gram",
    "categories": {
      "mainCategory": "Mejeri & Ost",
      "subCategories": [
        {
          "name": "Filmjölk",
          "subSubCategories": [
            "Filmjölk naturell"
          ]
        }
      ]
    }
  },
  {
    "name": "Lätt Crème fraiche Laktosfri 13% 2dl ICA",
    "weightText": "0.2 l",
    "caPart": "",
    "weightValue": 0.2,
    "weightUnit": "l",
    "comparePrice": "87,50 kr/l",
    "currentPrice": 17.5,
    "attributes": [
      "Ursprungsland Sverige",
      "Laktosfritt"
    ],
    "imgUrl": "https://handlaprivatkund.ica.se/images-v3/bf7a00ca-390e-4769-865f-dc369586872e/3a42da92-570f-4694-aac8-076357311a5d/500x500.jpg",
    "productInformation": "ICA Crème fraîche Laktosfri Lätt är gjord på mjölk från svenska gårdar och passar för både varma och kalla rätter. Trots sin lite lägre fetthalt passar den utmärkt att låta koka.",
    "countryText": "Sverige",
    "companyText": "ICA",
    "ingrediensText": "Högpastöriserad grädde*, mjölkprotein, modifierad majsstärkelse, stabiliseringsmedel (E440, E410), syrningskultur, laktasenzym. *Ursprung Sverige.",
    "storage": "",
    "allergens": "",
    "usage": "",
    "nutrition": [
      {
        "Näringsvärde": "Energi (kcal)",
        "100 Gram": "150 kcal"
      },
      {
        "Näringsvärde": "Energi (kJ)",
        "100 Gram": "600 kJ"
      },
      {
        "Näringsvärde": "Fett",
        "100 Gram": "13 g"
      },
      {
        "Näringsvärde": "Varav fleromättat fett",
        "100 Gram": "0.3 g"
      },
      {
        "Näringsvärde": "Varav mättat fett",
        "100 Gram": "8.3 g"
      },
      {
        "Näringsvärde": "Varav enkelomättat fett",
        "100 Gram": "4 g"
      },
      {
        "Näringsvärde": "Kolhydrat",
        "100 Gram": "5.1 g"
      },
      {
        "Näringsvärde": "Varav sockerarter",
        "100 Gram": "3.2 g"
      },
      {
        "Näringsvärde": "Fiber",
        "100 Gram": "0 g"
      },
      {
        "Näringsvärde": "Protein",
        "100 Gram": "2.9 g"
      },
      {
        "Näringsvärde": "Salt",
        "100 Gram": "0.1 g"
      },
      {
        "Näringsvärde": "Vitamin A",
        "100 Gram": "140 µg",
        "% av DRI(*)": "18"
      },
      {
        "Näringsvärde": "Vitamin B12",
        "100 Gram": "0.5 µg",
        "% av DRI(*)": "20"
      }
    ],
    "nutritionUnitText": "Näringsvärde per 100 gram",
    "categories": {
      "mainCategory": "Mejeri & Ost",
      "subCategories": [
        {
          "name": "Crème fraiche",
          "subSubCategories": [
            "Laktosfri crème fraiche"
          ]
        }
      ]
    }
  },
  {
    "name": "Mellanmjölk Längre hållbarhet 1,5% 2l Arla Ko®",
    "weightText": "2 l",
    "caPart": "",
    "weightValue": 2,
    "weightUnit": "l",
    "comparePrice": "14,98 kr/l",
    "currentPrice": 29.95,
    "attributes": [
      "Ursprungsland Sverige"
    ],
    "imgUrl": "https://handlaprivatkund.ica.se/images-v3/bf7a00ca-390e-4769-865f-dc369586872e/5f2b061a-d7d9-426b-8eaf-383666b64d9b/500x500.jpg",
    "productInformation": "Mellanmjölk med lite längre hållbarhet, levererad av Arlabönder som är fast beslutna att göra det med mer omsorg om djuren och hänsyn till klimatet. Mellanmjölk har en fyllig mjölksmak och är populärt till frukostflingorna, gröten eller som måltidsdryck. Mjölk är en naturlig källa till protein, kalcium och vitamin B12. Protein bidrar till muskeluppbyggnad och kalcium behövs för att bibehålla en normal benstomme. Varumärket Arla Ko® garanterar 100% svensk mjölk. Läs mer på arla.se/klimatresa",
    "countryText": "Sverige",
    "companyText": "Arla Ko",
    "ingrediensText": "MJÖLK, vitamin D. Högpastöriserad",
    "storage": "Lägsta förvaringstemperatur 2°C Högsta förvaringstemperatur 8°C",
    "allergens": "Innehåller Mjölk",
    "usage": "",
    "nutrition": [
      {
        "Näringsvärde": "Energi (kcal)",
        "100 Gram": "47 kcal"
      },
      {
        "Näringsvärde": "Energi (kJ)",
        "100 Gram": "195 kJ"
      },
      {
        "Näringsvärde": "Fett",
        "100 Gram": "1.5 g"
      },
      {
        "Näringsvärde": "Varav mättat fett",
        "100 Gram": "1 g"
      },
      {
        "Näringsvärde": "Kolhydrat",
        "100 Gram": "4.7 g"
      },
      {
        "Näringsvärde": "Varav sockerarter",
        "100 Gram": "4.7 g"
      },
      {
        "Näringsvärde": "Protein",
        "100 Gram": "3.5 g"
      },
      {
        "Näringsvärde": "Salt",
        "100 Gram": "0.09 g"
      },
      {
        "Näringsvärde": "Vitamin B12",
        "100 Gram": "0.4 µg",
        "% av DRI(*)": "16"
      },
      {
        "Näringsvärde": "Vitamin D",
        "100 Gram": "1 µg",
        "% av DRI(*)": "20"
      },
      {
        "Näringsvärde": "Riboflavin",
        "100 Gram": "0.14 mg",
        "% av DRI(*)": "10"
      },
      {
        "Näringsvärde": "Pantotensyra",
        "100 Gram": "0.5 mg",
        "% av DRI(*)": "8"
      },
      {
        "Näringsvärde": "Kalium",
        "100 Gram": "160 mg",
        "% av DRI(*)": "8"
      },
      {
        "Näringsvärde": "Klorid",
        "100 Gram": "92 mg",
        "% av DRI(*)": "12"
      },
      {
        "Näringsvärde": "Kalcium",
        "100 Gram": "124 mg",
        "% av DRI(*)": "16"
      },
      {
        "Näringsvärde": "Fosfor",
        "100 Gram": "139 mg",
        "% av DRI(*)": "20"
      },
      {
        "Näringsvärde": "Molybden",
        "100 Gram": "3.8 µg",
        "% av DRI(*)": "8"
      }
    ],
    "nutritionUnitText": "Näringsvärde per 100 gram",
    "categories": {
      "mainCategory": "Mejeri & Ost",
      "subCategories": [
        {
          "name": "Mjölk",
          "subSubCategories": [
            "Mellanmjölk",
            "Mellanmjölk, laktos"
          ]
        }
      ]
    }
  },
  {
    "name": "Fetaost Original 150g Fontana",
    "weightText": "0.15 kg",
    "caPart": "",
    "weightValue": 0.15,
    "weightUnit": "kg",
    "comparePrice": "176,67 kr/kg",
    "currentPrice": 26.5,
    "attributes": [],
    "imgUrl": "https://handlaprivatkund.ica.se/images-v3/bf7a00ca-390e-4769-865f-dc369586872e/d9dbd587-4c62-45e6-976d-bb9436ea998a/500x500.jpg",
    "productInformation": "En traditionell fetaost gjord på den finaste mjölken från får och getter som får ströva fritt på Olympusbergets sluttningar i Norra Grekland. Smaken är lätt syrlig med väl avvägd sälta.",
    "countryText": "",
    "companyText": "Fontana",
    "ingrediensText": "INGREDIENSER: Pastöriserad fårMJÖLK (min 70%) och getMJÖLK (max 30%), havssalt, mikrobiellt ystenzym, mjölksyrakultur.",
    "storage": "Lägsta förvaringstemperatur 4°C Högsta förvaringstemperatur 8°C",
    "allergens": "",
    "usage": "",
    "nutrition": [
      {
        "Näringsvärde": "Energi (kcal)",
        "100 Gram": "276 kcal"
      },
      {
        "Näringsvärde": "Energi (kJ)",
        "100 Gram": "1143 kJ"
      },
      {
        "Näringsvärde": "Fett",
        "100 Gram": "23 g"
      },
      {
        "Näringsvärde": "Varav mättat fett",
        "100 Gram": "15 g"
      },
      {
        "Näringsvärde": "Kolhydrat",
        "100 Gram": "0.2 g"
      },
      {
        "Näringsvärde": "Varav sockerarter",
        "100 Gram": "0.2 g"
      },
      {
        "Näringsvärde": "Protein",
        "100 Gram": "17 g"
      },
      {
        "Näringsvärde": "Salt",
        "100 Gram": "2 g"
      }
    ],
    "nutritionUnitText": "Näringsvärde per 100 gram",
    "categories": {
      "mainCategory": "Mejeri & Ost",
      "subCategories": [
        {
          "name": "Ost",
          "subSubCategories": [
            "Matlagningsost",
            "Fetaost"
          ]
        }
      ]
    }
  },
  {
    "name": "Kvarg Vaniljsmak 0,2% 900g Lindahls",
    "weightText": "0.9 kg",
    "caPart": "",
    "weightValue": 0.9,
    "weightUnit": "kg",
    "comparePrice": "47,72 kr/kg",
    "currentPrice": 42.95,
    "attributes": [
      "Ursprungsland Sverige"
    ],
    "imgUrl": "https://handlaprivatkund.ica.se/images-v3/bf7a00ca-390e-4769-865f-dc369586872e/66438821-af48-427f-bda0-e04d551bf392/500x500.jpg",
    "productInformation": "Lindahls kvarg är en mild och krämig kvarg med ljuvlig smak av vanilj. Lindahls kvarg har ett högt proteininnehåll, låg fetthalt och innehåller inget tillsatt socker. Perfekt att njuta som den är eller toppa med nötter, frukt eller färska bär. Ät den efter träningen, som mellanmål eller bara när du vill ha något gott och nyttigt! Lindahls kvarg är tillverkad i Sverige med svensk mjölk.",
    "countryText": "Sverige",
    "companyText": "Lindahls",
    "ingrediensText": "Högpastöriserad MJÖLK, vassleprotein, modifierad majsstärkelse, naturlig arom, sötningsmedel (aspartam, acesulfam K), citronjuice, mald vaniljstång, mjölksyrakultur. Innehåller en källa av fenylalanin.",
    "storage": "",
    "allergens": "",
    "usage": "",
    "nutrition": [
      {
        "Näringsvärde": "Energi (kcal)",
        "100 Gram": "60 kcal"
      },
      {
        "Näringsvärde": "Energi (kJ)",
        "100 Gram": "240 kJ"
      },
      {
        "Näringsvärde": "Fett",
        "100 Gram": "0.2 g"
      },
      {
        "Näringsvärde": "Varav mättat fett",
        "100 Gram": "0 g"
      },
      {
        "Näringsvärde": "Kolhydrat",
        "100 Gram": "3.5 g"
      },
      {
        "Näringsvärde": "Varav sockerarter",
        "100 Gram": "3.2 g"
      },
      {
        "Näringsvärde": "Protein",
        "100 Gram": "10 g"
      },
      {
        "Näringsvärde": "Salt",
        "100 Gram": "0.1 g"
      }
    ],
    "nutritionUnitText": "Näringsvärde per 100 gram",
    "categories": {
      "mainCategory": "Mejeri & Ost",
      "subCategories": [
        {
          "name": "Kvarg",
          "subSubCategories": [
            "Kvarg smaksatt"
          ]
        }
      ]
    }
  },
  {
    "name": "Margarin Culinesse Flytande 66% 750ml Milda",
    "weightText": "0.75 l",
    "caPart": "",
    "weightValue": 0.75,
    "weightUnit": "l",
    "comparePrice": "39,33 kr/l",
    "currentPrice": 29.5,
    "attributes": [
      "Laktosfritt"
    ],
    "imgUrl": "https://handlaprivatkund.ica.se/images-v3/bf7a00ca-390e-4769-865f-dc369586872e/6ab964df-80b5-4715-872f-7b26aa0eebbe/500x500.jpg",
    "productInformation": "Milda Culinesse är ett 100% växtbaserat flytande margarin gjord med ingredienser från växtriket. Tack vare att den innehåller pressad olja från linfrö, solros och raps kan den hettas upp till en hög temperatur utan att bränna eller stänka. Den passar perfekt till all typ av stekning så som frasigt goda pannkakor och även till bakning av exempelvis bröd och luftiga mjuka kakor. Vegansk. Finns i 500ml och 750ml.",
    "countryText": "",
    "companyText": "Milda",
    "ingrediensText": "Ingredienser: rapsolja, vatten, vegetabiliskt fett (fullhärdad rapsolja), salt (1%), emulgator (solros- och SOJALECITIN), syra (citronsyra), naturlig arom, färgämne (naturlig karoten), vitamin A, vitamin D.",
    "storage": "Lägsta förvaringstemperatur 4°C Högsta förvaringstemperatur 8°C",
    "allergens": "",
    "usage": "",
    "nutrition": [
      {
        "Näringsvärde": "Energi (kcal)",
        "100 Milliliter": "621 kcal"
      },
      {
        "Näringsvärde": "Energi (kJ)",
        "100 Milliliter": "2555 kJ"
      },
      {
        "Näringsvärde": "Fett",
        "100 Milliliter": "69 g"
      },
      {
        "Näringsvärde": "Varav fleromättat fett",
        "100 Milliliter": "17 g"
      },
      {
        "Näringsvärde": "Varav mättat fett",
        "100 Milliliter": "6.4 g"
      },
      {
        "Näringsvärde": "Varav enkelomättat fett",
        "100 Milliliter": "45 g"
      },
      {
        "Näringsvärde": "Kolhydrat",
        "100 Milliliter": "0.5 g"
      },
      {
        "Näringsvärde": "Varav sockerarter",
        "100 Milliliter": "0.5 g"
      },
      {
        "Näringsvärde": "Protein",
        "100 Milliliter": "0.5 g"
      },
      {
        "Näringsvärde": "Salt",
        "100 Milliliter": "0.87 g"
      },
      {
        "Näringsvärde": "Vitamin A",
        "100 Milliliter": "725 µg",
        "% av DRI(*)": "91"
      },
      {
        "Näringsvärde": "Vitamin D",
        "100 Milliliter": "6.6 µg",
        "% av DRI(*)": "132"
      }
    ],
    "nutritionUnitText": "",
    "categories": {
      "mainCategory": "Mejeri & Ost",
      "subCategories": [
        {
          "name": "Smör & Margarin",
          "subSubCategories": [
            "Flytande smör & margarin"
          ]
        }
      ]
    }
  },
  {
    "name": "Riven ost Mager 12% 150g Arla Köket",
    "weightText": "0.15 kg",
    "caPart": "",
    "weightValue": 0.15,
    "weightUnit": "kg",
    "comparePrice": "199,67 kr/kg",
    "currentPrice": 29.95,
    "attributes": [
      "Nyckelhålet",
      "Ursprungsland Sverige"
    ],
    "imgUrl": "https://handlaprivatkund.ica.se/images-v3/bf7a00ca-390e-4769-865f-dc369586872e/9bad097d-e484-4427-bc8d-8558bf78c05b/500x500.jpg",
    "productInformation": "Arla Köket® riven ost Mager 12% är en blandning av de svenska ostarna Riddar® mager och Kadett® och är perfekt om du vill minska på fetthalten men ändå njuta av god och vällagad mat. Den färdigrivna osten är nyckelhålsmärkt och passar till allt – ett gott tips är att strö osten över grillad sparris och cocktailtomater tillsammans med olivolja och salt. Symbolen med den blågula mjölkkannan garanterar 100 procent svensk mjölk.",
    "countryText": "Sverige",
    "companyText": "Arla Köket",
    "ingrediensText": "Pastöriserad MJÖLK, klumpförebyggande medel (potatisstärkelse), salt, syrningskultur, ystenzym, kalciumklorid.",
    "storage": "",
    "allergens": "",
    "usage": "",
    "nutrition": [
      {
        "Näringsvärde": "Energi (kcal)",
        "100 Gram": "242 kcal"
      },
      {
        "Näringsvärde": "Energi (kJ)",
        "100 Gram": "1012 kJ"
      },
      {
        "Näringsvärde": "Fett",
        "100 Gram": "12 g"
      },
      {
        "Näringsvärde": "Varav mättat fett",
        "100 Gram": "7.8 g"
      },
      {
        "Näringsvärde": "Kolhydrat",
        "100 Gram": "1.4 g"
      },
      {
        "Näringsvärde": "Varav sockerarter",
        "100 Gram": "0 g"
      },
      {
        "Näringsvärde": "Protein",
        "100 Gram": "31 g"
      },
      {
        "Näringsvärde": "Salt",
        "100 Gram": "1.2 g"
      },
      {
        "Näringsvärde": "Kalcium",
        "100 Gram": "918 mg",
        "% av DRI(*)": "115"
      }
    ],
    "nutritionUnitText": "Näringsvärde per 100 gram",
    "categories": {
      "mainCategory": "Mejeri & Ost",
      "subCategories": [
        {
          "name": "Ost",
          "subSubCategories": [
            "Matlagningsost",
            "Riven ost"
          ]
        }
      ]
    }
  },
  {
    "name": "Mozzarella 125g ICA",
    "weightText": "0.125 kg",
    "caPart": "",
    "weightValue": 0.125,
    "weightUnit": "kg",
    "comparePrice": "135,60 kr/kg u. spad",
    "currentPrice": 16.95,
    "attributes": [],
    "imgUrl": "https://handlaprivatkund.ica.se/images-v3/bf7a00ca-390e-4769-865f-dc369586872e/7ad19f6d-66ae-4b37-b110-090f30eed9fd/500x500.jpg",
    "productInformation": "ICA Mozzarella är en mångsidig, mild och italiensk ost som passar perfekt både som smält, till exempel på pizza, eller precis som den är. Bara att skiva och servera med lite tomater, basilika och olivolja.",
    "countryText": "",
    "companyText": "ICA",
    "ingrediensText": "Pastöriserad MJÖLK*, salt, mjölkkoagulerande enzym (mikrobiellt), mjölksyrakultur. *Ursprung: Italien.",
    "storage": "",
    "allergens": "",
    "usage": "",
    "nutrition": [],
    "nutritionUnitText": "Näringsvärde per styck",
    "categories": {
      "mainCategory": "Mejeri & Ost",
      "subCategories": [
        {
          "name": "Ost",
          "subSubCategories": [
            "Matlagningsost",
            "Mozzarella"
          ]
        }
      ]
    }
  },
  {
    "name": "Riven ost 500g ICA Basic",
    "weightText": "0.5 kg",
    "caPart": "",
    "weightValue": 0.5,
    "weightUnit": "kg",
    "comparePrice": "97,00 kr/kg",
    "currentPrice": 48.5,
    "attributes": [],
    "imgUrl": "https://handlaprivatkund.ica.se/images-v3/bf7a00ca-390e-4769-865f-dc369586872e/a1a98efd-9db6-48b2-becc-2e59e9435673/500x500.jpg",
    "productInformation": "Riven ost passar i gratänger, pajer och pizza. Strö över nykokt pasta eller ta en nypa riven ost direkt i tomatsåsen för krämigare konsistens.",
    "countryText": "",
    "companyText": "ICA Basic",
    "ingrediensText": "Riven ost (pastöriserad KOMJÖLK*, majsstärkelse, salt, syrningskultur, mjölkkoagulerande enzym (mikrobiellt). *Ursprung EU.",
    "storage": "",
    "allergens": "",
    "usage": "",
    "nutrition": [
      {
        "Näringsvärde": "Energi (kcal)",
        "100 Gram": "350 kcal"
      },
      {
        "Näringsvärde": "Energi (kJ)",
        "100 Gram": "1450 kJ"
      },
      {
        "Näringsvärde": "Fett",
        "100 Gram": "28 g"
      },
      {
        "Näringsvärde": "Varav mättat fett",
        "100 Gram": "19 g"
      },
      {
        "Näringsvärde": "Kolhydrat",
        "100 Gram": "1.7 g"
      },
      {
        "Näringsvärde": "Varav sockerarter",
        "100 Gram": "0 g"
      },
      {
        "Näringsvärde": "Protein",
        "100 Gram": "23 g"
      },
      {
        "Näringsvärde": "Salt",
        "100 Gram": "1.9 g"
      }
    ],
    "nutritionUnitText": "Näringsvärde per 100 gram",
    "categories": {
      "mainCategory": "Mejeri & Ost",
      "subCategories": [
        {
          "name": "Ost",
          "subSubCategories": [
            "Matlagningsost",
            "Riven ost"
          ]
        }
      ]
    }
  },
  {
    "name": "Smör- & rapsolja flytande 80% 7,5dl Arla Köket®",
    "weightText": "0.75 l",
    "caPart": "",
    "weightValue": 0.75,
    "weightUnit": "l",
    "comparePrice": "55,33 kr/l",
    "currentPrice": 41.5,
    "attributes": [
      "Nyckelhålet",
      "Ursprungsland Sverige"
    ],
    "imgUrl": "https://handlaprivatkund.ica.se/images-v3/bf7a00ca-390e-4769-865f-dc369586872e/6e23043a-7da8-432f-96f0-15ef613d30ee/500x500.jpg",
    "productInformation": "Arla Köket® Smör- & rapsolja förhöjer smaken på allt du steker. Vår blandning av smörolja och rapsolja passar lika bra till pannkakor och köttbullar som till kött och fisk. Ska du smörja formar är Arla Smör- & rapsolja enkelt och bekvämt. Den är avsedd för stekning, men du kan även baka med flytande matfettsblaningen – framförallt matbröd, vetebröd och mjuka kakor. Till småkakor och pajdegar rekommenderas vanligt Svenskt Smör från Arla®. Arla Köket® Smör- & rapsolja har en tydlig smak av smör och är lätt att använda då den är flytande vid +8° C. Produkten är nyckelhålsmärkt.",
    "countryText": "Sverige",
    "companyText": "Arla Köket",
    "ingrediensText": "Rapsolja (67%), SKUMMJÖLK, SMÖROLJA (8%), sheaolja, kokosolja, mjölksyrakultur, salt, emulgeringsmedel (lecitin), vitamin A och D, naturlig arom.",
    "storage": "Lägsta förvaringstemperatur 2°C Högsta förvaringstemperatur 8°C",
    "allergens": "Innehåller Mjölk",
    "usage": "",
    "nutrition": [
      {
        "Näringsvärde": "Energi (kcal)",
        "100 Gram": "728 kcal"
      },
      {
        "Näringsvärde": "Energi (kJ)",
        "100 Gram": "2993 kJ"
      },
      {
        "Näringsvärde": "Fett",
        "100 Gram": "80 g"
      },
      {
        "Näringsvärde": "Varav fleromättat fett",
        "100 Gram": "20 g"
      },
      {
        "Näringsvärde": "Varav mättat fett",
        "100 Gram": "12 g"
      },
      {
        "Näringsvärde": "Varav enkelomättat fett",
        "100 Gram": "43 g"
      },
      {
        "Näringsvärde": "Kolhydrat",
        "100 Gram": "0.8 g"
      },
      {
        "Näringsvärde": "Varav sockerarter",
        "100 Gram": "0.8 g"
      },
      {
        "Näringsvärde": "Protein",
        "100 Gram": "0.5 g"
      },
      {
        "Näringsvärde": "Salt",
        "100 Gram": "0.9 g"
      },
      {
        "Näringsvärde": "Vitamin A",
        "100 Gram": "900 µg",
        "% av DRI(*)": "113"
      },
      {
        "Näringsvärde": "Vitamin D",
        "100 Gram": "20 µg",
        "% av DRI(*)": "400"
      }
    ],
    "nutritionUnitText": "Näringsvärde per 100 gram",
    "categories": {
      "mainCategory": "Mejeri & Ost",
      "subCategories": [
        {
          "name": "Smör & Margarin",
          "subSubCategories": [
            "Flytande smör & margarin"
          ]
        }
      ]
    }
  },
  {
    "name": "Riven Cheddar/Mozzarella 28% 150g ICA",
    "weightText": "0.15 kg",
    "caPart": "",
    "weightValue": 0.15,
    "weightUnit": "kg",
    "comparePrice": "163,33 kr/kg",
    "currentPrice": 24.5,
    "attributes": [],
    "imgUrl": "https://handlaprivatkund.ica.se/images-v3/bf7a00ca-390e-4769-865f-dc369586872e/d2af7cf0-31d1-42db-8904-99b810b29e3b/500x500.jpg",
    "productInformation": "Riven ost passar i gratänger, pajer och pizza. Strö över nykokt pasta eller ta en nypa riven ost direkt i tomatsåsen för krämigare konsistens.",
    "countryText": "",
    "companyText": "ICA",
    "ingrediensText": "Pastöriserad MJÖLK*, majsstärkelse, salt, syrningskultur, mjölkkoagulerande enzym (mikrobiellt), färgämne (E160a). *Ursprung EU.",
    "storage": "Kylvara. Förvaras i högst +8°C.",
    "allergens": "",
    "usage": "",
    "nutrition": [
      {
        "Näringsvärde": "Energi (kcal)",
        "100 Gram": "342 kcal"
      },
      {
        "Näringsvärde": "Energi (kJ)",
        "100 Gram": "1419 kJ"
      },
      {
        "Näringsvärde": "Fett",
        "100 Gram": "26 g"
      },
      {
        "Näringsvärde": "Varav mättat fett",
        "100 Gram": "18 g"
      },
      {
        "Näringsvärde": "Kolhydrat",
        "100 Gram": "2 g"
      },
      {
        "Näringsvärde": "Varav sockerarter",
        "100 Gram": "0.2 g"
      },
      {
        "Näringsvärde": "Protein",
        "100 Gram": "24 g"
      },
      {
        "Näringsvärde": "Salt",
        "100 Gram": "1.6 g"
      }
    ],
    "nutritionUnitText": "Näringsvärde per 100 gram",
    "categories": {
      "mainCategory": "Mejeri & Ost",
      "subCategories": [
        {
          "name": "Ost",
          "subSubCategories": [
            "Matlagningsost",
            "Riven ost"
          ]
        }
      ]
    }
  },
  {
    "name": "Grekisk Yoghurt Naturell 0,2% 1000g Arla®",
    "weightText": "1 kg",
    "caPart": "",
    "weightValue": 1,
    "weightUnit": "kg",
    "comparePrice": "44,50 kr/kg",
    "currentPrice": 44.5,
    "attributes": [
      "Nyckelhålet"
    ],
    "imgUrl": "https://handlaprivatkund.ica.se/images-v3/bf7a00ca-390e-4769-865f-dc369586872e/6f1ca255-9138-4c6a-9fc9-94e62ecf3fba/500x500.jpg",
    "productInformation": "Arla® Grekisk Yoghurt 0% är en fettfri, naturell och fyllig yoghurt. Den är superkrämig, proteinrik och perfekt som frukost eller mellanmål för dig som vill orka lite längre. Njut tillsammans med nötter, frukt eller färska bär. Yoghurten är den perfekta basen för frukostskålar, smoothies och mycket mer, möjligheterna till variation är oändliga. 1000 g.",
    "countryText": "",
    "companyText": "Arla",
    "ingrediensText": "Högpastöriserad MJÖLK, yoghurtkultur.",
    "storage": "",
    "allergens": "",
    "usage": "",
    "nutrition": [
      {
        "Näringsvärde": "Energi (kcal)",
        "100 Gram": "60 kcal"
      },
      {
        "Näringsvärde": "Energi (kJ)",
        "100 Gram": "260 kJ"
      },
      {
        "Näringsvärde": "Fett",
        "100 Gram": "0.2 g"
      },
      {
        "Näringsvärde": "Varav mättat fett",
        "100 Gram": "0.1 g"
      },
      {
        "Näringsvärde": "Kolhydrat",
        "100 Gram": "4 g"
      },
      {
        "Näringsvärde": "Varav sockerarter",
        "100 Gram": "4 g"
      },
      {
        "Näringsvärde": "Protein",
        "100 Gram": "10 g"
      },
      {
        "Näringsvärde": "Salt",
        "100 Gram": "0.14 g"
      }
    ],
    "nutritionUnitText": "Näringsvärde per 100 gram",
    "categories": {
      "mainCategory": "Mejeri & Ost",
      "subCategories": [
        {
          "name": "Yoghurt",
          "subSubCategories": [
            "Naturell yoghurt"
          ]
        }
      ]
    }
  },
  {
    "name": "Smör & Raps Normalsaltat 75% 750g Bregott®",
    "weightText": "0.75 kg",
    "caPart": "",
    "weightValue": 0.75,
    "weightUnit": "kg",
    "comparePrice": "110,60 kr/kg",
    "currentPrice": 82.95,
    "attributes": [
      "Ursprungsland Sverige"
    ],
    "imgUrl": "https://handlaprivatkund.ica.se/images-v3/bf7a00ca-390e-4769-865f-dc369586872e/8738c841-a0f9-4653-8af4-ef59579c1cab/500x500.jpg",
    "productInformation": "Bregott® Normalsaltat är en favorit på svenska smörgåsar alltsedan 1969. Kärnat till smör av svensk grädde blandat med rapsolja och en nypa salt – naturligt gott. Grädden finns med för den goda smakens skull och rapsoljan gör det lättare att bre på brödet. Bregott® Normalsaltat gör sig allra bäst på smörgåsen men passar också att steka i och baka med. Symbolen med den blågula gräddkannan garanterar att produkten är gjord på 100 procent svensk grädde.",
    "countryText": "Sverige",
    "companyText": "Bregott",
    "ingrediensText": "SMÖR (pastöriserad GRÄDDE, mjölksyrakultur), rapsolja, vatten, salt, vitamin A och D.",
    "storage": "Bör förvaras vid högst +8ºC. Lägsta förvaringstemperatur 2°C Högsta förvaringstemperatur 8°C",
    "allergens": "",
    "usage": "",
    "nutrition": [
      {
        "Näringsvärde": "Energi (kcal)",
        "100 Gram": "678 kcal"
      },
      {
        "Näringsvärde": "Energi (kJ)",
        "100 Gram": "2789 kJ"
      },
      {
        "Näringsvärde": "Fett",
        "100 Gram": "75 g"
      },
      {
        "Näringsvärde": "Varav fleromättat fett",
        "100 Gram": "8.7 g"
      },
      {
        "Näringsvärde": "Varav mättat fett",
        "100 Gram": "33 g"
      },
      {
        "Näringsvärde": "Varav enkelomättat fett",
        "100 Gram": "28 g"
      },
      {
        "Näringsvärde": "Kolhydrat",
        "100 Gram": "0.4 g"
      },
      {
        "Näringsvärde": "Varav sockerarter",
        "100 Gram": "0.4 g"
      },
      {
        "Näringsvärde": "Protein",
        "100 Gram": "0.4 g"
      },
      {
        "Näringsvärde": "Salt",
        "100 Gram": "1.2 g"
      },
      {
        "Näringsvärde": "Vitamin A",
        "100 Gram": "900 µg",
        "% av DRI(*)": "113"
      },
      {
        "Näringsvärde": "Vitamin D",
        "100 Gram": "20 µg",
        "% av DRI(*)": "400"
      }
    ],
    "nutritionUnitText": "Näringsvärde per 100 gram",
    "categories": {
      "mainCategory": "Mejeri & Ost",
      "subCategories": [
        {
          "name": "Smör & Margarin",
          "subSubCategories": [
            "Bordsask smör"
          ]
        }
      ]
    }
  },
  {
    "name": "Crème fraiche Laktosfri 32% 2dl ICA",
    "weightText": "0.2 l",
    "caPart": "",
    "weightValue": 0.2,
    "weightUnit": "l",
    "comparePrice": "92,50 kr/l",
    "currentPrice": 18.5,
    "attributes": [
      "Från Sverige",
      "Ursprungsland Sverige",
      "Laktosfritt"
    ],
    "imgUrl": "https://handlaprivatkund.ica.se/images-v3/bf7a00ca-390e-4769-865f-dc369586872e/a02caf43-1be3-479a-99ec-90fb555a1eb3/500x500.jpg",
    "productInformation": "ICA Crème fraîche Laktosfri 32% är gjord på mjölk från svenska gårdar och passar både till varma och kalla rätter. Den går utmärkt att koka och ger en krämig konsistens och rund smak.",
    "countryText": "Sverige",
    "companyText": "ICA",
    "ingrediensText": "Högpastöriserad GRÄDDE, mjölksyrakultur, laktasenzym.",
    "storage": "",
    "allergens": "",
    "usage": "",
    "nutrition": [
      {
        "Näringsvärde": "Energi (kcal)",
        "100 Gram": "310 kcal"
      },
      {
        "Näringsvärde": "Energi (kJ)",
        "100 Gram": "1300 kJ"
      },
      {
        "Näringsvärde": "Fett",
        "100 Gram": "32 g"
      },
      {
        "Näringsvärde": "Varav mättat fett",
        "100 Gram": "20 g"
      },
      {
        "Näringsvärde": "Kolhydrat",
        "100 Gram": "2.4 g"
      },
      {
        "Näringsvärde": "Varav sockerarter",
        "100 Gram": "2.4 g"
      },
      {
        "Näringsvärde": "Protein",
        "100 Gram": "2.4 g"
      },
      {
        "Näringsvärde": "Salt",
        "100 Gram": "0.1 g"
      },
      {
        "Näringsvärde": "Vitamin A",
        "100 Gram": "300 µg",
        "% av DRI(*)": "38"
      }
    ],
    "nutritionUnitText": "Näringsvärde per 100 gram",
    "categories": {
      "mainCategory": "Mejeri & Ost",
      "subCategories": [
        {
          "name": "Crème fraiche",
          "subSubCategories": [
            "Laktosfri crème fraiche"
          ]
        }
      ]
    }
  },
  {
    "name": "Havregrädde iMat 13% 2,5dl Oatly",
    "weightText": "0.25 l",
    "caPart": "",
    "weightValue": 0.25,
    "weightUnit": "l",
    "comparePrice": "43,80 kr/l",
    "currentPrice": 10.95,
    "attributes": [],
    "imgUrl": "https://handlaprivatkund.ica.se/images-v3/bf7a00ca-390e-4769-865f-dc369586872e/6b3a9622-fab3-422a-9da0-3c34ff568f0b/500x500.jpg",
    "productInformation": "iMat, används på samma sätt som matlagningsgrädde. Den är helt vegetabilisk och passar lika bra till kall som till varm matlagning.",
    "countryText": "",
    "companyText": "Oatly",
    "ingrediensText": "Ingredienser: Vatten/vann, rapsolja, HAVRE 10%, emulgeringsmedel (E472e), stabiliseringsmedel (E415), joderat salt.",
    "storage": "Produkten är en kylvara, förvaras vid max +8 grader. Öppnad förpackning hållbar minst 5 dagar.",
    "allergens": "Innehåller Spannmål som innehåller gluten",
    "usage": "",
    "nutrition": [
      {
        "Näringsvärde": "Energi (kcal)",
        "100 Milliliter": "150 kcal"
      },
      {
        "Näringsvärde": "Energi (kJ)",
        "100 Milliliter": "600 kJ"
      },
      {
        "Näringsvärde": "Fett",
        "100 Milliliter": "13 g"
      },
      {
        "Näringsvärde": "Varav mättat fett",
        "100 Milliliter": "1.6 g"
      },
      {
        "Näringsvärde": "Kolhydrat",
        "100 Milliliter": "5.8 g"
      },
      {
        "Näringsvärde": "Varav sockerarter",
        "100 Milliliter": "3.6 g"
      },
      {
        "Näringsvärde": "Fiber",
        "100 Milliliter": "0.8 g"
      },
      {
        "Näringsvärde": "Protein",
        "100 Milliliter": "0.9 g"
      },
      {
        "Näringsvärde": "Salt",
        "100 Milliliter": "0.11 g"
      }
    ],
    "nutritionUnitText": "Näringsvärde per 100 milliliter",
    "categories": {
      "mainCategory": "Mejeri & Ost",
      "subCategories": [
        {
          "name": "Grädde",
          "subSubCategories": [
            "Mjölkfri grädde"
          ]
        }
      ]
    }
  },
  {
    "name": "Lättmjölk 1,5l ICA",
    "weightText": "1.5 l",
    "caPart": "",
    "weightValue": 1.5,
    "weightUnit": "l",
    "comparePrice": "12,33 kr/l",
    "currentPrice": 18.5,
    "attributes": [
      "Nyckelhålet",
      "Ursprungsland Sverige",
      "Mjölk från Sverige"
    ],
    "imgUrl": "https://handlaprivatkund.ica.se/images-v3/bf7a00ca-390e-4769-865f-dc369586872e/0ca975c4-d304-40a5-859b-ddda8badc9d1/500x500.jpg",
    "productInformation": "ICA Lättmjölk med längre hållbarhet har värmts upp till en högre temperatur (högpastöriserad) jämfört med vanlig, traditionell lågpastöriserad mjölk. Hållbarheten är längre och smaken kan upplevas mer fyllig och gräddig. Mjölken är berikad med D-vitamin och kommer från svenska gårdar.",
    "countryText": "Sverige",
    "companyText": "ICA",
    "ingrediensText": "Högpastöriserad MJÖLK*, vitamin D. *Ursprung Sverige.",
    "storage": "Lägsta förvaringstemperatur 2°C Högsta förvaringstemperatur 8°C",
    "allergens": "Innehåller Mjölk",
    "usage": "",
    "nutrition": [
      {
        "Näringsvärde": "Energi (kcal)",
        "100 Milliliter": "38 kcal"
      },
      {
        "Näringsvärde": "Energi (kJ)",
        "100 Milliliter": "160 kJ"
      },
      {
        "Näringsvärde": "Fett",
        "100 Milliliter": "0.5 g"
      },
      {
        "Näringsvärde": "Varav mättat fett",
        "100 Milliliter": "0.3 g"
      },
      {
        "Näringsvärde": "Kolhydrat",
        "100 Milliliter": "4.7 g"
      },
      {
        "Näringsvärde": "Varav sockerarter",
        "100 Milliliter": "4.7 g"
      },
      {
        "Näringsvärde": "Protein",
        "100 Milliliter": "3.6 g"
      },
      {
        "Näringsvärde": "Salt",
        "100 Milliliter": "0.09 g"
      },
      {
        "Näringsvärde": "Vitamin B12",
        "100 Milliliter": "0.4 µg",
        "% av DRI(*)": "16"
      },
      {
        "Näringsvärde": "Vitamin D",
        "100 Milliliter": "1 µg",
        "% av DRI(*)": "20"
      },
      {
        "Näringsvärde": "Riboflavin",
        "100 Milliliter": "0.14 mg",
        "% av DRI(*)": "10"
      },
      {
        "Näringsvärde": "Pantotensyra",
        "100 Milliliter": "0.5 mg",
        "% av DRI(*)": "8"
      },
      {
        "Näringsvärde": "Kalium",
        "100 Milliliter": "160 mg",
        "% av DRI(*)": "8"
      },
      {
        "Näringsvärde": "Klorid",
        "100 Milliliter": "92 mg",
        "% av DRI(*)": "12"
      },
      {
        "Näringsvärde": "Kalcium",
        "100 Milliliter": "124 mg",
        "% av DRI(*)": "16"
      },
      {
        "Näringsvärde": "Fosfor",
        "100 Milliliter": "139 mg",
        "% av DRI(*)": "20"
      },
      {
        "Näringsvärde": "Molybden",
        "100 Milliliter": "3.8 µg",
        "% av DRI(*)": "8"
      },
      {
        "Näringsvärde": "Jod",
        "100 Milliliter": "22 µg",
        "% av DRI(*)": "15"
      }
    ],
    "nutritionUnitText": "Näringsvärde per 100 milliliter",
    "categories": {
      "mainCategory": "Mejeri & Ost",
      "subCategories": [
        {
          "name": "Mjölk",
          "subSubCategories": [
            "Lättmjölk",
            "Lättmjölk, laktos"
          ]
        }
      ]
    }
  },
  {
    "name": "Mozzarella Italiensk 125g Zeta",
    "weightText": "0.125 kg",
    "caPart": "",
    "weightValue": 0.125,
    "weightUnit": "kg",
    "comparePrice": "167,60 kr/kg u. spad",
    "currentPrice": 20.95,
    "attributes": [],
    "imgUrl": "https://handlaprivatkund.ica.se/images-v3/bf7a00ca-390e-4769-865f-dc369586872e/22d5f1ac-84bc-4eab-803b-d71916dcab47/500x500.jpg",
    "productInformation": "Zeta Mozzarella italiensk, av pastöriserad komjölk. Mozzarellan är mild i smaken med viss syrlighet och är god till sallader, pastarätter och lyxiga smörgåsar.",
    "countryText": "",
    "companyText": "Zeta",
    "ingrediensText": "Ingredienser: Pastöriserad koMJÖLK, salt, ystenzym, syrningskultur.",
    "storage": "Lägsta förvaringstemperatur 2°C Högsta förvaringstemperatur 8°C",
    "allergens": "",
    "usage": "",
    "nutrition": [
      {
        "Näringsvärde": "Energi (kcal)",
        "100 Gram": "225 kcal"
      },
      {
        "Näringsvärde": "Energi (kJ)",
        "100 Gram": "935 kJ"
      },
      {
        "Näringsvärde": "Fett",
        "100 Gram": "17 g"
      },
      {
        "Näringsvärde": "Varav mättat fett",
        "100 Gram": "12 g"
      },
      {
        "Näringsvärde": "Kolhydrat",
        "100 Gram": "1 g"
      },
      {
        "Näringsvärde": "Varav sockerarter",
        "100 Gram": "1 g"
      },
      {
        "Näringsvärde": "Protein",
        "100 Gram": "17 g"
      },
      {
        "Näringsvärde": "Salt",
        "100 Gram": "0.6 g"
      }
    ],
    "nutritionUnitText": "",
    "categories": {
      "mainCategory": "Mejeri & Ost",
      "subCategories": [
        {
          "name": "Ost",
          "subSubCategories": [
            "Matlagningsost",
            "Mozzarella"
          ]
        }
      ]
    }
  },
  {
    "name": "Crème fraiche 32% 5dl Arla Köket®",
    "weightText": "0.5 l",
    "caPart": "",
    "weightValue": 0.5,
    "weightUnit": "l",
    "comparePrice": "73,90 kr/l",
    "currentPrice": 36.95,
    "attributes": [
      "Ursprungsland Sverige"
    ],
    "imgUrl": "https://handlaprivatkund.ica.se/images-v3/bf7a00ca-390e-4769-865f-dc369586872e/8a1950f9-ee51-4fe1-ab2d-d4f97175c640/500x500.jpg",
    "productInformation": "Arla Köket® Crème fraiche 32% är en syrad grädde med en tydlig karaktär. Gräddig med mild syrlig smak och tjock krämig konsistens. Crème fraiche tillverkas genom syrning av grädde från svenska Arlagårdar. Crème fraiche är mycket användbar i både kall och varm mat. Använd den med fördel i grytor, soppor och såser men även i kalla såser och röror eller som ett krämigt tillbehör. Kan vispas upp till fast konsistens. Symbolen med den blågula gräddkannan garanterar 100 procent svensk grädde.",
    "countryText": "Sverige",
    "companyText": "Arla Köket",
    "ingrediensText": "Pastöriserad GRÄDDE, syrningskultur.",
    "storage": "",
    "allergens": "Innehåller Mjölk",
    "usage": "",
    "nutrition": [
      {
        "Näringsvärde": "Energi (kcal)",
        "100 Gram": "309 kcal"
      },
      {
        "Näringsvärde": "Energi (kJ)",
        "100 Gram": "1275 kJ"
      },
      {
        "Näringsvärde": "Fett",
        "100 Gram": "32 g"
      },
      {
        "Näringsvärde": "Varav mättat fett",
        "100 Gram": "20 g"
      },
      {
        "Näringsvärde": "Kolhydrat",
        "100 Gram": "2.4 g"
      },
      {
        "Näringsvärde": "Varav sockerarter",
        "100 Gram": "2.4 g"
      },
      {
        "Näringsvärde": "Protein",
        "100 Gram": "2.4 g"
      },
      {
        "Näringsvärde": "Salt",
        "100 Gram": "0.07 g"
      },
      {
        "Näringsvärde": "Vitamin A",
        "100 Gram": "300 µg",
        "% av DRI(*)": "38"
      }
    ],
    "nutritionUnitText": "Näringsvärde per 100 gram",
    "categories": {
      "mainCategory": "Mejeri & Ost",
      "subCategories": [
        {
          "name": "Crème fraiche",
          "subSubCategories": [
            "Crème fraiche naturell"
          ]
        }
      ]
    }
  },
  {
    "name": "Yoghurt Original Skogsbär 2% 1000g Yoggi®",
    "weightText": "1 kg",
    "caPart": "",
    "weightValue": 1,
    "weightUnit": "kg",
    "comparePrice": "28,95 kr/kg",
    "currentPrice": 28.95,
    "attributes": [
      "FSC, Forest Stewardship Council",
      "Ursprungsland Sverige"
    ],
    "imgUrl": "https://handlaprivatkund.ica.se/images-v3/bf7a00ca-390e-4769-865f-dc369586872e/0f0106ad-2aa3-4e9b-8f9c-0d807bffb277/500x500.jpg",
    "productInformation": "Krämig fruktyoghurt med mycket frukt och mild, rund smak av skogsbär – jordgubbar, blåbär, björnbär, hallon och lingon. Arla Yoggi® Original skogsbär är en njutning som mättar och ger energi. Smaken är helt naturlig och det är skogens bär som skänkt yoghurten den fina färgen. Yoggi yoghurt passar både stor och liten, servera till frukost, som ett snabbt mellanmål eller en enkel dessert.",
    "countryText": "Sverige",
    "companyText": "Yoggi",
    "ingrediensText": "MJÖLK, bär 8% (jordgubbar, hallon, blåbär, björnbär, lingon), socker 7,5%, MJÖLKPROTEIN, majsstärkelse, naturlig arom, yoghurtkultur, vitamin D. Mjölken är högpastöriserad.",
    "storage": "",
    "allergens": "Innehåller Mjölk",
    "usage": "",
    "nutrition": [
      {
        "Näringsvärde": "Energi (kcal)",
        "100 Gram": "80 kcal"
      },
      {
        "Näringsvärde": "Energi (kJ)",
        "100 Gram": "350 kJ"
      },
      {
        "Näringsvärde": "Fett",
        "100 Gram": "2 g"
      },
      {
        "Näringsvärde": "Varav mättat fett",
        "100 Gram": "1.3 g"
      },
      {
        "Näringsvärde": "Kolhydrat",
        "100 Gram": "12 g"
      },
      {
        "Näringsvärde": "Varav sockerarter",
        "100 Gram": "11 g"
      },
      {
        "Näringsvärde": "Protein",
        "100 Gram": "3.4 g"
      },
      {
        "Näringsvärde": "Salt",
        "100 Gram": "0.1 g"
      },
      {
        "Näringsvärde": "Vitamin D",
        "100 Gram": "0.93 µg",
        "% av DRI(*)": "19"
      }
    ],
    "nutritionUnitText": "Näringsvärde per 100 gram",
    "categories": {
      "mainCategory": "Mejeri & Ost",
      "subCategories": [
        {
          "name": "Yoghurt",
          "subSubCategories": [
            "Smaksatt yoghurt"
          ]
        }
      ]
    }
  },
  {
    "name": "Äpplejuice 2l Bravo",
    "weightText": "2 l",
    "caPart": "",
    "weightValue": 2,
    "weightUnit": "l",
    "comparePrice": "23,25 kr/l",
    "currentPrice": 46.5,
    "attributes": [],
    "imgUrl": "https://handlaprivatkund.ica.se/images-v3/bf7a00ca-390e-4769-865f-dc369586872e/4ee998cf-3336-4402-8971-4c146851fdf2/500x500.jpg",
    "productInformation": "Information från leverantör \n Njut av hela två liter äpplejuice! Bravo är juice så som juice ska vara, 100 % naturlig, utan tillsatt socker eller andra tillsatser. Bravo är dessutom Sveriges största juice, vilket naturligtvis har med den goda smaken att göra.",
    "countryText": "",
    "companyText": "Bravo",
    "ingrediensText": "Äpplejuice.",
    "storage": "Lägsta förvaringstemperatur 2°C Högsta förvaringstemperatur 8°C",
    "allergens": "",
    "usage": "",
    "nutrition": [
      {
        "Näringsvärde": "Energi (kcal)",
        "100 Gram": "45 kcal"
      },
      {
        "Näringsvärde": "Energi (kJ)",
        "100 Gram": "180 kJ"
      },
      {
        "Näringsvärde": "Fett",
        "100 Gram": "0 g"
      },
      {
        "Näringsvärde": "Varav mättat fett",
        "100 Gram": "0 g"
      },
      {
        "Näringsvärde": "Kolhydrat",
        "100 Gram": "9.5 g"
      },
      {
        "Näringsvärde": "Varav sockerarter",
        "100 Gram": "9.5 g"
      },
      {
        "Näringsvärde": "Fiber",
        "100 Gram": "0.2 g"
      },
      {
        "Näringsvärde": "Protein",
        "100 Gram": "0 g"
      },
      {
        "Näringsvärde": "Salt",
        "100 Gram": "0 g"
      }
    ],
    "nutritionUnitText": "Näringsvärde per 100 gram",
    "categories": {
      "mainCategory": "Mejeri & Ost",
      "subCategories": [
        {
          "name": "Juice & Fruktdryck",
          "subSubCategories": [
            "Äppeljuice"
          ]
        }
      ]
    }
  },
  {
    "name": "Cottage cheese Mini 1,5% 500g KESO®",
    "weightText": "0.5 kg",
    "caPart": "",
    "weightValue": 0.5,
    "weightUnit": "kg",
    "comparePrice": "65,00 kr/kg",
    "currentPrice": 32.5,
    "attributes": [
      "Nyckelhålet",
      "Ursprungsland Sverige"
    ],
    "imgUrl": "https://handlaprivatkund.ica.se/images-v3/bf7a00ca-390e-4769-865f-dc369586872e/66645470-d965-4f92-9a51-f4f89ff3e028/500x500.jpg",
    "productInformation": "Färskost med låg fetthalt och grynig konsistens, tillverkad av svensk mjölk från Arlagårdar. För att bli krämig och smakrik blandas ostkornen med mjölk och lite salt. KESO® Cottage Cheese mini 1,5% är perfekt för dig som vill ha en lägre fetthalt och färre kalorier. Produkten är nyckelhålsmärkt och har ett naturligt högt proteininnehåll med 13g protein/100g vilket mättar bra. Ät som den är eller tillsammans med det du gillar. Använd som proteinrik huvudingrediens eller som tillbehör som röra, topping eller dipp vid matlagning och bakning. KESO® passar utmärkt som ett gott mellanmål, exempelvis vid träning. Symbolen med den blågula mjölkkannan garanterar 100 procent svensk mjölk. Den nya pappersbägaren har 60% lägre klimatpåverkan än den tidigare i plast.",
    "countryText": "Sverige",
    "companyText": "Keso",
    "ingrediensText": "Pastöriserad MJÖLK, modifierad potatisstärkelse, salt, VASSLEPERMEAT, syrningskultur, ystenzym.",
    "storage": "Lägsta förvaringstemperatur 2°C Högsta förvaringstemperatur 8°C",
    "allergens": "Innehåller Mjölk",
    "usage": "",
    "nutrition": [
      {
        "Näringsvärde": "Energi (kcal)",
        "100 Gram": "73 kcal"
      },
      {
        "Näringsvärde": "Energi (kJ)",
        "100 Gram": "306 kJ"
      },
      {
        "Näringsvärde": "Fett",
        "100 Gram": "1.5 g"
      },
      {
        "Näringsvärde": "Varav mättat fett",
        "100 Gram": "1 g"
      },
      {
        "Näringsvärde": "Kolhydrat",
        "100 Gram": "3.1 g"
      },
      {
        "Näringsvärde": "Varav sockerarter",
        "100 Gram": "2.6 g"
      },
      {
        "Näringsvärde": "Protein",
        "100 Gram": "12 g"
      },
      {
        "Näringsvärde": "Salt",
        "100 Gram": "0.78 g"
      }
    ],
    "nutritionUnitText": "",
    "categories": {
      "mainCategory": "Mejeri & Ost",
      "subCategories": [
        {
          "name": "Cottage cheese",
          "subSubCategories": [
            "Cottage cheese naturell"
          ]
        }
      ]
    }
  },
  {
    "name": "Cottage cheese Naturell 4% 500g ICA",
    "weightText": "0.5 kg",
    "caPart": "",
    "weightValue": 0.5,
    "weightUnit": "kg",
    "comparePrice": "61,00 kr/kg",
    "currentPrice": 30.5,
    "attributes": [
      "Nyckelhålet",
      "Ursprungsland Sverige",
      "Mjölk från Sverige"
    ],
    "imgUrl": "https://handlaprivatkund.ica.se/images-v3/bf7a00ca-390e-4769-865f-dc369586872e/7d67e1b1-5d3f-40fb-a22b-833455a26e22/500x500.jpg",
    "productInformation": "ICA Cottage cheese naturell är en grynig färskost. Passar som mellanmål tillsammans med färska bär eller som tillbehör i en sallad.",
    "countryText": "Sverige",
    "companyText": "ICA",
    "ingrediensText": "Pastöriserad MJÖLK* och GRÄDDE*, salt, konserveringsmedel (E202), syrningskultur, mjölkkoagulerande enzym (mikrobiellt). *Ursprung Sverige.",
    "storage": "Lägsta förvaringstemperatur 2°C Högsta förvaringstemperatur 8°C",
    "allergens": "",
    "usage": "",
    "nutrition": [
      {
        "Näringsvärde": "Energi (kcal)",
        "100 Gram": "93 kcal"
      },
      {
        "Näringsvärde": "Energi (kJ)",
        "100 Gram": "391 kJ"
      },
      {
        "Näringsvärde": "Fett",
        "100 Gram": "4 g"
      },
      {
        "Näringsvärde": "Varav mättat fett",
        "100 Gram": "2.6 g"
      },
      {
        "Näringsvärde": "Kolhydrat",
        "100 Gram": "1.6 g"
      },
      {
        "Näringsvärde": "Varav sockerarter",
        "100 Gram": "1.6 g"
      },
      {
        "Näringsvärde": "Protein",
        "100 Gram": "13 g"
      },
      {
        "Näringsvärde": "Salt",
        "100 Gram": "0.82 g"
      }
    ],
    "nutritionUnitText": "",
    "categories": {
      "mainCategory": "Mejeri & Ost",
      "subCategories": [
        {
          "name": "Cottage cheese",
          "subSubCategories": [
            "Cottage cheese naturell"
          ]
        }
      ]
    }
  },
  {
    "name": "Färsk standardmjölk Ekologisk 3,0% 1l Arla Ko®",
    "weightText": "1 l",
    "caPart": "",
    "weightValue": 1,
    "weightUnit": "l",
    "comparePrice": "17,50 kr/l",
    "currentPrice": 17.5,
    "attributes": [
      "EU Ekologiskt",
      "Ursprungsland Sverige",
      "Ekologiskt",
      "KRAV"
    ],
    "imgUrl": "https://handlaprivatkund.ica.se/images-v3/bf7a00ca-390e-4769-865f-dc369586872e/1981d6df-6673-46be-b613-0a5be837c03a/500x500.jpg",
    "productInformation": "Ekologisk mjölk från Arla, gjord på svensk mjölk från Arlagårdar, har en rund och fyllig smak med tydligt inslag av grädde. Den goda smaken gör att mjölken passar extra bra i kaffe, te och choklad. Standardmjölk - röd mjölk - kan med fördel användas i matlagning, till bär och gröt. Arla Ko® ekologisk färsk mjölk är en naturlig källa till bland annat protein, kalcium och vitamin B12. Protein bidrar till muskeluppbyggnad och kalcium behövs för att bibehålla en normal benstomme. Varumärket Arla Ko® garanterar att produkten är gjord på 100 procent svensk mjölk.",
    "countryText": "Sverige",
    "companyText": "Arla Ko",
    "ingrediensText": "MJÖLK*, vitamin D. Lågpastöriserad. *KRAV- ekologisk ingrediens.",
    "storage": "Lägsta förvaringstemperatur 2°C Högsta förvaringstemperatur 8°C",
    "allergens": "Innehåller Mjölk",
    "usage": "",
    "nutrition": [
      {
        "Näringsvärde": "Energi (kcal)",
        "100 Gram": "59 kcal"
      },
      {
        "Näringsvärde": "Energi (kJ)",
        "100 Gram": "248 kJ"
      },
      {
        "Näringsvärde": "Fett",
        "100 Gram": "3 g"
      },
      {
        "Näringsvärde": "Varav mättat fett",
        "100 Gram": "1.9 g"
      },
      {
        "Näringsvärde": "Kolhydrat",
        "100 Gram": "4.6 g"
      },
      {
        "Näringsvärde": "Varav sockerarter",
        "100 Gram": "4.6 g"
      },
      {
        "Näringsvärde": "Protein",
        "100 Gram": "3.5 g"
      },
      {
        "Näringsvärde": "Salt",
        "100 Gram": "0.09 g"
      },
      {
        "Näringsvärde": "Vitamin B12",
        "100 Gram": "0.4 µg",
        "% av DRI(*)": "16"
      },
      {
        "Näringsvärde": "Vitamin D",
        "100 Gram": "1 µg",
        "% av DRI(*)": "20"
      },
      {
        "Näringsvärde": "Riboflavin",
        "100 Gram": "0.14 mg",
        "% av DRI(*)": "10"
      },
      {
        "Näringsvärde": "Pantotensyra",
        "100 Gram": "0.5 mg",
        "% av DRI(*)": "8"
      },
      {
        "Näringsvärde": "Kalium",
        "100 Gram": "160 mg",
        "% av DRI(*)": "8"
      },
      {
        "Näringsvärde": "Klorid",
        "100 Gram": "92 mg",
        "% av DRI(*)": "12"
      },
      {
        "Näringsvärde": "Kalcium",
        "100 Gram": "124 mg",
        "% av DRI(*)": "16"
      },
      {
        "Näringsvärde": "Fosfor",
        "100 Gram": "139 mg",
        "% av DRI(*)": "20"
      },
      {
        "Näringsvärde": "Molybden",
        "100 Gram": "3.8 µg",
        "% av DRI(*)": "8"
      }
    ],
    "nutritionUnitText": "Näringsvärde per 100 gram",
    "categories": {
      "mainCategory": "Mejeri & Ost",
      "subCategories": [
        {
          "name": "Mjölk",
          "subSubCategories": [
            "Standardmjölk",
            "Standardmjölk, laktos"
          ]
        }
      ]
    }
  },
  {
    "name": "Gräddfil Laktosfri 10% 3dl Arla Ko®",
    "weightText": "0.3 l",
    "caPart": "",
    "weightValue": 0.3,
    "weightUnit": "l",
    "comparePrice": "53,17 kr/l",
    "currentPrice": 15.95,
    "attributes": [
      "Ursprungsland Sverige",
      "Laktosfritt"
    ],
    "imgUrl": "https://handlaprivatkund.ica.se/images-v3/bf7a00ca-390e-4769-865f-dc369586872e/ddfb2755-9d7e-433b-9e1b-f9e99869cde7/500x500.jpg",
    "productInformation": "Arla Ko® Laktosfri gräddfil 10% tillverkad av färsk grädde från svenska Arlagårdar. Gräddfil är en riktig klassiker som har sin självklara plats i mat till såväl vardag som helg. Laktosfri gräddfil har en svagt syrlig och gräddig, lite söt smak med en lätt krämig konsistens. Gräddfil används med fördel som en svalkande klick till soppor och grytor, till tacos och bakad potatis. Utmärkt i kalla såser, dressingar och dip och i krämiga sallader. I mjuka kakor ger gräddfil saftighet och i desserter som tex pannacotta en fräschare känsla. Varumärket Arla Ko® garanterar att produkten är gjord på 100 procent svensk mjölk.",
    "countryText": "Sverige",
    "companyText": "Arla Ko",
    "ingrediensText": "Pastöriserad GRÄDDE, laktasenzym, syrningskultur.",
    "storage": "Lägsta förvaringstemperatur 2°C Högsta förvaringstemperatur 8°C",
    "allergens": "",
    "usage": "",
    "nutrition": [
      {
        "Näringsvärde": "Energi (kcal)",
        "100 Gram": "119 kcal"
      },
      {
        "Näringsvärde": "Energi (kJ)",
        "100 Gram": "495 kJ"
      },
      {
        "Näringsvärde": "Fett",
        "100 Gram": "10 g"
      },
      {
        "Näringsvärde": "Varav mättat fett",
        "100 Gram": "6.5 g"
      },
      {
        "Näringsvärde": "Kolhydrat",
        "100 Gram": "3.4 g"
      },
      {
        "Näringsvärde": "Varav sockerarter",
        "100 Gram": "3.4 g"
      },
      {
        "Näringsvärde": "Protein",
        "100 Gram": "3.2 g"
      },
      {
        "Näringsvärde": "Salt",
        "100 Gram": "0.08 g"
      }
    ],
    "nutritionUnitText": "Näringsvärde per 100 gram",
    "categories": {
      "mainCategory": "Mejeri & Ost",
      "subCategories": [
        {
          "name": "Gräddfil",
          "subSubCategories": [
            "Laktosfri gräddfil"
          ]
        }
      ]
    }
  },
  {
    "name": "Vispgrädde Laktosfri 36% 2,5dl ICA",
    "weightText": "0.25 l",
    "caPart": "",
    "weightValue": 0.25,
    "weightUnit": "l",
    "comparePrice": "78,00 kr/l",
    "currentPrice": 19.5,
    "attributes": [
      "Ursprungsland Sverige",
      "Mjölk från Sverige",
      "Laktosfritt"
    ],
    "imgUrl": "https://handlaprivatkund.ica.se/images-v3/bf7a00ca-390e-4769-865f-dc369586872e/3077be46-2b4d-4389-9481-94e25562c826/500x500.jpg",
    "productInformation": "ICA Vispgrädde Laktosfri passar dig som är laktosintolerant och kan användas precis som vanlig grädde, på tårtor och bakelser men även i matlagning. Den är gjord av svensk mjölk och har lite längre hållbarhet. Vispa den när den kommer direkt från kylen för bästa resultat.",
    "countryText": "Sverige",
    "companyText": "ICA",
    "ingrediensText": "Högpastöriserad GRÄDDE*, stabiliseringsmedel (E407), laktasenzym. *Ursprung Sverige.",
    "storage": "Kylvara. Förvaras vid högst +8C.",
    "allergens": "Innehåller Mjölk",
    "usage": "",
    "nutrition": [
      {
        "Näringsvärde": "Energi (kcal)",
        "100 Gram": "346 kcal"
      },
      {
        "Näringsvärde": "Energi (kJ)",
        "100 Gram": "1427 kJ"
      },
      {
        "Näringsvärde": "Fett",
        "100 Gram": "36 g"
      },
      {
        "Näringsvärde": "Varav mättat fett",
        "100 Gram": "23 g"
      },
      {
        "Näringsvärde": "Kolhydrat",
        "100 Gram": "3.2 g"
      },
      {
        "Näringsvärde": "Varav sockerarter",
        "100 Gram": "3.2 g"
      },
      {
        "Näringsvärde": "Protein",
        "100 Gram": "2.4 g"
      },
      {
        "Näringsvärde": "Salt",
        "100 Gram": "0.06 g"
      }
    ],
    "nutritionUnitText": "Näringsvärde per 100 gram",
    "categories": {
      "mainCategory": "Mejeri & Ost",
      "subCategories": [
        {
          "name": "Grädde",
          "subSubCategories": [
            "Laktosfri grädde",
            "Laktosfri vispgrädde"
          ]
        }
      ]
    }
  },
  {
    "name": "Matlagningsalternativ Mat 4% Laktosfri 250ml Flora",
    "weightText": "0.25 l",
    "caPart": "",
    "weightValue": 0.25,
    "weightUnit": "l",
    "comparePrice": "47,80 kr/l",
    "currentPrice": 11.95,
    "attributes": [
      "Laktosfritt"
    ],
    "imgUrl": "https://handlaprivatkund.ica.se/images-v3/bf7a00ca-390e-4769-865f-dc369586872e/64b6ed2c-b539-4e4b-a5fc-04506fddd2dd/500x500.jpg",
    "productInformation": "Flora by Milda Mat 4% Laktosfri används som en lätt matlagningsgrädde. Denna matlagningsprodukt är gjord med vegetabiliska oljor så som rapsolja blandat med kärnmjölk. Ger god och fyllig smak samt krämig konsistens till maträtten. Är perfekt till soppor, grytor och gratänger.",
    "countryText": "",
    "companyText": "Flora",
    "ingrediensText": "INGREDIENSER: Vatten, låglaktos SKUMMJÖLK, KÄRNMJÖLK, vegetabiliska oljor (palm#, raps), modifierad stärkelse, stabiliseringsmedel (xantangummi, metylcellulosa), emulgeringsmedel (polysorbat 60), laktasenzym, aromer (innehåller MJÖLK), färgämne (karotener). # Bidrar till produktionen av certifierad hållbar palmolja (4-1117-19-100-00).",
    "storage": "Förvaras mellan 2‒8°C. Öppnad förpackning förvaras kyld vid +2-8 °C. Lägsta förvaringstemperatur 2°C Högsta förvaringstemperatur 8°C",
    "allergens": "Innehåller Mjölk",
    "usage": "",
    "nutrition": [
      {
        "Näringsvärde": "Energi (kcal)",
        "100 Milliliter": "60 kcal"
      },
      {
        "Näringsvärde": "Energi (kJ)",
        "100 Milliliter": "251 kJ"
      },
      {
        "Näringsvärde": "Fett",
        "100 Milliliter": "4.4 g"
      },
      {
        "Näringsvärde": "Varav mättat fett",
        "100 Milliliter": "1.4 g"
      },
      {
        "Näringsvärde": "Kolhydrat",
        "100 Milliliter": "4.5 g"
      },
      {
        "Näringsvärde": "Varav sockerarter",
        "100 Milliliter": "1.7 g"
      },
      {
        "Näringsvärde": "Protein",
        "100 Milliliter": "1.1 g"
      },
      {
        "Näringsvärde": "Salt",
        "100 Milliliter": "0.1 g"
      }
    ],
    "nutritionUnitText": "Näringsvärde per 100 milliliter",
    "categories": {
      "mainCategory": "Mejeri & Ost",
      "subCategories": [
        {
          "name": "Grädde",
          "subSubCategories": [
            "Mjölkfri grädde"
          ]
        }
      ]
    }
  },
  {
    "name": "Fil Naturell 3% 1000g ICA",
    "weightText": "1 kg",
    "caPart": "",
    "weightValue": 1,
    "weightUnit": "kg",
    "comparePrice": "14,50 kr/kg",
    "currentPrice": 14.5,
    "attributes": [
      "Från Sverige",
      "Ursprungsland Sverige"
    ],
    "imgUrl": "https://handlaprivatkund.ica.se/images-v3/bf7a00ca-390e-4769-865f-dc369586872e/8d6fd018-244a-4b8b-b399-5c61c7fa5772/500x500.jpg",
    "productInformation": "ICA Fil Naturell är en krämig yoghurt med naturell smak som du kan göra vad du vill med: använda i matlagning eller äta till frukost med müsli och kanske lite honung.",
    "countryText": "Sverige",
    "companyText": "ICA",
    "ingrediensText": "Högpastöriserad mjölk, filmjölkskultur, vitamin D.",
    "storage": "Lägsta förvaringstemperatur 2°C Högsta förvaringstemperatur 8°C",
    "allergens": "Innehåller Mjölk",
    "usage": "",
    "nutrition": [
      {
        "Näringsvärde": "Energi (kcal)",
        "100 Gram": "60 kcal"
      },
      {
        "Näringsvärde": "Energi (kJ)",
        "100 Gram": "260 kJ"
      },
      {
        "Näringsvärde": "Fett",
        "100 Gram": "3 g"
      },
      {
        "Näringsvärde": "Varav mättat fett",
        "100 Gram": "2 g"
      },
      {
        "Näringsvärde": "Kolhydrat",
        "100 Gram": "4.1 g"
      },
      {
        "Näringsvärde": "Varav sockerarter",
        "100 Gram": "4.1 g"
      },
      {
        "Näringsvärde": "Protein",
        "100 Gram": "3.6 g"
      },
      {
        "Näringsvärde": "Salt",
        "100 Gram": "0.1 g"
      },
      {
        "Näringsvärde": "Vitamin B12",
        "100 Gram": "0.35 µg"
      },
      {
        "Näringsvärde": "Vitamin D",
        "100 Gram": "1 µg"
      },
      {
        "Näringsvärde": "Riboflavin",
        "100 Gram": "0.15 mg"
      },
      {
        "Näringsvärde": "Kalcium",
        "100 Gram": "120 mg"
      },
      {
        "Näringsvärde": "Fosfor",
        "100 Gram": "105 mg"
      },
      {
        "Näringsvärde": "Jod",
        "100 Gram": "12 µg"
      }
    ],
    "nutritionUnitText": "Näringsvärde per 100 gram",
    "categories": {
      "mainCategory": "Mejeri & Ost",
      "subCategories": [
        {
          "name": "Filmjölk",
          "subSubCategories": [
            "Filmjölk naturell"
          ]
        }
      ]
    }
  },
  {
    "name": "Grekisk Yoghurt Mild Naturell 6% 1000g Arla Ko®",
    "weightText": "1 kg",
    "caPart": "",
    "weightValue": 1,
    "weightUnit": "kg",
    "comparePrice": "30,95 kr/kg",
    "currentPrice": 30.95,
    "attributes": [
      "Ursprungsland Sverige"
    ],
    "imgUrl": "https://handlaprivatkund.ica.se/images-v3/bf7a00ca-390e-4769-865f-dc369586872e/eb8b66e9-b5c3-42d8-aca8-8647d8384453/500x500.jpg",
    "productInformation": "Mild grekisk yoghurt, gjord på svensk mjölk från Arlagårdar och grekisk mild yoghurtkultur. Den har en krämig och len konsistens och fyllig  yoghurtsmak. Arlas milda naturella grekiska yoghurt är perfekt till frukost och mellanmål för hela familjen. Ät den som den är eller toppa med müsli, flingor, frukt och bär. Varumärket Arla Ko® garanterar att produkten är gjord på 100 procent svensk mjölk.",
    "countryText": "Sverige",
    "companyText": "Arla Ko",
    "ingrediensText": "Högpastöriserad MJÖLK och GRÄDDE, grekisk mild yoghurtkultur.",
    "storage": "",
    "allergens": "",
    "usage": "",
    "nutrition": [
      {
        "Näringsvärde": "Energi (kcal)",
        "100 Gram": "84 kcal"
      },
      {
        "Näringsvärde": "Energi (kJ)",
        "100 Gram": "352 kJ"
      },
      {
        "Näringsvärde": "Fett",
        "100 Gram": "6 g"
      },
      {
        "Näringsvärde": "Varav mättat fett",
        "100 Gram": "3.9 g"
      },
      {
        "Näringsvärde": "Kolhydrat",
        "100 Gram": "3.6 g"
      },
      {
        "Näringsvärde": "Varav sockerarter",
        "100 Gram": "3.6 g"
      },
      {
        "Näringsvärde": "Protein",
        "100 Gram": "3.4 g"
      },
      {
        "Näringsvärde": "Salt",
        "100 Gram": "0.08 g"
      },
      {
        "Näringsvärde": "Kalcium",
        "100 Gram": "119 mg",
        "% av DRI(*)": "15"
      }
    ],
    "nutritionUnitText": "Näringsvärde per 100 gram",
    "categories": {
      "mainCategory": "Mejeri & Ost",
      "subCategories": [
        {
          "name": "Yoghurt",
          "subSubCategories": [
            "Naturell yoghurt"
          ]
        }
      ]
    }
  },
  {
    "name": "A-fil Naturell 3% 1000g ICA",
    "weightText": "1 kg",
    "caPart": "",
    "weightValue": 1,
    "weightUnit": "kg",
    "comparePrice": "16,95 kr/kg",
    "currentPrice": 16.95,
    "attributes": [
      "Från Sverige",
      "Ursprungsland Sverige"
    ],
    "imgUrl": "https://handlaprivatkund.ica.se/images-v3/bf7a00ca-390e-4769-865f-dc369586872e/d8425388-7fbe-4a5f-85b5-d7e271dfa608/500x500.jpg",
    "productInformation": "ICA A-fil har lite syrlig smak och krämig konsistens. Den är god att äta som den är eller med flingor, bär och hackade nötter. Vi gör vår A-fil på mjölk från svenska gårdar.",
    "countryText": "Sverige",
    "companyText": "ICA",
    "ingrediensText": "Högpastöriserad mjölk, filmjölkskultur, kultur av Lactobacillus acidophilus, vitamin D.",
    "storage": "Lägsta förvaringstemperatur 2°C Högsta förvaringstemperatur 8°C",
    "allergens": "Innehåller Mjölk",
    "usage": "",
    "nutrition": [
      {
        "Näringsvärde": "Energi (kcal)",
        "100 Gram": "60 kcal"
      },
      {
        "Näringsvärde": "Energi (kJ)",
        "100 Gram": "260 kJ"
      },
      {
        "Näringsvärde": "Fett",
        "100 Gram": "3 g"
      },
      {
        "Näringsvärde": "Varav mättat fett",
        "100 Gram": "2 g"
      },
      {
        "Näringsvärde": "Kolhydrat",
        "100 Gram": "4 g"
      },
      {
        "Näringsvärde": "Varav sockerarter",
        "100 Gram": "4 g"
      },
      {
        "Näringsvärde": "Protein",
        "100 Gram": "3.6 g"
      },
      {
        "Näringsvärde": "Salt",
        "100 Gram": "0.1 g"
      },
      {
        "Näringsvärde": "Vitamin D",
        "100 Gram": "1 µg"
      },
      {
        "Näringsvärde": "Kalcium",
        "100 Gram": "120 mg"
      }
    ],
    "nutritionUnitText": "Näringsvärde per 100 gram",
    "categories": {
      "mainCategory": "Mejeri & Ost",
      "subCategories": [
        {
          "name": "Filmjölk",
          "subSubCategories": [
            "Filmjölk naturell"
          ]
        }
      ]
    }
  },
  {
    "name": "Yoghurt Mild Naturlig fetthalt 3,8-4,5% Ekologisk 1000g Arla Ko®",
    "weightText": "1 kg",
    "caPart": "",
    "weightValue": 1,
    "weightUnit": "kg",
    "comparePrice": "21,95 kr/kg",
    "currentPrice": 21.95,
    "attributes": [
      "EU Ekologiskt",
      "Ursprungsland Sverige",
      "Ekologiskt",
      "KRAV"
    ],
    "imgUrl": "https://handlaprivatkund.ica.se/images-v3/bf7a00ca-390e-4769-865f-dc369586872e/5a15115f-c98c-45d9-b77b-d0261f7fca1e/500x500.jpg",
    "productInformation": "Arla mild ekologisk yoghurt med naturlig fetthalt finns för dig som vill ha en yoghurt som är extra krämig och god. Varumärket Arla Ko garanterar att produkten är gjord på 100 procent svensk mjölk. Arla mild ekologisk yoghurt är KRAV-märkt. Samma goda yoghurt – nu i ny smart förpackning som är lätt att förvara, hälla, tömma och återvinna.",
    "countryText": "Sverige",
    "companyText": "Arla Ko",
    "ingrediensText": "Ingredienser: Högpastöriserad MJÖLK*, mild yoghurtkultur. *KRAV-ekologisk ingrediens.",
    "storage": "",
    "allergens": "",
    "usage": "",
    "nutrition": [
      {
        "Näringsvärde": "Energi (kcal)",
        "100 Gram": "65 kcal"
      },
      {
        "Näringsvärde": "Energi (kJ)",
        "100 Gram": "280 kJ"
      },
      {
        "Näringsvärde": "Fett",
        "100 Gram": "4 g"
      },
      {
        "Näringsvärde": "Varav mättat fett",
        "100 Gram": "2.6 g"
      },
      {
        "Näringsvärde": "Kolhydrat",
        "100 Gram": "3.8 g"
      },
      {
        "Näringsvärde": "Varav sockerarter",
        "100 Gram": "3.8 g"
      },
      {
        "Näringsvärde": "Protein",
        "100 Gram": "3.4 g"
      },
      {
        "Näringsvärde": "Salt",
        "100 Gram": "0.1 g"
      },
      {
        "Näringsvärde": "Kalcium",
        "100 Gram": "120 mg",
        "% av DRI(*)": "15"
      }
    ],
    "nutritionUnitText": "Näringsvärde per 100 gram",
    "categories": {
      "mainCategory": "Mejeri & Ost",
      "subCategories": [
        {
          "name": "Yoghurt",
          "subSubCategories": [
            "Naturell yoghurt"
          ]
        }
      ]
    }
  },
  {
    "name": "Yoghurt Mild Naturell 3% 1500g Arla Ko®",
    "weightText": "1.5 kg",
    "caPart": "",
    "weightValue": 1.5,
    "weightUnit": "kg",
    "comparePrice": "18,63 kr/kg",
    "currentPrice": 27.95,
    "attributes": [
      "Ursprungsland Sverige"
    ],
    "imgUrl": "https://handlaprivatkund.ica.se/images-v3/bf7a00ca-390e-4769-865f-dc369586872e/8f7ccf04-3485-4e55-82ce-06c8815d20be/500x500.jpg",
    "productInformation": "Mild naturell yoghurt, gjord på svensk mjölk från Arlagårdar. Konsistensen är tjock och krämig. Produkten är syrad med utvalda bakteriekulturer som ger lite rundare smak. Mild naturell yoghurt från Arla smakar lika gott till frukost som efter träning och är extra god ihop med nötter, honung och färska bär. Med sin krämiga konsistens och tydliga syra är den också fin att använda till kebabsås, brödbak och yoghurtdrinkar. Varumärket Arla Ko® garanterar att produkten är gjord på 100 % svensk mjölk.",
    "countryText": "Sverige",
    "companyText": "Arla Ko",
    "ingrediensText": "Högpastöriserad MJÖLK, mild yoghurtkultur, vitamin D.",
    "storage": "",
    "allergens": "",
    "usage": "",
    "nutrition": [
      {
        "Näringsvärde": "Energi (kcal)",
        "100 Gram": "58 kcal"
      },
      {
        "Näringsvärde": "Energi (kJ)",
        "100 Gram": "245 kJ"
      },
      {
        "Näringsvärde": "Fett",
        "100 Gram": "3 g"
      },
      {
        "Näringsvärde": "Varav mättat fett",
        "100 Gram": "1.9 g"
      },
      {
        "Näringsvärde": "Kolhydrat",
        "100 Gram": "3.7 g"
      },
      {
        "Näringsvärde": "Varav sockerarter",
        "100 Gram": "3.7 g"
      },
      {
        "Näringsvärde": "Protein",
        "100 Gram": "3.5 g"
      },
      {
        "Näringsvärde": "Salt",
        "100 Gram": "0.09 g"
      },
      {
        "Näringsvärde": "Vitamin D",
        "100 Gram": "1 µg",
        "% av DRI(*)": "20"
      },
      {
        "Näringsvärde": "Kalcium",
        "100 Gram": "122 mg",
        "% av DRI(*)": "15"
      }
    ],
    "nutritionUnitText": "Näringsvärde per 100 gram",
    "categories": {
      "mainCategory": "Mejeri & Ost",
      "subCategories": [
        {
          "name": "Yoghurt",
          "subSubCategories": [
            "Naturell yoghurt"
          ]
        }
      ]
    }
  },
  {
    "name": "Vitost hel bit 20% 150g Apetina",
    "weightText": "0.15 kg",
    "caPart": "",
    "weightValue": 0.15,
    "weightUnit": "kg",
    "comparePrice": "159,67 kr/kg",
    "currentPrice": 23.95,
    "attributes": [],
    "imgUrl": "https://handlaprivatkund.ica.se/images-v3/bf7a00ca-390e-4769-865f-dc369586872e/57828e4b-24b1-4e8e-8b14-efb83fe511c8/500x500.jpg",
    "productInformation": "Apetina® vitost i hel bit har en behaglig syrlighet med tydlig sälta som ger maträtten en extra smakdimension. Passar både som salladsost och som matlagningsost. Osten har en fast konsistens med ett trevligt tuggmotstånd och den behåller sin form i varm mat. Smula ner, riv eller bryt osten i bitar och sätt guldkant på gratängen eller pastarätten.",
    "countryText": "",
    "companyText": "Apetina",
    "ingrediensText": "Pastöriserad MJÖLK, salt, syrningskultur, ystenzym, surhetsreglerande medel (kalciumklorid).",
    "storage": "",
    "allergens": "",
    "usage": "",
    "nutrition": [
      {
        "Näringsvärde": "Energi (kcal)",
        "100 Gram": "260 kcal"
      },
      {
        "Näringsvärde": "Energi (kJ)",
        "100 Gram": "1081 kJ"
      },
      {
        "Näringsvärde": "Fett",
        "100 Gram": "20 g"
      },
      {
        "Näringsvärde": "Varav mättat fett",
        "100 Gram": "13 g"
      },
      {
        "Näringsvärde": "Kolhydrat",
        "100 Gram": "0.6 g"
      },
      {
        "Näringsvärde": "Varav sockerarter",
        "100 Gram": "0.6 g"
      },
      {
        "Näringsvärde": "Protein",
        "100 Gram": "18 g"
      },
      {
        "Näringsvärde": "Salt",
        "100 Gram": "2.5 g"
      },
      {
        "Näringsvärde": "Kalcium",
        "100 Gram": "519 mg",
        "% av DRI(*)": "65"
      }
    ],
    "nutritionUnitText": "Näringsvärde per 100 gram",
    "categories": {
      "mainCategory": "Mejeri & Ost",
      "subCategories": [
        {
          "name": "Ost",
          "subSubCategories": [
            "Matlagningsost",
            "Fetaost"
          ]
        }
      ]
    }
  },
  {
    "name": "Vispgrädde 36% 5dl Skånemejerier",
    "weightText": "0.5 l",
    "caPart": "",
    "weightValue": 0.5,
    "weightUnit": "l",
    "comparePrice": "67,90 kr/l",
    "currentPrice": 33.95,
    "attributes": [],
    "imgUrl": "https://handlaprivatkund.ica.se/images-v3/bf7a00ca-390e-4769-865f-dc369586872e/cc69d992-fc5e-4c3d-a7d2-d9b945076860/500x500.jpg",
    "productInformation": "Skånemejeriers Vispgrädde 36 % är lika perfekt till matlagningen som till desserter. Den är vispbar och har en något lägre fetthalt än traditionell vispgrädde. Praktisk skruvkorksförpackning som ger lite längre hållbarhet. Gjord på mjölk från gårdar i södra Sverige med de högsta kraven på djuromsorg.",
    "countryText": "",
    "companyText": "Skånemejerier",
    "ingrediensText": "Högpastöriserad GRÄDDE, stabiliseringsmedel (karragenan).",
    "storage": "",
    "allergens": "",
    "usage": "",
    "nutrition": [
      {
        "Näringsvärde": "Energi (kcal)",
        "100 Gram": "340 kcal"
      },
      {
        "Näringsvärde": "Energi (kJ)",
        "100 Gram": "1440 kJ"
      },
      {
        "Näringsvärde": "Fett",
        "100 Gram": "36 g"
      },
      {
        "Näringsvärde": "Varav mättat fett",
        "100 Gram": "23 g"
      },
      {
        "Näringsvärde": "Kolhydrat",
        "100 Gram": "3.2 g"
      },
      {
        "Näringsvärde": "Varav sockerarter",
        "100 Gram": "3.2 g"
      },
      {
        "Näringsvärde": "Protein",
        "100 Gram": "2.3 g"
      },
      {
        "Näringsvärde": "Salt",
        "100 Gram": "0.1 g"
      },
      {
        "Näringsvärde": "Vitamin A",
        "100 Gram": "330 µg",
        "% av DRI(*)": "41"
      },
      {
        "Näringsvärde": "Vitamin B12",
        "100 Gram": "0.4 µg",
        "% av DRI(*)": "16"
      }
    ],
    "nutritionUnitText": "Näringsvärde per 100 gram",
    "categories": {
      "mainCategory": "Mejeri & Ost",
      "subCategories": [
        {
          "name": "Grädde",
          "subSubCategories": [
            "Vispgrädde"
          ]
        }
      ]
    }
  },
  {
    "name": "Havregrädde iMat 13% 1l Oatly",
    "weightText": "1 l",
    "caPart": "",
    "weightValue": 1,
    "weightUnit": "l",
    "comparePrice": "30,95 kr/l",
    "currentPrice": 30.95,
    "attributes": [],
    "imgUrl": "https://handlaprivatkund.ica.se/images-v3/bf7a00ca-390e-4769-865f-dc369586872e/44133ded-d2d6-4bb6-94c7-0491ee315e50/500x500.jpg",
    "productInformation": "iMat, används precis som vanlig matlagningsgrädde. Kan användas både varm och kall.",
    "countryText": "",
    "companyText": "Oatly",
    "ingrediensText": "INGREDIENSER: Vatten/vann, rapsolja, HAVRE 10%, emulgeringsmedel (E472e), stabiliseringsmedel (E415), joderat salt.",
    "storage": "Produkten är en kylvara, förvaras vid max +8 grader. Öppnad förpackning hållbar minst 5 dagar.",
    "allergens": "Innehåller Spannmål som innehåller gluten",
    "usage": "",
    "nutrition": [
      {
        "Näringsvärde": "Energi (kcal)",
        "100 Milliliter": "150 kcal"
      },
      {
        "Näringsvärde": "Energi (kJ)",
        "100 Milliliter": "600 kJ"
      },
      {
        "Näringsvärde": "Fett",
        "100 Milliliter": "13 g"
      },
      {
        "Näringsvärde": "Varav mättat fett",
        "100 Milliliter": "1.6 g"
      },
      {
        "Näringsvärde": "Kolhydrat",
        "100 Milliliter": "5.8 g"
      },
      {
        "Näringsvärde": "Varav sockerarter",
        "100 Milliliter": "3.6 g"
      },
      {
        "Näringsvärde": "Fiber",
        "100 Milliliter": "0.8 g"
      },
      {
        "Näringsvärde": "Protein",
        "100 Milliliter": "0.9 g"
      },
      {
        "Näringsvärde": "Salt",
        "100 Milliliter": "0.11 g"
      }
    ],
    "nutritionUnitText": "Näringsvärde per 100 milliliter",
    "categories": {
      "mainCategory": "Mejeri & Ost",
      "subCategories": [
        {
          "name": "Grädde",
          "subSubCategories": [
            "Mjölkfri grädde"
          ]
        }
      ]
    }
  },
  {
    "name": "Färskost Naturell 300g Philadelphia",
    "weightText": "0.3 kg",
    "caPart": "",
    "weightValue": 0.3,
    "weightUnit": "kg",
    "comparePrice": "113,17 kr/kg",
    "currentPrice": 33.95,
    "attributes": [],
    "imgUrl": "https://handlaprivatkund.ica.se/images-v3/bf7a00ca-390e-4769-865f-dc369586872e/f3db83d3-2303-4043-9084-9d3352468b95/500x500.jpg",
    "productInformation": "Philadelphia Original med den älskade och karaktäristiska krämigheten och fräschheten. Den är smakrik, glutenfri och vegetarisk och framför allt älskad! Perfekt till smörgåsen, bakverk och i matlagning. Nu som Family Pack 300g.",
    "countryText": "",
    "companyText": "Philadelphia",
    "ingrediensText": "Ingredienser: MJÖLK/MÆLK/MELK, GRÄDDE/FLØDE/FLØTE, vassle-/valle-/myseprodukt (MJÖLK), salt, stabiliseringsmedel/stabilisator (guarkärnmjöl/guargummi), syra (citronsyra), bakteriekultur.",
    "storage": "",
    "allergens": "",
    "usage": "",
    "nutrition": [
      {
        "Näringsvärde": "Energi (kcal)",
        "100 Gram": "226 kcal"
      },
      {
        "Näringsvärde": "Energi (kJ)",
        "100 Gram": "933 kJ"
      },
      {
        "Näringsvärde": "Fett",
        "100 Gram": "21 g"
      },
      {
        "Näringsvärde": "Varav mättat fett",
        "100 Gram": "14 g"
      },
      {
        "Näringsvärde": "Kolhydrat",
        "100 Gram": "4.3 g"
      },
      {
        "Näringsvärde": "Varav sockerarter",
        "100 Gram": "4.3 g"
      },
      {
        "Näringsvärde": "Fiber",
        "100 Gram": "0.2 g"
      },
      {
        "Näringsvärde": "Protein",
        "100 Gram": "5.4 g"
      },
      {
        "Näringsvärde": "Salt",
        "100 Gram": "0.75 g"
      }
    ],
    "nutritionUnitText": "Näringsvärde per 100 gram",
    "categories": {
      "mainCategory": "Mejeri & Ost",
      "subCategories": [
        {
          "name": "Ost",
          "subSubCategories": [
            "Färskost & cream cheese"
          ]
        }
      ]
    }
  },
  {
    "name": "Standardmjölkdryck 3% Laktosfri 1,5l ICA",
    "weightText": "1.5 l",
    "caPart": "",
    "weightValue": 1.5,
    "weightUnit": "l",
    "comparePrice": "15,67 kr/l",
    "currentPrice": 23.5,
    "attributes": [
      "Från Sverige",
      "Ursprungsland Sverige",
      "Laktosfritt"
    ],
    "imgUrl": "https://handlaprivatkund.ica.se/images-v3/bf7a00ca-390e-4769-865f-dc369586872e/65af6650-b354-40ba-ad61-30a481d0cab8/500x500.jpg",
    "productInformation": "ICA standardmjölkdryck Laktosfri passar dig som är laktosintolerant och är, precis som vanlig mjölk, god till nybakade bullar eller i morgonkaffet. Den är gjord på mjölk från svenska gårdar.",
    "countryText": "Sverige",
    "companyText": "ICA",
    "ingrediensText": "Högpastöriserad mjölk*, laktasenzym, vitamin D.",
    "storage": "",
    "allergens": "",
    "usage": "",
    "nutrition": [
      {
        "Näringsvärde": "Energi (kcal)",
        "100 Gram": "55 kcal"
      },
      {
        "Näringsvärde": "Energi (kJ)",
        "100 Gram": "210 kJ"
      },
      {
        "Näringsvärde": "Fett",
        "100 Gram": "3 g"
      },
      {
        "Näringsvärde": "Varav mättat fett",
        "100 Gram": "1.9 g"
      },
      {
        "Näringsvärde": "Kolhydrat",
        "100 Gram": "3 g"
      },
      {
        "Näringsvärde": "Varav sockerarter",
        "100 Gram": "3 g"
      },
      {
        "Näringsvärde": "Protein",
        "100 Gram": "3.4 g"
      },
      {
        "Näringsvärde": "Salt",
        "100 Gram": "0.1 g"
      },
      {
        "Näringsvärde": "Vitamin B12",
        "100 Gram": "0.5 µg"
      },
      {
        "Näringsvärde": "Vitamin D",
        "100 Gram": "1 µg"
      },
      {
        "Näringsvärde": "Riboflavin",
        "100 Gram": "0.14 mg"
      },
      {
        "Näringsvärde": "Kalcium",
        "100 Gram": "120 mg"
      }
    ],
    "nutritionUnitText": "Näringsvärde per 100 gram",
    "categories": {
      "mainCategory": "Mejeri & Ost",
      "subCategories": [
        {
          "name": "Mjölk",
          "subSubCategories": [
            "Standardmjölk",
            "Standardmjölk, laktosfri"
          ]
        }
      ]
    }
  },
  {
    "name": "Pizzaost Riven 26% 150g ICA",
    "weightText": "0.15 kg",
    "caPart": "",
    "weightValue": 0.15,
    "weightUnit": "kg",
    "comparePrice": "163,33 kr/kg",
    "currentPrice": 24.5,
    "attributes": [],
    "imgUrl": "https://handlaprivatkund.ica.se/images-v3/bf7a00ca-390e-4769-865f-dc369586872e/73bc6382-4c25-4bdd-83f1-dcaea7c70c67/500x500.jpg",
    "productInformation": "ICA Pizzaost Riven ger lagom med smak och precis den där trådigheten som gör pizzan oemotståndlig. Strö på osten direkt efter tomatsåsen och innan du lägger på de andra ingredienserna.",
    "countryText": "",
    "companyText": "ICA",
    "ingrediensText": "Pastöriserad MJÖLK*, majsstärkelse, salt, syrningskultur, mjölkkoagulerande enzym (mikrobiellt). *Ursprung EU.",
    "storage": "",
    "allergens": "",
    "usage": "",
    "nutrition": [
      {
        "Näringsvärde": "Energi (kcal)",
        "100 Gram": "340 kcal"
      },
      {
        "Näringsvärde": "Energi (kJ)",
        "100 Gram": "1400 kJ"
      },
      {
        "Näringsvärde": "Fett",
        "100 Gram": "25 g"
      },
      {
        "Näringsvärde": "Varav mättat fett",
        "100 Gram": "17 g"
      },
      {
        "Näringsvärde": "Kolhydrat",
        "100 Gram": "2 g"
      },
      {
        "Näringsvärde": "Varav sockerarter",
        "100 Gram": "0.5 g"
      },
      {
        "Näringsvärde": "Protein",
        "100 Gram": "26 g"
      },
      {
        "Näringsvärde": "Salt",
        "100 Gram": "1.6 g"
      }
    ],
    "nutritionUnitText": "Näringsvärde per 100 gram",
    "categories": {
      "mainCategory": "Mejeri & Ost",
      "subCategories": [
        {
          "name": "Ost",
          "subSubCategories": [
            "Matlagningsost",
            "Riven ost"
          ]
        }
      ]
    }
  },
  {
    "name": "Havredryck Barista 1l ICA",
    "weightText": "1 l",
    "caPart": "",
    "weightValue": 1,
    "weightUnit": "l",
    "comparePrice": "17,50 kr/l",
    "currentPrice": 17.5,
    "attributes": [
      "Från Sverige",
      "Laktosfritt"
    ],
    "imgUrl": "https://handlaprivatkund.ica.se/images-v3/bf7a00ca-390e-4769-865f-dc369586872e/93e97752-da29-4e5a-9ffc-8db7e6709218/500x500.jpg",
    "productInformation": "Vår Havredryck Barista är skapad för att förgylla dina kaffestunder med en krämig och len konsistens. Vår Barista är det perfekta valet för att ge ditt kaffe en mjuk och god smak, utan kompromisser. Den går även utmärkt att skumma eller dricka precis som den är. Tillverkad i Sverige på svensk havre.",
    "countryText": "",
    "companyText": "ICA",
    "ingrediensText": "INGREDIENSER Havrebas (vatten, HAVRE* 10%), rapsolja*, surhetsreglerande medel (E340), kalciumkarbonat, salt, vitaminD, riboflavin, vitamin B12.*Ursprung Sverige.",
    "storage": "",
    "allergens": "",
    "usage": "",
    "nutrition": [
      {
        "Näringsvärde": "Energi (kcal)",
        "100 Milliliter": "62 kcal"
      },
      {
        "Näringsvärde": "Energi (kJ)",
        "100 Milliliter": "259 kJ"
      },
      {
        "Näringsvärde": "Fett",
        "100 Milliliter": "3 g"
      },
      {
        "Näringsvärde": "Varav mättat fett",
        "100 Milliliter": "0.3 g"
      },
      {
        "Näringsvärde": "Kolhydrat",
        "100 Milliliter": "7.5 g"
      },
      {
        "Näringsvärde": "Varav sockerarter",
        "100 Milliliter": "4 g"
      },
      {
        "Näringsvärde": "Fiber",
        "100 Milliliter": "0.5 g"
      },
      {
        "Näringsvärde": "Protein",
        "100 Milliliter": "0.8 g"
      },
      {
        "Näringsvärde": "Salt",
        "100 Milliliter": "0.1 g"
      },
      {
        "Näringsvärde": "Vitamin B12",
        "100 Milliliter": "0.38 µg"
      },
      {
        "Näringsvärde": "Vitamin D",
        "100 Milliliter": "1.1 g"
      },
      {
        "Näringsvärde": "Riboflavin",
        "100 Milliliter": "0.21 mg"
      },
      {
        "Näringsvärde": "Kalcium",
        "100 Milliliter": "120 mg"
      }
    ],
    "nutritionUnitText": "Näringsvärde per 100 milliliter",
    "categories": {
      "mainCategory": "Mejeri & Ost",
      "subCategories": [
        {
          "name": "Mjölk",
          "subSubCategories": [
            "Mjölkfri dryck",
            "Havredryck"
          ]
        }
      ]
    }
  },
  {
    "name": "Mellanmjölkdryck Laktosfri 1,5% 1l Arla Ko®",
    "weightText": "1 l",
    "caPart": "",
    "weightValue": 1,
    "weightUnit": "l",
    "comparePrice": "20,50 kr/l",
    "currentPrice": 20.5,
    "attributes": [
      "Ursprungsland Sverige",
      "Mjölk från Sverige",
      "Laktosfritt"
    ],
    "imgUrl": "https://handlaprivatkund.ica.se/images-v3/bf7a00ca-390e-4769-865f-dc369586872e/4cd3fe1a-769f-495a-9d91-d60f3c3cfa7a/500x500.jpg",
    "productInformation": "Laktosfri mellanmjölkdryck gjord på svensk mjölk från Arlagårdar. Mellanmjölkdrycken är framtagen för vuxna och barn med laktosintolerans och är därför fri från laktos. Den har en fyllig mjölksmak och är ett populärt val till frukostgröt, müsli och flingor men även som dryck till maten eller efter träning. Arla Ko® laktosfri mellanmjölkdryck är en naturlig källa till bland annat protein, kalcium och vitamin B12. Protein bidrar till muskeluppbyggnad och kalcium behövs för att bibehålla en normal benstomme. Varumärket Arla Ko® garanterar att produkten är gjord på 100 procent svensk mjölk. \n \n Högpastöriserad.",
    "countryText": "Sverige",
    "companyText": "Arla Ko",
    "ingrediensText": "MJÖLK, laktasenzym, vitamin D.",
    "storage": "Lägsta förvaringstemperatur 2°C Högsta förvaringstemperatur 8°C",
    "allergens": "",
    "usage": "",
    "nutrition": [
      {
        "Näringsvärde": "Energi (kcal)",
        "100 Gram": "37 kcal"
      },
      {
        "Näringsvärde": "Energi (kJ)",
        "100 Gram": "154 kJ"
      },
      {
        "Näringsvärde": "Fett",
        "100 Gram": "1.5 g"
      },
      {
        "Näringsvärde": "Varav mättat fett",
        "100 Gram": "1 g"
      },
      {
        "Näringsvärde": "Kolhydrat",
        "100 Gram": "2.4 g"
      },
      {
        "Näringsvärde": "Varav sockerarter",
        "100 Gram": "2.4 g"
      },
      {
        "Näringsvärde": "Protein",
        "100 Gram": "3.4 g"
      },
      {
        "Näringsvärde": "Salt",
        "100 Gram": "0.08 g"
      },
      {
        "Näringsvärde": "Vitamin B12",
        "100 Gram": "0.4 µg",
        "% av DRI(*)": "16"
      },
      {
        "Näringsvärde": "Vitamin D",
        "100 Gram": "1 µg",
        "% av DRI(*)": "20"
      },
      {
        "Näringsvärde": "Riboflavin",
        "100 Gram": "0.13 mg",
        "% av DRI(*)": "9"
      },
      {
        "Näringsvärde": "Kalcium",
        "100 Gram": "112 mg",
        "% av DRI(*)": "14"
      }
    ],
    "nutritionUnitText": "Näringsvärde per 100 gram",
    "categories": {
      "mainCategory": "Mejeri & Ost",
      "subCategories": [
        {
          "name": "Mjölk",
          "subSubCategories": [
            "Mellanmjölk",
            "Mellanmjölk, laktosfri"
          ]
        }
      ]
    }
  },
  {
    "name": "Färsk vispgrädde 40% 3dl Arla Ko®",
    "weightText": "0.3 l",
    "caPart": "",
    "weightValue": 0.3,
    "weightUnit": "l",
    "comparePrice": "86,50 kr/l",
    "currentPrice": 25.95,
    "attributes": [
      "Ursprungsland Sverige"
    ],
    "imgUrl": "https://handlaprivatkund.ica.se/images-v3/bf7a00ca-390e-4769-865f-dc369586872e/3c23da9b-75d9-40e7-8db3-5459c61e6490/500x500.jpg",
    "productInformation": "Färsk vispgrädde gjord på svensk mjölk från Arlagårdar. Arla Ko® Färsk vispgrädde 40% har en tydlig, genuin gräddsmak och mjuk fyllig konsistens. Vispgrädde förstärker och samtidigt rundar av smaken vilket förhöjer matupplevelsen. Även en liten mängd grädde i mat gör skillnad! Färsk vispgrädde är vår finaste vispgrädde och smakar ljuvligt till allt från desserter och färska jordgubbar till bakverk som exempelvis kladdkaka och bästa vispgrädden till tårta. Vispa grädden när den är kylskåpskall för att få den perfekt fluffig. Varumärket Arla Ko® garanterar att produkten är gjord på 100 procent svensk mjölk.",
    "countryText": "Sverige",
    "companyText": "Arla Ko",
    "ingrediensText": "Pastöriserad GRÄDDE.",
    "storage": "",
    "allergens": "",
    "usage": "",
    "nutrition": [
      {
        "Näringsvärde": "Energi (kcal)",
        "100 Gram": "375 kcal"
      },
      {
        "Näringsvärde": "Energi (kJ)",
        "100 Gram": "1565 kJ"
      },
      {
        "Näringsvärde": "Fett",
        "100 Gram": "40 g"
      },
      {
        "Näringsvärde": "Varav mättat fett",
        "100 Gram": "26 g"
      },
      {
        "Näringsvärde": "Kolhydrat",
        "100 Gram": "2.9 g"
      },
      {
        "Näringsvärde": "Varav sockerarter",
        "100 Gram": "2.9 g"
      },
      {
        "Näringsvärde": "Protein",
        "100 Gram": "2.2 g"
      },
      {
        "Näringsvärde": "Salt",
        "100 Gram": "0.05 g"
      },
      {
        "Näringsvärde": "Vitamin A",
        "100 Gram": "344 µg",
        "% av DRI(*)": "43"
      },
      {
        "Näringsvärde": "Vitamin K",
        "100 Gram": "13 µg",
        "% av DRI(*)": "17"
      }
    ],
    "nutritionUnitText": "Näringsvärde per 100 gram",
    "categories": {
      "mainCategory": "Mejeri & Ost",
      "subCategories": [
        {
          "name": "Grädde",
          "subSubCategories": [
            "Vispgrädde"
          ]
        }
      ]
    }
  },
  {
    "name": "Kvarg Vaniljsmak 0,2% 150g Lindahls",
    "weightText": "0.15 kg",
    "caPart": "",
    "weightValue": 0.15,
    "weightUnit": "kg",
    "comparePrice": "73,00 kr/kg",
    "currentPrice": 10.95,
    "attributes": [
      "Ursprungsland Sverige"
    ],
    "imgUrl": "https://handlaprivatkund.ica.se/images-v3/bf7a00ca-390e-4769-865f-dc369586872e/ffa5a7bd-2a7c-4cef-be9d-d56ad93a5427/500x500.jpg",
    "productInformation": "Kvarg med smak av Vanilj i portionsförpackning på 150g. Lindahls kvarg har ett högt proteininnehåll 15 gram protein per bägare och inget tillsatt socker. Tillverkad i Skåne med svensk mjölk.",
    "countryText": "Sverige",
    "companyText": "Lindahls",
    "ingrediensText": "Pastöriserad MJÖLK/pasteurisert MELK, mjölksyrakultur/melkesyrekultur, ystenzym/mikrobiell løpe, förtjockningsmedel (modifierad majsstärkelse), naturlig vaniljarom, syra (citronsyra), sötningsmedel/søtstoffer (acesulfam K, aspartam) färgämne/farvestoff (betakaroten). Innehåller en källa av fenylalanin./Inneholder en fenylalaninkilde.",
    "storage": "",
    "allergens": "",
    "usage": "",
    "nutrition": [
      {
        "Näringsvärde": "Energi (kcal)",
        "100 Gram": "60 kcal"
      },
      {
        "Näringsvärde": "Energi (kJ)",
        "100 Gram": "240 kJ"
      },
      {
        "Näringsvärde": "Fett",
        "100 Gram": "0.2 g"
      },
      {
        "Näringsvärde": "Varav mättat fett",
        "100 Gram": "0 g"
      },
      {
        "Näringsvärde": "Kolhydrat",
        "100 Gram": "3.5 g"
      },
      {
        "Näringsvärde": "Varav sockerarter",
        "100 Gram": "3.2 g"
      },
      {
        "Näringsvärde": "Protein",
        "100 Gram": "10 g"
      },
      {
        "Näringsvärde": "Salt",
        "100 Gram": "0.1 g"
      }
    ],
    "nutritionUnitText": "Näringsvärde per 100 gram",
    "categories": {
      "mainCategory": "Mejeri & Ost",
      "subCategories": [
        {
          "name": "Kvarg",
          "subSubCategories": [
            "Kvarg portionsförpackning"
          ]
        }
      ]
    }
  },
  {
    "name": "Goudaost skivad 28% 400g ICA Basic",
    "weightText": "0.4 kg",
    "caPart": "",
    "weightValue": 0.4,
    "weightUnit": "kg",
    "comparePrice": "127,38 kr/kg",
    "currentPrice": 50.95,
    "attributes": [],
    "imgUrl": "https://handlaprivatkund.ica.se/images-v3/bf7a00ca-390e-4769-865f-dc369586872e/bd83b99c-2677-4a48-b29e-5342f3ea0c0f/500x500.jpg",
    "productInformation": "Halvhård ost med mild smak tillverkad av komjölk. Passar till frukost eller ingrediens i t ex en ost- och skinksallad. Praktiskt med färdiga skivor.",
    "countryText": "",
    "companyText": "ICA Basic",
    "ingrediensText": "Pastöriserad MJÖLK*, salt, mjölksyrakultur, mjölkkoagulerande enzym (mikrobiellt). *Ursprung EU.",
    "storage": "",
    "allergens": "",
    "usage": "",
    "nutrition": [
      {
        "Näringsvärde": "Energi (kcal)",
        "100 Gram": "340 kcal"
      },
      {
        "Näringsvärde": "Energi (kJ)",
        "100 Gram": "1450 kJ"
      },
      {
        "Näringsvärde": "Fett",
        "100 Gram": "28 g"
      },
      {
        "Näringsvärde": "Varav mättat fett",
        "100 Gram": "19 g"
      },
      {
        "Näringsvärde": "Kolhydrat",
        "100 Gram": "0.5 g"
      },
      {
        "Näringsvärde": "Varav sockerarter",
        "100 Gram": "0.5 g"
      },
      {
        "Näringsvärde": "Protein",
        "100 Gram": "23 g"
      },
      {
        "Näringsvärde": "Salt",
        "100 Gram": "2 g"
      }
    ],
    "nutritionUnitText": "Näringsvärde per 100 gram",
    "categories": {
      "mainCategory": "Mejeri & Ost",
      "subCategories": [
        {
          "name": "Ost",
          "subSubCategories": [
            "Påläggsost",
            "Skivad ost"
          ]
        }
      ]
    }
  },
  {
    "name": "Lätt Crème Fraiche Naturell Laktosfri 13% 5dl ICA",
    "weightText": "0.5 l",
    "caPart": "",
    "weightValue": 0.5,
    "weightUnit": "l",
    "comparePrice": "71,00 kr/l",
    "currentPrice": 35.5,
    "attributes": [
      "Ursprungsland Sverige",
      "Mjölk från Sverige",
      "Laktosfritt"
    ],
    "imgUrl": "https://handlaprivatkund.ica.se/images-v3/bf7a00ca-390e-4769-865f-dc369586872e/a478b15a-fa35-47de-b403-2dd4e8a17810/500x500.jpg",
    "productInformation": "ICA laktosfri lätt crème fraîche är gjord på mjölk från svenska gårdar och passar för både varma och kalla rätter. Trots sin lite lägre fetthalt passar den utmärkt att låta koka.",
    "countryText": "Sverige",
    "companyText": "ICA",
    "ingrediensText": "Högpastöriserad GRÄDDE, modifierad majsstärkelse, stabiliseringsmedel (E410, E440), laktasenzym, syrningskultur.",
    "storage": "Lägsta förvaringstemperatur 2°C Högsta förvaringstemperatur 8°C",
    "allergens": "",
    "usage": "",
    "nutrition": [
      {
        "Näringsvärde": "Energi (kcal)",
        "100 Gram": "150 kcal"
      },
      {
        "Näringsvärde": "Energi (kJ)",
        "100 Gram": "600 kJ"
      },
      {
        "Näringsvärde": "Fett",
        "100 Gram": "13 g"
      },
      {
        "Näringsvärde": "Varav mättat fett",
        "100 Gram": "8.3 g"
      },
      {
        "Näringsvärde": "Kolhydrat",
        "100 Gram": "3.9 g"
      },
      {
        "Näringsvärde": "Varav sockerarter",
        "100 Gram": "3.2 g"
      },
      {
        "Näringsvärde": "Protein",
        "100 Gram": "3.1 g"
      },
      {
        "Näringsvärde": "Salt",
        "100 Gram": "0.1 g"
      }
    ],
    "nutritionUnitText": "Näringsvärde per 100 gram",
    "categories": {
      "mainCategory": "Mejeri & Ost",
      "subCategories": [
        {
          "name": "Crème fraiche",
          "subSubCategories": [
            "Laktosfri crème fraiche"
          ]
        }
      ]
    }
  },
  {
    "name": "Kvarg Hallonsmak 0,2% 150g Lindahls",
    "weightText": "0.15 kg",
    "caPart": "",
    "weightValue": 0.15,
    "weightUnit": "kg",
    "comparePrice": "73,00 kr/kg",
    "currentPrice": 10.95,
    "attributes": [],
    "imgUrl": "https://handlaprivatkund.ica.se/images-v3/bf7a00ca-390e-4769-865f-dc369586872e/adee18d1-151e-4001-8a59-4ad8e9a86151/500x500.jpg",
    "productInformation": "Information från leverantör \n Lindahls kvarg är en mild och krämig kvarg med ljuvlig smak av hallon. Lindahls kvarg har ett högt proteininnehåll, låg fetthalt och innehåller inget tillsatt socker. Perfekt att njuta som den är eller toppa med nötter, frukt eller färska bär. Ät den efter träningen, som mellanmål eller bara när du vill ha något gott och nyttigt! Lindahls kvarg är tillverkad i Sverige med svensk mjölk.",
    "countryText": "",
    "companyText": "Lindahls",
    "ingrediensText": "KVARG MED HALLONSMAK/BRINGEBÆRSMAK Innehåller sötningsmedel/Inneholder søtstoff. Ingredienser: Pastöriserad MJÖLK/pasteurisert MELK, mjölksyrakultur/melkesyrekultur, ystenzym/mikrobiell løpe, naturlig arom/naturlig smakstilsetning, syra (citronsyra), förtjockningsmedel (modifierad majsstärkelse), färgämne/ farvestoff (svartmorotjuice/gulrotjuice), sötningsmedel/søtstoffer (Acesulfam K, aspartam). Innehåller en källa av fenylalanin./Inneholder en fenylalaninkilde.",
    "storage": "",
    "allergens": "",
    "usage": "",
    "nutrition": [
      {
        "Näringsvärde": "Energi (kcal)",
        "100 Gram": "60 kcal"
      },
      {
        "Näringsvärde": "Energi (kJ)",
        "100 Gram": "240 kJ"
      },
      {
        "Näringsvärde": "Fett",
        "100 Gram": "0.2 g"
      },
      {
        "Näringsvärde": "Varav mättat fett",
        "100 Gram": "0 g"
      },
      {
        "Näringsvärde": "Kolhydrat",
        "100 Gram": "3.5 g"
      },
      {
        "Näringsvärde": "Varav sockerarter",
        "100 Gram": "3.2 g"
      },
      {
        "Näringsvärde": "Protein",
        "100 Gram": "10 g"
      },
      {
        "Näringsvärde": "Salt",
        "100 Gram": "0.1 g"
      }
    ],
    "nutritionUnitText": "Näringsvärde per 100 gram",
    "categories": {
      "mainCategory": "Mejeri & Ost",
      "subCategories": [
        {
          "name": "Kvarg",
          "subSubCategories": [
            "Kvarg portionsförpackning"
          ]
        }
      ]
    }
  },
  {
    "name": "Lättmjölk Lång Hållbarhet 0,5% 1l ICA",
    "weightText": "1 l",
    "caPart": "",
    "weightValue": 1,
    "weightUnit": "l",
    "comparePrice": "13,50 kr/l",
    "currentPrice": 13.5,
    "attributes": [
      "Nyckelhålet",
      "Ursprungsland Sverige",
      "Mjölk från Sverige"
    ],
    "imgUrl": "https://handlaprivatkund.ica.se/images-v3/bf7a00ca-390e-4769-865f-dc369586872e/f0b4b37a-43d5-4acb-9fe8-7c703a01104a/500x500.jpg",
    "productInformation": "ICA Lättmjölk ESL har fler hållbarhetsdagar, eftersom den värmts upp till en högre temperatur jämfört med traditionell lågpastörisering. Det innebär att mjölken håller längre och får en fylligare och gräddigare smak. Dessutom är den berikad med D-vitamin, utan några andra tillsatser, och kommer direkt från svenska gårdar.",
    "countryText": "Sverige",
    "companyText": "ICA",
    "ingrediensText": "Högpastöriserad MJÖLK*, vitamin D. *Ursprung Sverige.",
    "storage": "",
    "allergens": "Innehåller Mjölk",
    "usage": "",
    "nutrition": [
      {
        "Näringsvärde": "Energi (kcal)",
        "100 Milliliter": "38 kcal"
      },
      {
        "Näringsvärde": "Energi (kJ)",
        "100 Milliliter": "160 kJ"
      },
      {
        "Näringsvärde": "Fett",
        "100 Milliliter": "0.5 g"
      },
      {
        "Näringsvärde": "Varav mättat fett",
        "100 Milliliter": "0.3 g"
      },
      {
        "Näringsvärde": "Kolhydrat",
        "100 Milliliter": "4.7 g"
      },
      {
        "Näringsvärde": "Varav sockerarter",
        "100 Milliliter": "4.7 g"
      },
      {
        "Näringsvärde": "Protein",
        "100 Milliliter": "3.6 g"
      },
      {
        "Näringsvärde": "Salt",
        "100 Milliliter": "0.09 g"
      },
      {
        "Näringsvärde": "Vitamin B12",
        "100 Milliliter": "0.4 µg",
        "% av DRI(*)": "10"
      },
      {
        "Näringsvärde": "Vitamin D",
        "100 Milliliter": "1 µg",
        "% av DRI(*)": "20"
      },
      {
        "Näringsvärde": "Riboflavin",
        "100 Milliliter": "0.14 mg",
        "% av DRI(*)": "10"
      },
      {
        "Näringsvärde": "Pantotensyra",
        "100 Milliliter": "0.5 mg",
        "% av DRI(*)": "8"
      },
      {
        "Näringsvärde": "Kalium",
        "100 Milliliter": "160 mg",
        "% av DRI(*)": "8"
      },
      {
        "Näringsvärde": "Klorid",
        "100 Milliliter": "92 mg",
        "% av DRI(*)": "12"
      },
      {
        "Näringsvärde": "Kalcium",
        "100 Milliliter": "124 mg",
        "% av DRI(*)": "16"
      },
      {
        "Näringsvärde": "Fosfor",
        "100 Milliliter": "139 mg",
        "% av DRI(*)": "20"
      },
      {
        "Näringsvärde": "Molybden",
        "100 Milliliter": "3.8 µg",
        "% av DRI(*)": "8"
      },
      {
        "Näringsvärde": "Jod",
        "100 Milliliter": "22 µg",
        "% av DRI(*)": "15"
      }
    ],
    "nutritionUnitText": "Näringsvärde per 100 milliliter",
    "categories": {
      "mainCategory": "Mejeri & Ost",
      "subCategories": [
        {
          "name": "Mjölk",
          "subSubCategories": [
            "Lättmjölk",
            "Lättmjölk, laktos"
          ]
        }
      ]
    }
  },
  {
    "name": "Fruktdryck Mango 1l Proviva",
    "weightText": "1 l",
    "caPart": "",
    "weightValue": 1,
    "weightUnit": "l",
    "comparePrice": "34,50 kr/l",
    "currentPrice": 34.5,
    "attributes": [],
    "imgUrl": "https://handlaprivatkund.ica.se/images-v3/bf7a00ca-390e-4769-865f-dc369586872e/0fdbc56c-edd5-4486-aa74-324a697373a4/500x500.jpg",
    "productInformation": "ProViva Mango är gjord på saftig mild mango från nationalparken Gir i Indien. Precis som alla ProViva innehåller den miljarder goda mjölksyrabakterier och är dessutom rik på vitamin C, som bidrar till immunförsvarets normala funktion. Ett glas ProViva fruktdryck per dag ger ett intag av mer än 1 miljarder Lactobacillus plantarum 299v. Starta dagen med ett glas av vår härligt lena mangodryck som smakar som pressat solsken och ta hand om dig själv inifrån och ut.ProViva - mer än en juice.",
    "countryText": "",
    "companyText": "Proviva",
    "ingrediensText": "Ingredienser Vatten, juice från koncentrat (druva, passionsfrukt), puré (mango 7,5 %, banan), socker, HAVREmjöl 0,5 %, syra (mjölksyra), vitamin C, kultur: Lactobacillus plantarum 299v.",
    "storage": "Lägsta förvaringstemperatur 2°C Högsta förvaringstemperatur 8°C",
    "allergens": "Innehåller Spannmål som innehåller gluten",
    "usage": "",
    "nutrition": [
      {
        "Näringsvärde": "Energi (kcal)",
        "100 Gram": "42 kcal"
      },
      {
        "Näringsvärde": "Energi (kJ)",
        "100 Gram": "180 kJ"
      },
      {
        "Näringsvärde": "Fett",
        "100 Gram": "0.1 g"
      },
      {
        "Näringsvärde": "Varav mättat fett",
        "100 Gram": "0 g"
      },
      {
        "Näringsvärde": "Kolhydrat",
        "100 Gram": "9.8 g"
      },
      {
        "Näringsvärde": "Varav sockerarter",
        "100 Gram": "9.4 g"
      },
      {
        "Näringsvärde": "Fiber",
        "100 Gram": "0.5 g"
      },
      {
        "Näringsvärde": "Protein",
        "100 Gram": "0.2 g"
      },
      {
        "Näringsvärde": "Salt",
        "100 Gram": "0.03 g"
      },
      {
        "Näringsvärde": "Vitamin C",
        "100 Gram": "35 mg",
        "% av DRI(*)": "44"
      }
    ],
    "nutritionUnitText": "Näringsvärde per 100 gram",
    "categories": {
      "mainCategory": "Mejeri & Ost",
      "subCategories": [
        {
          "name": "Juice & Fruktdryck",
          "subSubCategories": [
            "Fruktdryck"
          ]
        }
      ]
    }
  },
  {
    "name": "Crème fraiche Lätt Paprika & chili 11% 2dl ICA",
    "weightText": "0.2 l",
    "caPart": "",
    "weightValue": 0.2,
    "weightUnit": "l",
    "comparePrice": "82,50 kr/l",
    "currentPrice": 16.5,
    "attributes": [
      "Från Sverige",
      "Ursprungsland Sverige"
    ],
    "imgUrl": "https://handlaprivatkund.ica.se/images-v3/bf7a00ca-390e-4769-865f-dc369586872e/10275b1d-3495-46bf-bdfe-30ae771f7cc9/500x500.jpg",
    "productInformation": "En god och krämig crème fraiche smaksatt med paprika och chili, gjord på svensk mjölk. Perfekt som smaksättare i soppan eller grytan med ett nybakat bröd till. Fungerar även utmärkt att använda som sås till kyckling, kött eller fisk.",
    "countryText": "Sverige",
    "companyText": "ICA",
    "ingrediensText": "Ingredienser: Crème fraiche (högpastöriserad GRÄDDE*, stabiliseringsmedel (modifierad majsstärkelse, E412), syrningskultur), kryddblandning (paprika, tomatpuré, salt, socker, majsstärkelse, citronjuicekoncentrat, torkad lök, vit balsamvinäger (vitvinsvinäger, druvjuicekoncentrat, antioxidationsmedel (kaliumdisulfit)), vitlök, chilipulver, aromer). Innehåller 7,4% paprika och 0,05% chilipulver. *Ursprung: Sverige.",
    "storage": "",
    "allergens": "",
    "usage": "",
    "nutrition": [
      {
        "Näringsvärde": "Energi (kcal)",
        "100 Gram": "140 kcal"
      },
      {
        "Näringsvärde": "Energi (kJ)",
        "100 Gram": "580 kJ"
      },
      {
        "Näringsvärde": "Fett",
        "100 Gram": "11 g"
      },
      {
        "Näringsvärde": "Varav mättat fett",
        "100 Gram": "7.1 g"
      },
      {
        "Näringsvärde": "Kolhydrat",
        "100 Gram": "5.5 g"
      },
      {
        "Näringsvärde": "Varav sockerarter",
        "100 Gram": "4.4 g"
      },
      {
        "Näringsvärde": "Protein",
        "100 Gram": "2.6 g"
      },
      {
        "Näringsvärde": "Salt",
        "100 Gram": "1.3 g"
      }
    ],
    "nutritionUnitText": "Näringsvärde per 100 gram",
    "categories": {
      "mainCategory": "Mejeri & Ost",
      "subCategories": [
        {
          "name": "Crème fraiche",
          "subSubCategories": [
            "Crème fraiche smaksatt"
          ]
        }
      ]
    }
  },
  {
    "name": "Yoghurt Mild Vanilj 2% 1500g Arla Ko®",
    "weightText": "1.5 kg",
    "caPart": "",
    "weightValue": 1.5,
    "weightUnit": "kg",
    "comparePrice": "24,33 kr/kg",
    "currentPrice": 36.5,
    "attributes": [
      "Ursprungsland Sverige"
    ],
    "imgUrl": "https://handlaprivatkund.ica.se/images-v3/bf7a00ca-390e-4769-865f-dc369586872e/61c8f26b-dc1f-4a27-a83f-2c0462ab8184/500x500.jpg",
    "productInformation": "En god yoghurt med mild vaniljsmak och krämigt len konsistens. Gjord på svensk mjölk från Arlagårdar. Arla Ko® Mild yoghurt vaniljsmak är ett bra val för hela familjen, till frukost och mellanmål. God i all sin enkelhet men ät den gärna med exempelvis granola, müsli och frukt. Testa också vaniljyoghurt när du ska göra smoothies. Varumärket Arla Ko garanterar att produkten är gjord på 100 procent svensk mjölk.",
    "countryText": "Sverige",
    "companyText": "Arla Ko",
    "ingrediensText": "Högpastöriserad MJÖLK, socker 5%, MJÖLKPROTEIN, naturlig arom, vaniljextrakt, mild yoghurtkultur, vitamin D.",
    "storage": "",
    "allergens": "",
    "usage": "",
    "nutrition": [
      {
        "Näringsvärde": "Energi (kcal)",
        "100 Gram": "70 kcal"
      },
      {
        "Näringsvärde": "Energi (kJ)",
        "100 Gram": "297 kJ"
      },
      {
        "Näringsvärde": "Fett",
        "100 Gram": "2 g"
      },
      {
        "Näringsvärde": "Varav mättat fett",
        "100 Gram": "1.3 g"
      },
      {
        "Näringsvärde": "Kolhydrat",
        "100 Gram": "8.5 g"
      },
      {
        "Näringsvärde": "Varav sockerarter",
        "100 Gram": "8.5 g"
      },
      {
        "Näringsvärde": "Protein",
        "100 Gram": "3.9 g"
      },
      {
        "Näringsvärde": "Salt",
        "100 Gram": "0.08 g"
      },
      {
        "Näringsvärde": "Vitamin D",
        "100 Gram": "1 µg",
        "% av DRI(*)": "20"
      },
      {
        "Näringsvärde": "Kalcium",
        "100 Gram": "119 mg",
        "% av DRI(*)": "15"
      }
    ],
    "nutritionUnitText": "Näringsvärde per 100 gram",
    "categories": {
      "mainCategory": "Mejeri & Ost",
      "subCategories": [
        {
          "name": "Yoghurt",
          "subSubCategories": [
            "Smaksatt yoghurt"
          ]
        }
      ]
    }
  },
  {
    "name": "Minifraiche 5% 2dl Arla Köket®",
    "weightText": "0.2 l",
    "caPart": "",
    "weightValue": 0.2,
    "weightUnit": "l",
    "comparePrice": "67,50 kr/l",
    "currentPrice": 13.5,
    "attributes": [
      "Nyckelhålet",
      "Ursprungsland Sverige"
    ],
    "imgUrl": "https://handlaprivatkund.ica.se/images-v3/bf7a00ca-390e-4769-865f-dc369586872e/18821d84-9a79-44ea-b209-60c948f00d88/500x500.jpg",
    "productInformation": "Arla Köket® Minifraiche 5% är en syrad grädde med extra låg fetthalt. Perfekt för dig som vill minimera fettet, men ändå njuta av god mat. Krämig konsistens med en frisk och syrlig smak. Minifraiche är mycket användbar i t.ex. grytor, soppor och såser men även i kalla såser och röror. Förhöjer smaken och ger fräschör samtidigt som konsistensen blir krämig utan redning. Kokbar. Tillverkas genom syrning av grädde från svenska Arlagårdar. Symbolen med den blågula gräddkannan garanterar 100 procent svensk grädde",
    "countryText": "Sverige",
    "companyText": "Arla Köket",
    "ingrediensText": "Pastöriserad MJÖLK och GRÄDDE, MJÖLKPROTEIN, modifierad majsstärkelse, stabiliseringsmedel (fruktkärnmjöl, pektin), syrningskultur.",
    "storage": "",
    "allergens": "Innehåller Mjölk",
    "usage": "",
    "nutrition": [
      {
        "Näringsvärde": "Energi (kcal)",
        "100 Gram": "80 kcal"
      },
      {
        "Näringsvärde": "Energi (kJ)",
        "100 Gram": "340 kJ"
      },
      {
        "Näringsvärde": "Fett",
        "100 Gram": "5 g"
      },
      {
        "Näringsvärde": "Varav mättat fett",
        "100 Gram": "3.2 g"
      },
      {
        "Näringsvärde": "Kolhydrat",
        "100 Gram": "4.5 g"
      },
      {
        "Näringsvärde": "Varav sockerarter",
        "100 Gram": "3.7 g"
      },
      {
        "Näringsvärde": "Protein",
        "100 Gram": "3.9 g"
      },
      {
        "Näringsvärde": "Salt",
        "100 Gram": "0.1 g"
      }
    ],
    "nutritionUnitText": "Näringsvärde per 100 gram",
    "categories": {
      "mainCategory": "Mejeri & Ost",
      "subCategories": [
        {
          "name": "Crème fraiche",
          "subSubCategories": [
            "Crème fraiche naturell"
          ]
        }
      ]
    }
  },
  {
    "name": "Gratängost Riven 150g ICA",
    "weightText": "0.15 kg",
    "caPart": "",
    "weightValue": 0.15,
    "weightUnit": "kg",
    "comparePrice": "163,33 kr/kg",
    "currentPrice": 24.5,
    "attributes": [],
    "imgUrl": "https://handlaprivatkund.ica.se/images-v3/bf7a00ca-390e-4769-865f-dc369586872e/f2a19f5c-d710-4b0f-99a7-bc4891441142/500x500.jpg",
    "productInformation": "ICA Gratängost Riven ger en mild och krämig konsistens när den smälter vilket gör att den passar ypperligt till gratänger, pajer och pizza. Den är också toppen att ha hemma för den som snabbt vill kunna slänga ihop en toast – bara att strössla på, klämma ihop och steka under press i pannan.",
    "countryText": "",
    "companyText": "ICA",
    "ingrediensText": "Pastöriserad MJÖLK*, majsstärkelse, salt, syrningskultur, mjölkkoagulerande enzym (mikrobiellt). *Ursprung EU.",
    "storage": "Kylvara. Förvaras i högst +8°C.",
    "allergens": "",
    "usage": "",
    "nutrition": [
      {
        "Näringsvärde": "Energi (kcal)",
        "100 Gram": "340 kcal"
      },
      {
        "Näringsvärde": "Energi (kJ)",
        "100 Gram": "1450 kJ"
      },
      {
        "Näringsvärde": "Fett",
        "100 Gram": "27 g"
      },
      {
        "Näringsvärde": "Varav mättat fett",
        "100 Gram": "19 g"
      },
      {
        "Näringsvärde": "Kolhydrat",
        "100 Gram": "1.9 g"
      },
      {
        "Näringsvärde": "Varav sockerarter",
        "100 Gram": "0 g"
      },
      {
        "Näringsvärde": "Protein",
        "100 Gram": "23 g"
      },
      {
        "Näringsvärde": "Salt",
        "100 Gram": "1.8 g"
      }
    ],
    "nutritionUnitText": "Näringsvärde per 100 gram",
    "categories": {
      "mainCategory": "Mejeri & Ost",
      "subCategories": [
        {
          "name": "Ost",
          "subSubCategories": [
            "Matlagningsost",
            "Riven ost"
          ]
        }
      ]
    }
  },
  {
    "name": "Vispgrädde Färsk 40% 5dl ICA",
    "weightText": "0.5 l",
    "caPart": "",
    "weightValue": 0.5,
    "weightUnit": "l",
    "comparePrice": "71,00 kr/l",
    "currentPrice": 35.5,
    "attributes": [
      "Ursprungsland Sverige",
      "Mjölk från Sverige"
    ],
    "imgUrl": "https://handlaprivatkund.ica.se/images-v3/bf7a00ca-390e-4769-865f-dc369586872e/06677955-ca29-4079-a2a8-c5f347dd794f/500x500.jpg",
    "productInformation": "En färsk grädde tillverkad i Sverige på svensk mjölk. Baka en kladdkaka och avnjut med vår vispade grädde. Smaksätt grädden med vaniljsocker, sylt eller kakao - gott på tårtan! Funkar såklart lika bra i din matlagning.",
    "countryText": "Sverige",
    "companyText": "ICA",
    "ingrediensText": "Högpastöriserad VISPGRÄDDE. Ursprung: Sverige.",
    "storage": "",
    "allergens": "",
    "usage": "",
    "nutrition": [
      {
        "Näringsvärde": "Energi (kcal)",
        "100 Milliliter": "370 kcal"
      },
      {
        "Näringsvärde": "Energi (kJ)",
        "100 Milliliter": "1550 kJ"
      },
      {
        "Näringsvärde": "Fett",
        "100 Milliliter": "40 g"
      },
      {
        "Näringsvärde": "Varav mättat fett",
        "100 Milliliter": "26 g"
      },
      {
        "Näringsvärde": "Kolhydrat",
        "100 Milliliter": "3 g"
      },
      {
        "Näringsvärde": "Varav sockerarter",
        "100 Milliliter": "3 g"
      },
      {
        "Näringsvärde": "Protein",
        "100 Milliliter": "2.1 g"
      },
      {
        "Näringsvärde": "Salt",
        "100 Milliliter": "0.1 g"
      },
      {
        "Näringsvärde": "Vitamin A",
        "100 Milliliter": "370 µg",
        "% av DRI(*)": "46"
      },
      {
        "Näringsvärde": "Vitamin K",
        "100 Milliliter": "12 µg",
        "% av DRI(*)": "16"
      }
    ],
    "nutritionUnitText": "Näringsvärde per 100 milliliter",
    "categories": {
      "mainCategory": "Mejeri & Ost",
      "subCategories": [
        {
          "name": "Grädde",
          "subSubCategories": [
            "Vispgrädde"
          ]
        }
      ]
    }
  },
  {
    "name": "Yoghurt Naturell Laktosfri 2,5% 1l Valio",
    "weightText": "1 kg",
    "caPart": "",
    "weightValue": 1,
    "weightUnit": "kg",
    "comparePrice": "22,95 kr/kg",
    "currentPrice": 22.95,
    "attributes": [],
    "imgUrl": "https://handlaprivatkund.ica.se/images-v3/bf7a00ca-390e-4769-865f-dc369586872e/6fded23b-4212-436d-b363-4ede88830678/500x500.jpg",
    "productInformation": "Valio har allt för små och stora mjölkmagar! Våra laktosfria produkter är garanterat 100% fria från laktos och sortimentet utökas ständigt med nya och goda produkter för hela familjen. Med 30 % mindre tillsatt socker än i vanliga smaksatta yoghurtar. Njut av den krämiga lättyoghurten utan laktos. Passar både som mellanmål och frukost.",
    "countryText": "",
    "companyText": "Valio",
    "ingrediensText": "Högpastöriserad MJÖLK, laktasenzym, yoghurtkultur, Lactobacillus acidophilus, Bifidobacterium sp. och vitamin D.",
    "storage": "Förvaras vid högst +8°C. Öppnad förpackning är hållbar 4-5 dagar i kylskåp.",
    "allergens": "",
    "usage": "Omskakas före användning.",
    "nutrition": [
      {
        "Näringsvärde": "Energi (kcal)",
        "100 Gram": "58 kcal"
      },
      {
        "Näringsvärde": "Energi (kJ)",
        "100 Gram": "254 kJ"
      },
      {
        "Näringsvärde": "Fett",
        "100 Gram": "2.5 g"
      },
      {
        "Näringsvärde": "Varav mättat fett",
        "100 Gram": "1.5 g"
      },
      {
        "Näringsvärde": "Kolhydrat",
        "100 Gram": "4 g"
      },
      {
        "Näringsvärde": "Varav sockerarter",
        "100 Gram": "4 g"
      },
      {
        "Näringsvärde": "Protein",
        "100 Gram": "4.2 g"
      },
      {
        "Näringsvärde": "Salt",
        "100 Gram": "0.11 g"
      },
      {
        "Näringsvärde": "Vitamin D",
        "100 Gram": "1 µg",
        "% av DRI(*)": "20"
      },
      {
        "Näringsvärde": "Kalcium",
        "100 Gram": "140 mg",
        "% av DRI(*)": "18"
      }
    ],
    "nutritionUnitText": "Näringsvärde per 100 gram",
    "categories": {
      "mainCategory": "Mejeri & Ost",
      "subCategories": [
        {
          "name": "Yoghurt",
          "subSubCategories": [
            "Laktosfri yoghurt"
          ]
        }
      ]
    }
  },
  {
    "name": "Smör & Raps Normalsaltat 75% 250g Bregott®",
    "weightText": "0.25 kg",
    "caPart": "",
    "weightValue": 0.25,
    "weightUnit": "kg",
    "comparePrice": "139,80 kr/kg",
    "currentPrice": 34.95,
    "attributes": [
      "Ursprungsland Sverige"
    ],
    "imgUrl": "https://handlaprivatkund.ica.se/images-v3/bf7a00ca-390e-4769-865f-dc369586872e/d95fc5bf-22b0-4f53-86c3-730b5d5509b8/500x500.jpg",
    "productInformation": "Bregott® Normalsaltat är en favorit på svenska smörgåsar alltsedan 1969. Kärnat till smör av svensk grädde blandat med rapsolja och en nypa salt – naturligt gott. Grädden finns med för den goda smakens skull och rapsoljan gör det lättare att bre på brödet. Bregott® Normalsaltat gör sig allra bäst på smörgåsen men passar också att steka i och baka med. Symbolen med den blågula gräddkannan garanterar att produkten är gjord på 100 procent svensk grädde.",
    "countryText": "Sverige",
    "companyText": "Bregott",
    "ingrediensText": "SMÖR (pastöriserad GRÄDDE, mjölksyrakultur), rapsolja, vatten, salt, vitamin A och D.",
    "storage": "Bör förvaras vid högst +8ºC. Lägsta förvaringstemperatur 2°C Högsta förvaringstemperatur 8°C",
    "allergens": "Innehåller Mjölk",
    "usage": "",
    "nutrition": [
      {
        "Näringsvärde": "Energi (kcal)",
        "100 Gram": "678 kcal"
      },
      {
        "Näringsvärde": "Energi (kJ)",
        "100 Gram": "2789 kJ"
      },
      {
        "Näringsvärde": "Fett",
        "100 Gram": "75 g"
      },
      {
        "Näringsvärde": "Varav fleromättat fett",
        "100 Gram": "8.7 g"
      },
      {
        "Näringsvärde": "Varav mättat fett",
        "100 Gram": "33 g"
      },
      {
        "Näringsvärde": "Varav enkelomättat fett",
        "100 Gram": "28 g"
      },
      {
        "Näringsvärde": "Kolhydrat",
        "100 Gram": "0.4 g"
      },
      {
        "Näringsvärde": "Varav sockerarter",
        "100 Gram": "0.4 g"
      },
      {
        "Näringsvärde": "Protein",
        "100 Gram": "0.4 g"
      },
      {
        "Näringsvärde": "Salt",
        "100 Gram": "1.2 g"
      },
      {
        "Näringsvärde": "Vitamin A",
        "100 Gram": "900 µg",
        "% av DRI(*)": "113"
      },
      {
        "Näringsvärde": "Vitamin D",
        "100 Gram": "20 µg",
        "% av DRI(*)": "400"
      }
    ],
    "nutritionUnitText": "Näringsvärde per 100 gram",
    "categories": {
      "mainCategory": "Mejeri & Ost",
      "subCategories": [
        {
          "name": "Smör & Margarin",
          "subSubCategories": [
            "Bordsask smör"
          ]
        }
      ]
    }
  },
  {
    "name": "Chokladpudding 5% 190g Grand Dessert",
    "weightText": "0.19 kg",
    "caPart": "",
    "weightValue": 0.19,
    "weightUnit": "kg",
    "comparePrice": "52,37 kr/kg",
    "currentPrice": 9.95,
    "attributes": [],
    "imgUrl": "https://handlaprivatkund.ica.se/images-v3/bf7a00ca-390e-4769-865f-dc369586872e/393792ce-32a6-4a76-8599-e2bf1075c9d8/500x500.jpg",
    "productInformation": "",
    "countryText": "",
    "companyText": "Grand Dessert",
    "ingrediensText": "Ingredienser: pastöriserad SKUMMJÖLK/pasteurisert SKUMMETMELK, GRÄDDE/FLØTE 20%, vassle (MJÖLK)/myse (MELK), glukos-fruktossirap, socker/sukker, modifierad stärkelse/modifisert stivelse, choklad/ sjokolade 1,0%(socker/sukker, kakaopulver, kakaosmör/kakaosmør), fettreducerad kakaopulver 1,0%, gelatin (nötkött/biff), förtjockningsmedel/fortykningsmiddel (E 407, E 412), emulgeringsmedel/emulgator (E 472b), arom/aroma.",
    "storage": "Tillverkningsland: Tyskland. Förvaring: max +8 °C/Oppbevaring: maks +8°C. Bäst före/Best før: se locket. Lägsta förvaringstemperatur 2°C Högsta förvaringstemperatur 8°C",
    "allergens": "",
    "usage": "",
    "nutrition": [
      {
        "Näringsvärde": "Energi (kcal)",
        "100 Gram": "123 kcal"
      },
      {
        "Näringsvärde": "Energi (kJ)",
        "100 Gram": "516 kJ"
      },
      {
        "Näringsvärde": "Fett",
        "100 Gram": "4.9 g"
      },
      {
        "Näringsvärde": "Varav mättat fett",
        "100 Gram": "3.2 g"
      },
      {
        "Näringsvärde": "Kolhydrat",
        "100 Gram": "17 g"
      },
      {
        "Näringsvärde": "Varav sockerarter",
        "100 Gram": "14 g"
      },
      {
        "Näringsvärde": "Protein",
        "100 Gram": "2.7 g"
      },
      {
        "Näringsvärde": "Salt",
        "100 Gram": "0.1 g"
      }
    ],
    "nutritionUnitText": "Näringsvärde per 100 gram",
    "categories": {
      "mainCategory": "Mejeri & Ost",
      "subCategories": [
        {
          "name": "Kylda mellanmål & desserter",
          "subSubCategories": [
            "Kylda desserter",
            "Kylda desserter, laktos"
          ]
        }
      ]
    }
  },
  {
    "name": "Kefir Naturell Laktosfri 2,5% 1000g Arla Cultura®",
    "weightText": "1 kg",
    "caPart": "",
    "weightValue": 1,
    "weightUnit": "kg",
    "comparePrice": "22,50 kr/kg",
    "currentPrice": 22.5,
    "attributes": [
      "Ursprungsland Sverige",
      "Laktosfritt"
    ],
    "imgUrl": "https://handlaprivatkund.ica.se/images-v3/bf7a00ca-390e-4769-865f-dc369586872e/8f335abf-31e3-45f9-84d3-a349657f4afb/500x500.jpg",
    "productInformation": "Arla Cultura® Kefir fermenteras med kulturer karakteristiska för kefir och innehåller 13 olika levande mjölksyrabakterier och jäst. Den är även en naturlig källa till kalcium som bidrar till matsmältningsenzymernas normala funktion. Det bästa du kan göra för din mage är att äta sunt och varierat samt ha en hälsosam livsstil. Toppa kefiren med färska bär, nötter eller njut som den är. Gjord på 100% svensk mjölk från Arlagårdar.",
    "countryText": "Sverige",
    "companyText": "Arla",
    "ingrediensText": "MJÖLK, syrningskultur, jäst, D-vitamin, laktasenzym. Mjölken är högpastöriserad.",
    "storage": "Lägsta förvaringstemperatur 4°C Högsta förvaringstemperatur 8°C",
    "allergens": "Innehåller Mjölk",
    "usage": "",
    "nutrition": [
      {
        "Näringsvärde": "Energi (kcal)",
        "100 Gram": "54 kcal"
      },
      {
        "Näringsvärde": "Energi (kJ)",
        "100 Gram": "228 kJ"
      },
      {
        "Näringsvärde": "Fett",
        "100 Gram": "2.5 g"
      },
      {
        "Näringsvärde": "Varav mättat fett",
        "100 Gram": "1.6 g"
      },
      {
        "Näringsvärde": "Kolhydrat",
        "100 Gram": "3.7 g"
      },
      {
        "Näringsvärde": "Varav sockerarter",
        "100 Gram": "3.7 g"
      },
      {
        "Näringsvärde": "Protein",
        "100 Gram": "3.5 g"
      },
      {
        "Näringsvärde": "Salt",
        "100 Gram": "0.09 g"
      },
      {
        "Näringsvärde": "Vitamin D",
        "100 Gram": "1 µg",
        "% av DRI(*)": "20"
      },
      {
        "Näringsvärde": "Kalcium",
        "100 Gram": "123 mg",
        "% av DRI(*)": "15"
      },
      {
        "Näringsvärde": "Fosfor",
        "100 Gram": "138 mg",
        "% av DRI(*)": "20"
      }
    ],
    "nutritionUnitText": "Näringsvärde per 100 gram",
    "categories": {
      "mainCategory": "Mejeri & Ost",
      "subCategories": [
        {
          "name": "Filmjölk",
          "subSubCategories": [
            "Laktosfri filmjölk"
          ]
        }
      ]
    }
  },
  {
    "name": "Matlagningsgrädde 15% 2,5dl Kelda®",
    "weightText": "0.25 l",
    "caPart": "",
    "weightValue": 0.25,
    "weightUnit": "l",
    "comparePrice": "63,80 kr/l",
    "currentPrice": 15.95,
    "attributes": [],
    "imgUrl": "https://handlaprivatkund.ica.se/images-v3/bf7a00ca-390e-4769-865f-dc369586872e/23d7f772-d1c8-4354-b71a-1bcf52fc6f2e/500x500.jpg",
    "productInformation": "Kelda® Matlagningsgrädde 15% är en kokbar grädde med lägre fetthalt och lång hållbarhet och därför perfekt att ha på lut i kylen till vardagsmatlagningen. Matlagningsgrädde har en mild, gräddig smak och passar utmärkt till lite kryddigare rätter. En matgrädde som du med fördel kan använda i såser, soppor och grytor. Kan behöva redas, speciellt om syrliga ingredienser ingår i din matlagning.",
    "countryText": "",
    "companyText": "Kelda",
    "ingrediensText": "GRÄDDE, stabiliseringsmedel (karragenan).",
    "storage": "Lägsta förvaringstemperatur 2°C Högsta förvaringstemperatur 8°C",
    "allergens": "Innehåller Mjölk",
    "usage": "",
    "nutrition": [
      {
        "Näringsvärde": "Energi (kcal)",
        "100 Gram": "163 kcal"
      },
      {
        "Näringsvärde": "Energi (kJ)",
        "100 Gram": "676 kJ"
      },
      {
        "Näringsvärde": "Fett",
        "100 Gram": "15 g"
      },
      {
        "Näringsvärde": "Varav mättat fett",
        "100 Gram": "9.6 g"
      },
      {
        "Näringsvärde": "Kolhydrat",
        "100 Gram": "4.2 g"
      },
      {
        "Näringsvärde": "Varav sockerarter",
        "100 Gram": "4.2 g"
      },
      {
        "Näringsvärde": "Protein",
        "100 Gram": "2.9 g"
      },
      {
        "Näringsvärde": "Salt",
        "100 Gram": "0.1 g"
      }
    ],
    "nutritionUnitText": "Näringsvärde per 100 gram",
    "categories": {
      "mainCategory": "Mejeri & Ost",
      "subCategories": [
        {
          "name": "Grädde",
          "subSubCategories": [
            "Matlagningsgrädde"
          ]
        }
      ]
    }
  },
  {
    "name": "Äppeljuice Koncentrat 2dl ICA",
    "weightText": "1 l",
    "caPart": "",
    "weightValue": 1,
    "weightUnit": "l",
    "comparePrice": "12,50 kr/l drickklar",
    "currentPrice": 12.5,
    "attributes": [],
    "imgUrl": "https://handlaprivatkund.ica.se/images-v3/bf7a00ca-390e-4769-865f-dc369586872e/1cd12628-c217-4a72-97b3-79816dffd788/500x500.jpg",
    "productInformation": "ICA Äppeljuice Koncentrat är ett bra sätt att spara plats i kylen och ändå få smakrik, frisk äppeljuice. Späd med 1 del juice och 4 delar iskallt vatten i en tillbringare – det blir 1 liter färdig juice.",
    "countryText": "",
    "companyText": "ICA",
    "ingrediensText": "INGREDIENSER: Koncentrerad äppeljuice.",
    "storage": "Lägsta förvaringstemperatur 4°C Högsta förvaringstemperatur 25°C",
    "allergens": "",
    "usage": "",
    "nutrition": [],
    "nutritionUnitText": "Näringsvärde per styck",
    "categories": {
      "mainCategory": "Mejeri & Ost",
      "subCategories": [
        {
          "name": "Juice & Fruktdryck",
          "subSubCategories": [
            "Måltidsdryck",
            "Måltidsdryck koncentrat"
          ]
        }
      ]
    }
  },
  {
    "name": "Juice Tropisk 2l Bravo",
    "weightText": "2 l",
    "caPart": "",
    "weightValue": 2,
    "weightUnit": "l",
    "comparePrice": "23,25 kr/l",
    "currentPrice": 46.5,
    "attributes": [],
    "imgUrl": "https://handlaprivatkund.ica.se/images-v3/bf7a00ca-390e-4769-865f-dc369586872e/75f98a8f-d313-44e9-ba5a-e338c7910f22/500x500.jpg",
    "productInformation": "Information från leverantör \n Njut av hela två liter tropisk juice med en frisk blandning av bl a ananas, passionsfrukt, banan, mango, papaya och kiwifrukt. Bravo är juice så som juice ska vara, 100 % naturlig, utan tillsatt socker eller andra tillsatser. Bravo är dessutom Sveriges största juice, vilket naturligtvis har med den goda smaken att göra.",
    "countryText": "",
    "companyText": "Bravo",
    "ingrediensText": "Juice av äpple 72 %, juice av tropiska frukter 28 % (apelsin, passionsfrukt, ananas, banan, mango, kiwi, papaya).",
    "storage": "Lägsta förvaringstemperatur 2°C Högsta förvaringstemperatur 8°C",
    "allergens": "",
    "usage": "",
    "nutrition": [
      {
        "Näringsvärde": "Energi (kcal)",
        "100 Gram": "47 kcal"
      },
      {
        "Näringsvärde": "Energi (kJ)",
        "100 Gram": "198 kJ"
      },
      {
        "Näringsvärde": "Fett",
        "100 Gram": "0 g"
      },
      {
        "Näringsvärde": "Varav mättat fett",
        "100 Gram": "0 g"
      },
      {
        "Näringsvärde": "Kolhydrat",
        "100 Gram": "11 g"
      },
      {
        "Näringsvärde": "Varav sockerarter",
        "100 Gram": "10 g"
      },
      {
        "Näringsvärde": "Fiber",
        "100 Gram": "0.2 g"
      },
      {
        "Näringsvärde": "Protein",
        "100 Gram": "0.3 g"
      },
      {
        "Näringsvärde": "Salt",
        "100 Gram": "0 g"
      }
    ],
    "nutritionUnitText": "Näringsvärde per 100 gram",
    "categories": {
      "mainCategory": "Mejeri & Ost",
      "subCategories": [
        {
          "name": "Juice & Fruktdryck",
          "subSubCategories": []
        }
      ]
    }
  },
  {
    "name": "Fruktdryck Blåbär 1l Proviva",
    "weightText": "1 l",
    "caPart": "",
    "weightValue": 1,
    "weightUnit": "l",
    "comparePrice": "34,50 kr/l",
    "currentPrice": 34.5,
    "attributes": [],
    "imgUrl": "https://handlaprivatkund.ica.se/images-v3/bf7a00ca-390e-4769-865f-dc369586872e/938c33c7-b22c-4e2f-9b55-00d575c2ce4a/500x500.jpg",
    "productInformation": "ProViva Blåbär är så god att den varit många trogna fans favorit sedan lanseringen 1994. Njut av blåbär från våra svenska skogar i denna fruktdryck med intensiv, bärig smak och fyllig konsistens. Precis som alla ProViva innehåller den miljarder goda mjölksyrabakterier och är dessutom rik på vitamin C, som bidrar till immunförsvarets normala funktion. Ett glas ProViva fruktdryck per dag ger ett intag av mer än 1 miljarder Lactobacillus plantarum 299v. ProViva Blåbär är en riktig klassiker som passar bra till frukost, mellanmål eller när du behöver en energikick. Köp en idag och upptäck varför den varit en favorit i snart trettio år! ProViva - mer än en juice.",
    "countryText": "",
    "companyText": "Proviva",
    "ingrediensText": "INGREDIENSER: Vatten, blåbär 9 % (bär, puré), socker, modifierad potatisstärkelse, HAVREmjöl 0,8 %, syra (citronsyra), vitamin C, kultur: Lactobacillus plantarum 299v.",
    "storage": "Lägsta förvaringstemperatur 2°C Högsta förvaringstemperatur 8°C",
    "allergens": "Innehåller Spannmål som innehåller gluten",
    "usage": "",
    "nutrition": [
      {
        "Näringsvärde": "Energi (kcal)",
        "100 Gram": "45 kcal"
      },
      {
        "Näringsvärde": "Energi (kJ)",
        "100 Gram": "194 kJ"
      },
      {
        "Näringsvärde": "Fett",
        "100 Gram": "0.1 g"
      },
      {
        "Näringsvärde": "Varav mättat fett",
        "100 Gram": "0 g"
      },
      {
        "Näringsvärde": "Kolhydrat",
        "100 Gram": "10.7 g"
      },
      {
        "Näringsvärde": "Varav sockerarter",
        "100 Gram": "8.7 g"
      },
      {
        "Näringsvärde": "Fiber",
        "100 Gram": "0.5 g"
      },
      {
        "Näringsvärde": "Protein",
        "100 Gram": "0.2 g"
      },
      {
        "Näringsvärde": "Salt",
        "100 Gram": "0.03 g"
      },
      {
        "Näringsvärde": "Vitamin C",
        "100 Gram": "35 mg",
        "% av DRI(*)": "44"
      }
    ],
    "nutritionUnitText": "Näringsvärde per 100 gram",
    "categories": {
      "mainCategory": "Mejeri & Ost",
      "subCategories": [
        {
          "name": "Juice & Fruktdryck",
          "subSubCategories": [
            "Fruktdryck"
          ]
        }
      ]
    }
  },
  {
    "name": "Mellanmål Zero Jordgubb 165g Risifrutti",
    "weightText": "0.165 kg",
    "caPart": "",
    "weightValue": 0.165,
    "weightUnit": "kg",
    "comparePrice": "75,76 kr/kg",
    "currentPrice": 12.5,
    "attributes": [],
    "imgUrl": "https://handlaprivatkund.ica.se/images-v3/bf7a00ca-390e-4769-865f-dc369586872e/95d9489c-3de3-4b24-bccb-a2ae163d3f27/500x500.jpg",
    "productInformation": "Risifrutti Zero Jordgubb är ett lite roligare mellanmål, utan tillsatt socker och med mindre kalorier. Precis som alla andra Risifrutti har även denna variant utan tillsatt socker en bas av krämig risgröt med smak av vanilj, mjölk och grädde. Den stora skillnaden är att den är sötad med steviolglykosider som framställs av den naturliga växten Stevia. Självklart finns det en god bärsås gjord på jordgubbar med!",
    "countryText": "",
    "companyText": "RisiFrutti",
    "ingrediensText": "MJÖLK, vatten, ris (8,5%), jordgubbar (4,4%), äpplejuice, GRÄDDE, fläderbärsjuice, förtjockningsmedel (pektin, karragenan, modifierad stärkelse), naturliga aromer (bl.a. vanillin), sötningsmedel (steviolglykosider), salt, syra (citronsyra).",
    "storage": "I kylskåp 2-8 °C",
    "allergens": "",
    "usage": "",
    "nutrition": [
      {
        "Näringsvärde": "Energi (kcal)",
        "100 Gram": "94 kcal"
      },
      {
        "Näringsvärde": "Energi (kJ)",
        "100 Gram": "394 kJ"
      },
      {
        "Näringsvärde": "Fett",
        "100 Gram": "3.3 g"
      },
      {
        "Näringsvärde": "Varav mättat fett",
        "100 Gram": "2.1 g"
      },
      {
        "Näringsvärde": "Kolhydrat",
        "100 Gram": "13 g"
      },
      {
        "Näringsvärde": "Varav sockerarter",
        "100 Gram": "5.6 g"
      },
      {
        "Näringsvärde": "Protein",
        "100 Gram": "3.2 g"
      },
      {
        "Näringsvärde": "Salt",
        "100 Gram": "0.17 g"
      }
    ],
    "nutritionUnitText": "Näringsvärde per 100 gram",
    "categories": {
      "mainCategory": "Mejeri & Ost",
      "subCategories": [
        {
          "name": "Kylda mellanmål & desserter",
          "subSubCategories": [
            "Kylda mellanmål",
            "Rismål, laktos"
          ]
        }
      ]
    }
  },
  {
    "name": "Texmex ost riven 29% 150g Arla Köket",
    "weightText": "0.15 kg",
    "caPart": "",
    "weightValue": 0.15,
    "weightUnit": "kg",
    "comparePrice": "199,67 kr/kg",
    "currentPrice": 29.95,
    "attributes": [
      "Ursprungsland Sverige"
    ],
    "imgUrl": "https://handlaprivatkund.ica.se/images-v3/bf7a00ca-390e-4769-865f-dc369586872e/93c19ed0-6949-4adf-882d-023c4b933459/500x500.jpg",
    "productInformation": "Arla Köket® riven ost Texmex lyfter smakerna i kryddiga rätter. Osten har lite mer karaktär och är en blandning av de svenska ostarna Herrgård® och Kvibille® Cheddar. Den färdigrivna osten passar utmärkt i allt från tacos till grytor och soppor, omelett och tortilla. Ett gott tips är att ha den rivna texmex-osten till heta kycklingtacos med klassiska tillbehör. Symbolen med den blågula mjölkkannan garanterar 100 procent svensk mjölk.",
    "countryText": "Sverige",
    "companyText": "Arla Köket",
    "ingrediensText": "Pastöriserad MJÖLK, klumpförebyggande medel (potatisstärkelse), salt, syrningskultur, ystenzym, kalciumklorid, konserveringsmedel (E251, E202).",
    "storage": "",
    "allergens": "",
    "usage": "",
    "nutrition": [
      {
        "Näringsvärde": "Energi (kcal)",
        "100 Gram": "370 kcal"
      },
      {
        "Näringsvärde": "Energi (kJ)",
        "100 Gram": "1535 kJ"
      },
      {
        "Näringsvärde": "Fett",
        "100 Gram": "29 g"
      },
      {
        "Näringsvärde": "Varav mättat fett",
        "100 Gram": "18 g"
      },
      {
        "Näringsvärde": "Kolhydrat",
        "100 Gram": "1.4 g"
      },
      {
        "Näringsvärde": "Varav sockerarter",
        "100 Gram": "0 g"
      },
      {
        "Näringsvärde": "Protein",
        "100 Gram": "25 g"
      },
      {
        "Näringsvärde": "Salt",
        "100 Gram": "1.4 g"
      },
      {
        "Näringsvärde": "Kalcium",
        "100 Gram": "751 mg",
        "% av DRI(*)": "94"
      }
    ],
    "nutritionUnitText": "Näringsvärde per 100 gram",
    "categories": {
      "mainCategory": "Mejeri & Ost",
      "subCategories": [
        {
          "name": "Ost",
          "subSubCategories": [
            "Matlagningsost",
            "Riven ost"
          ]
        }
      ]
    }
  },
  {
    "name": "Lättmargarin Omega3 38% 600g Becel",
    "weightText": "0.6 kg",
    "caPart": "",
    "weightValue": 0.6,
    "weightUnit": "kg",
    "comparePrice": "58,25 kr/kg",
    "currentPrice": 34.95,
    "attributes": [
      "Nyckelhålet",
      "Laktosfritt"
    ],
    "imgUrl": "https://handlaprivatkund.ica.se/images-v3/bf7a00ca-390e-4769-865f-dc369586872e/301ff08e-76c5-4399-ad63-2cd7404f2ce9/500x500.jpg",
    "productInformation": "Få en hälsoboost av Becel, med Omega 3 från växtriket. Becel är ett lätt smörgåsmargarin som är gjord på solros-, linfrö- och rapsolja och som har en hälsosam fettsammansättning med hög andel omättat fett. Mjölkfri, vegansk och nyckelhålsmärkt. Klimatsmart val.",
    "countryText": "",
    "companyText": "Becel",
    "ingrediensText": "Ingredienser: Vatten, växtoljor (raps, solros, linfrö), kokosolja, modifierad stärkelse, salt (1,0%), kaliumklorid, emulgeringsmedel (mono- och diglycerider av fettsyror, lecitin), konserveringsmedel (kaliumsorbat), surhetsreglerande medel (citronsyra), naturlig arom, vitaminer (A, B1, D).",
    "storage": "Förvaras kyld, förvarasmellan +2-+8°C. Lägsta förvaringstemperatur 2°C Högsta förvaringstemperatur 8°C",
    "allergens": "",
    "usage": "",
    "nutrition": [
      {
        "Näringsvärde": "Energi (kcal)",
        "100 Gram": "348 kcal"
      },
      {
        "Näringsvärde": "Energi (kJ)",
        "100 Gram": "1425 kJ"
      },
      {
        "Näringsvärde": "Fett",
        "100 Gram": "38 g"
      },
      {
        "Näringsvärde": "Varav fleromättat fett",
        "100 Gram": "12 g"
      },
      {
        "Näringsvärde": "Varav mättat fett",
        "100 Gram": "8.8 g"
      },
      {
        "Näringsvärde": "Varav enkelomättat fett",
        "100 Gram": "17 g"
      },
      {
        "Näringsvärde": "Kolhydrat",
        "100 Gram": "1.1 g"
      },
      {
        "Näringsvärde": "Varav sockerarter",
        "100 Gram": "0 g"
      },
      {
        "Näringsvärde": "Protein",
        "100 Gram": "0 g"
      },
      {
        "Näringsvärde": "Salt",
        "100 Gram": "1 g"
      },
      {
        "Näringsvärde": "Vitamin A",
        "100 Gram": "800 µg",
        "% av DRI(*)": "100"
      },
      {
        "Näringsvärde": "Vitamin D",
        "100 Gram": "20 µg",
        "% av DRI(*)": "400"
      },
      {
        "Näringsvärde": "Tiamin",
        "100 Gram": "0.83 mg",
        "% av DRI(*)": "75"
      }
    ],
    "nutritionUnitText": "Näringsvärde per 100 gram",
    "categories": {
      "mainCategory": "Mejeri & Ost",
      "subCategories": [
        {
          "name": "Smör & Margarin",
          "subSubCategories": [
            "Bordsask margarin"
          ]
        }
      ]
    }
  },
  {
    "name": "Kvarg Vanilj Laktosfri 7% 200g Valio",
    "weightText": "0.2 kg",
    "caPart": "",
    "weightValue": 0.2,
    "weightUnit": "kg",
    "comparePrice": "82,50 kr/kg",
    "currentPrice": 16.5,
    "attributes": [
      "Laktosfritt"
    ],
    "imgUrl": "https://handlaprivatkund.ica.se/images-v3/bf7a00ca-390e-4769-865f-dc369586872e/5c2bb658-f477-419d-897f-7bf7c7a8ca90/500x500.jpg",
    "productInformation": "Laktosfri kvarg med fyllig och rund smak av vanilj. God som den är tillsammans med frukt och bär som mellanmål . Passar också utmärkt att baka med då den tål ugnsvärme och passar både kalla desserter och gräddade bakverk. Kvargen tillför en fyllig och saftig smak till många bakverk.",
    "countryText": "",
    "companyText": "Valio",
    "ingrediensText": "KVARG (högpastöriserad SKUMMJÖLK, syrningskultur), högpastöriserad GRÄDDE, socker, vatten, modifierad potatisstärkelse, förtjockningsmedel (fruktkärnmjöl), malen vaniljstång, aromer, färgämne (karotener), enzymer (löpe och laktas).",
    "storage": "Förvaras i högst +8°C. Öppnad förpackning är hållbar i 3-4 dagar i kylskåp.",
    "allergens": "",
    "usage": "",
    "nutrition": [
      {
        "Näringsvärde": "Energi (kcal)",
        "100 Gram": "157 kcal"
      },
      {
        "Näringsvärde": "Energi (kJ)",
        "100 Gram": "660 kJ"
      },
      {
        "Näringsvärde": "Fett",
        "100 Gram": "7 g"
      },
      {
        "Näringsvärde": "Varav mättat fett",
        "100 Gram": "4.1 g"
      },
      {
        "Näringsvärde": "Kolhydrat",
        "100 Gram": "16 g"
      },
      {
        "Näringsvärde": "Varav sockerarter",
        "100 Gram": "15 g"
      },
      {
        "Näringsvärde": "Protein",
        "100 Gram": "7.2 g"
      },
      {
        "Näringsvärde": "Salt",
        "100 Gram": "0.08 g"
      }
    ],
    "nutritionUnitText": "Näringsvärde per 100 gram",
    "categories": {
      "mainCategory": "Mejeri & Ost",
      "subCategories": [
        {
          "name": "Kvarg",
          "subSubCategories": [
            "Laktosfri kvarg"
          ]
        }
      ]
    }
  },
  {
    "name": "Mozzarella Mini 150g Galbani",
    "weightText": "0.15 kg",
    "caPart": "",
    "weightValue": 0.15,
    "weightUnit": "kg",
    "comparePrice": "190,00 kr/kg u. spad",
    "currentPrice": 28.5,
    "attributes": [],
    "imgUrl": "https://handlaprivatkund.ica.se/images-v3/bf7a00ca-390e-4769-865f-dc369586872e/c5574d3b-f36e-4060-ac1a-72ea421a0038/500x500.jpg",
    "productInformation": "Färskost med mild smak. Mozzarellakulorna passar till panering och fritering, i sallader och som tilltugg på buffébordet.",
    "countryText": "",
    "companyText": "Galbani",
    "ingrediensText": "Pastöriserad MJÖLK och MELLANMJÖLK (IT), salt, ystenzym, surhetsreglerande medel: citronsyra.",
    "storage": "",
    "allergens": "",
    "usage": "",
    "nutrition": [
      {
        "Näringsvärde": "Energi (kcal)",
        "100 Gram": "233 kcal"
      },
      {
        "Näringsvärde": "Energi (kJ)",
        "100 Gram": "969 kJ"
      },
      {
        "Näringsvärde": "Fett",
        "100 Gram": "17 g"
      },
      {
        "Näringsvärde": "Varav mättat fett",
        "100 Gram": "12 g"
      },
      {
        "Näringsvärde": "Kolhydrat",
        "100 Gram": "1 g"
      },
      {
        "Näringsvärde": "Varav sockerarter",
        "100 Gram": "0.5 g"
      },
      {
        "Näringsvärde": "Protein",
        "100 Gram": "19 g"
      },
      {
        "Näringsvärde": "Salt",
        "100 Gram": "0.75 g"
      }
    ],
    "nutritionUnitText": "Näringsvärde per 100 gram",
    "categories": {
      "mainCategory": "Mejeri & Ost",
      "subCategories": [
        {
          "name": "Ost",
          "subSubCategories": [
            "Matlagningsost",
            "Mozzarella"
          ]
        }
      ]
    }
  },
  {
    "name": "Smör & Raps Mellan 57% 750g Bregott®",
    "weightText": "0.75 kg",
    "caPart": "",
    "weightValue": 0.75,
    "weightUnit": "kg",
    "comparePrice": "106,60 kr/kg",
    "currentPrice": 79.95,
    "attributes": [
      "Nyckelhålet",
      "Ursprungsland Sverige"
    ],
    "imgUrl": "https://handlaprivatkund.ica.se/images-v3/bf7a00ca-390e-4769-865f-dc369586872e/c01db171-91a3-4510-b6ef-ed454cd310c2/500x500.jpg",
    "productInformation": "Bregott® Mellan är en lite mjukare, lite mer bredbar matfettsblandning. Ett smakrikt alternativ med god smak, men med lägre fetthalt. Grädden finns med för den goda smakens skull och rapsoljan gör det lättare att bre på brödet. Bregott® Mellan gör sig allra bäst på smörgåsen, men passar också att steka i och baka med. Symbolen med den blågula gräddkannan garanterar att produkten är gjord på 100 procent svensk grädde. Produkten är nyckelhålsmärkt.",
    "countryText": "Sverige",
    "companyText": "Bregott",
    "ingrediensText": "Vatten, SMÖR (pastöriserad GRÄDDE, mjölksyrakultur), rapsolja, salt, vitamin A och D.",
    "storage": "Bör förvaras vid högst +8ºC. Lägsta förvaringstemperatur 2°C Högsta förvaringstemperatur 8°C",
    "allergens": "Innehåller Mjölk",
    "usage": "",
    "nutrition": [
      {
        "Näringsvärde": "Energi (kcal)",
        "100 Gram": "515 kcal"
      },
      {
        "Näringsvärde": "Energi (kJ)",
        "100 Gram": "2118 kJ"
      },
      {
        "Näringsvärde": "Fett",
        "100 Gram": "57 g"
      },
      {
        "Näringsvärde": "Varav fleromättat fett",
        "100 Gram": "9.4 g"
      },
      {
        "Näringsvärde": "Varav mättat fett",
        "100 Gram": "19 g"
      },
      {
        "Näringsvärde": "Varav enkelomättat fett",
        "100 Gram": "25 g"
      },
      {
        "Näringsvärde": "Kolhydrat",
        "100 Gram": "0.3 g"
      },
      {
        "Näringsvärde": "Varav sockerarter",
        "100 Gram": "0.3 g"
      },
      {
        "Näringsvärde": "Protein",
        "100 Gram": "0.2 g"
      },
      {
        "Näringsvärde": "Salt",
        "100 Gram": "1 g"
      },
      {
        "Näringsvärde": "Vitamin A",
        "100 Gram": "900 µg",
        "% av DRI(*)": "113"
      },
      {
        "Näringsvärde": "Vitamin D",
        "100 Gram": "20 µg",
        "% av DRI(*)": "400"
      }
    ],
    "nutritionUnitText": "Näringsvärde per 100 gram",
    "categories": {
      "mainCategory": "Mejeri & Ost",
      "subCategories": [
        {
          "name": "Smör & Margarin",
          "subSubCategories": [
            "Bordsask smör"
          ]
        }
      ]
    }
  },
  {
    "name": "Mellanmål Skogsbär 165g Mannafrutti",
    "weightText": "0.165 kg",
    "caPart": "",
    "weightValue": 0.165,
    "weightUnit": "kg",
    "comparePrice": "75,76 kr/kg",
    "currentPrice": 12.5,
    "attributes": [],
    "imgUrl": "https://handlaprivatkund.ica.se/images-v3/bf7a00ca-390e-4769-865f-dc369586872e/3dd6274d-2efe-4aea-a847-a574b69fb060/500x500.jpg",
    "productInformation": "Mannafrutti Skogsbär är ett mellanmål som helt enkelt är gjord på mannagryn i stället för ris. Mannafrutti är ett enkelt och mättande mellanmål som innehåller en bas av krämig mannagrynsgröt, mjölk och grädde. Mannagrynsgröten kommer med en god bärsås gjord på skogsbär.Mannafrutti är precis som Risifrutti en vardagshjälte som är perfekt att ha hemma i kylskåpet eller att packa med i väskan som ett snabbt mellanmål.Historien om Risifrutti började 1993 och sedan dess är det ett älskat mellanmål hos både stora och små. Produkterna är kända för sin goda smak och naturliga råvaror. Risgröten tillverkas i Örebro och de goda frukt- och bärsåserna tillverkas i Kumla. För att läsa mer om Risifrutti besök risifrutti.se",
    "countryText": "",
    "companyText": "RisiFrutti",
    "ingrediensText": "MJÖLK/MÆLK, GRÄDDE/FLØDE, vatten, socker (9%), bär (6%) (hallon/hindbær, blåbär, boysenbär, björnbär/brombær), MANNAGRYN AV VETE/HVEDE (4%), förtjockningsmedel/fortykningsmiddel (pektin, karragenan), VETESTÄRKELSE/HVEDESTIVELSE, naturliga aromer (bl.a. vanillin), syra (citronsyra), salt.",
    "storage": "I kylskåp 2-8 °C",
    "allergens": "",
    "usage": "",
    "nutrition": [
      {
        "Näringsvärde": "Energi (kcal)",
        "100 Gram": "139 kcal"
      },
      {
        "Näringsvärde": "Energi (kJ)",
        "100 Gram": "581 kJ"
      },
      {
        "Näringsvärde": "Fett",
        "100 Gram": "7.2 g"
      },
      {
        "Näringsvärde": "Varav mättat fett",
        "100 Gram": "4.6 g"
      },
      {
        "Näringsvärde": "Kolhydrat",
        "100 Gram": "15 g"
      },
      {
        "Näringsvärde": "Varav sockerarter",
        "100 Gram": "12 g"
      },
      {
        "Näringsvärde": "Protein",
        "100 Gram": "2.9 g"
      },
      {
        "Näringsvärde": "Salt",
        "100 Gram": "0.11 g"
      }
    ],
    "nutritionUnitText": "Näringsvärde per 100 gram",
    "categories": {
      "mainCategory": "Mejeri & Ost",
      "subCategories": [
        {
          "name": "Kylda mellanmål & desserter",
          "subSubCategories": [
            "Kylda mellanmål",
            "Rismål, laktos"
          ]
        }
      ]
    }
  },
  {
    "name": "Vaniljyoghurt Mild 1,5% Lättsockrad 1000g Arla Ko®",
    "weightText": "1 kg",
    "caPart": "",
    "weightValue": 1,
    "weightUnit": "kg",
    "comparePrice": "25,95 kr/kg",
    "currentPrice": 25.95,
    "attributes": [
      "Nyckelhålet",
      "Ursprungsland Sverige"
    ],
    "imgUrl": "https://handlaprivatkund.ica.se/images-v3/bf7a00ca-390e-4769-865f-dc369586872e/960fef6c-6fe7-4773-9d81-865adbc353a3/500x500.jpg",
    "productInformation": "Arla Ko® Lättsockrad mild vaniljyoghurt 1,5% med krämig konsistens. Den lättsockrade yoghurten som är nyckelhålsmärkt är ett utmärkt val om du vill dra ner på sockret utan att göra avkall på den goda smaken. Mild yoghurt med vanilj är lika god till frukost som till mellanmål. Låt den vara huvudnumret eller toppa med müsli, flingor, frukt och bär. Arlas vaniljyoghurt är även en perfekt bas till smoothies. Arla Ko(trademark-symbol) garanterar att produkten görs på 100 procent svensk mjölk. Vaniljyoghurten har en praktisk förpackning som är lätt att återvinna. Skruvkorken och toppen sorteras som plast och kartongen som papper.",
    "countryText": "Sverige",
    "companyText": "Arla Ko",
    "ingrediensText": "Högpastöriserad MJÖLK, socker 2,5%, MJÖLKPROTEIN, naturlig arom, vaniljextrakt, mild yoghurtkultur, vitamin D.",
    "storage": "",
    "allergens": "Innehåller Mjölk",
    "usage": "",
    "nutrition": [
      {
        "Näringsvärde": "Energi (kcal)",
        "100 Gram": "57 kcal"
      },
      {
        "Näringsvärde": "Energi (kJ)",
        "100 Gram": "242 kJ"
      },
      {
        "Näringsvärde": "Fett",
        "100 Gram": "1.5 g"
      },
      {
        "Näringsvärde": "Varav mättat fett",
        "100 Gram": "1 g"
      },
      {
        "Näringsvärde": "Kolhydrat",
        "100 Gram": "6.2 g"
      },
      {
        "Näringsvärde": "Varav sockerarter",
        "100 Gram": "6.2 g"
      },
      {
        "Näringsvärde": "Protein",
        "100 Gram": "4.1 g"
      },
      {
        "Näringsvärde": "Salt",
        "100 Gram": "0.09 g"
      },
      {
        "Näringsvärde": "Vitamin D",
        "100 Gram": "1 µg",
        "% av DRI(*)": "20"
      },
      {
        "Näringsvärde": "Kalcium",
        "100 Gram": "123 mg",
        "% av DRI(*)": "15"
      }
    ],
    "nutritionUnitText": "Näringsvärde per 100 gram",
    "categories": {
      "mainCategory": "Mejeri & Ost",
      "subCategories": [
        {
          "name": "Yoghurt",
          "subSubCategories": [
            "Smaksatt yoghurt"
          ]
        }
      ]
    }
  },
  {
    "name": "Yoghurt Original Samoa 2% 1000g Yoggi®",
    "weightText": "1 kg",
    "caPart": "",
    "weightValue": 1,
    "weightUnit": "kg",
    "comparePrice": "28,95 kr/kg",
    "currentPrice": 28.95,
    "attributes": [
      "FSC, Forest Stewardship Council",
      "Ursprungsland Sverige"
    ],
    "imgUrl": "https://handlaprivatkund.ica.se/images-v3/bf7a00ca-390e-4769-865f-dc369586872e/61aadac3-977d-428b-a891-ec8563e270e4/500x500.jpg",
    "productInformation": "Krämig fruktyoghurt med frisk Samoasmak - persika, kiwi, mango, ananas, melon och passionsfrukt. Arla Yoggi® Original Samoa mättar och ger snabbt ny energi, från frukost till dessert. Smaken är helt naturlig och det är frukten som ger yoghurten den fina färgen. Yoggi yoghurt passar både stor och liten, servera till frukost, som ett snabbt mellanmål eller en enkel dessert.",
    "countryText": "Sverige",
    "companyText": "Yoggi",
    "ingrediensText": "MJÖLK, frukt 8 % (persika, kiwi, mango, ananas, melon, passionsfruktjuice), socker 7,5%, MJÖLKPROTEIN, majsstärkelse, naturlig arom, yoghurtkultur, vitamin D. Mjölken är högpastöriserad.",
    "storage": "",
    "allergens": "Innehåller Mjölk",
    "usage": "",
    "nutrition": [
      {
        "Näringsvärde": "Energi (kcal)",
        "100 Gram": "80 kcal"
      },
      {
        "Näringsvärde": "Energi (kJ)",
        "100 Gram": "340 kJ"
      },
      {
        "Näringsvärde": "Fett",
        "100 Gram": "2 g"
      },
      {
        "Näringsvärde": "Varav mättat fett",
        "100 Gram": "1.3 g"
      },
      {
        "Näringsvärde": "Kolhydrat",
        "100 Gram": "12 g"
      },
      {
        "Näringsvärde": "Varav sockerarter",
        "100 Gram": "11 g"
      },
      {
        "Näringsvärde": "Protein",
        "100 Gram": "3.3 g"
      },
      {
        "Näringsvärde": "Salt",
        "100 Gram": "0.1 g"
      },
      {
        "Näringsvärde": "Vitamin D",
        "100 Gram": "0.93 µg",
        "% av DRI(*)": "19"
      }
    ],
    "nutritionUnitText": "Näringsvärde per 100 gram",
    "categories": {
      "mainCategory": "Mejeri & Ost",
      "subCategories": [
        {
          "name": "Yoghurt",
          "subSubCategories": [
            "Smaksatt yoghurt"
          ]
        }
      ]
    }
  },
  {
    "name": "Gräddfil 12% 3dl Arla Ko®",
    "weightText": "0.3 l",
    "caPart": "",
    "weightValue": 0.3,
    "weightUnit": "l",
    "comparePrice": "49,83 kr/l",
    "currentPrice": 14.95,
    "attributes": [
      "Ursprungsland Sverige"
    ],
    "imgUrl": "https://handlaprivatkund.ica.se/images-v3/bf7a00ca-390e-4769-865f-dc369586872e/171b2f1e-1246-4fb0-876e-e1d092f3b3d8/500x500.jpg",
    "productInformation": "Arla Ko® Gräddfil 12% tillverkas av färsk grädde från svenska Arlagårdar. Originalet sedan 1952 är en riktig klassiker som har sin självklara plats i mat till såväl vardag som helg och smakar som gräddfil ska smaka- svagt syrlig och gräddig med en lätt krämig konsistens. Gräddfil används med fördel som en svalkande klick till soppor och grytor, till tacos och bakad potatis. Utmärkt i kalla såser, dressingar och dip och i krämiga sallader. I mjuka kakor ger gräddfil saftighet och i desserter som tex pannacotta en fräschare känsla. Varumärket Arla Ko® garanterar att produkten är gjord på 100 procent svensk mjölk.",
    "countryText": "Sverige",
    "companyText": "Arla Ko",
    "ingrediensText": "Pastöriserad GRÄDDE, syrningskultur.",
    "storage": "",
    "allergens": "",
    "usage": "",
    "nutrition": [
      {
        "Näringsvärde": "Energi (kcal)",
        "100 Gram": "140 kcal"
      },
      {
        "Näringsvärde": "Energi (kJ)",
        "100 Gram": "550 kJ"
      },
      {
        "Näringsvärde": "Fett",
        "100 Gram": "12 g"
      },
      {
        "Näringsvärde": "Varav mättat fett",
        "100 Gram": "7.7 g"
      },
      {
        "Näringsvärde": "Kolhydrat",
        "100 Gram": "3.4 g"
      },
      {
        "Näringsvärde": "Varav sockerarter",
        "100 Gram": "3.4 g"
      },
      {
        "Näringsvärde": "Protein",
        "100 Gram": "3.1 g"
      },
      {
        "Näringsvärde": "Salt",
        "100 Gram": "0.1 g"
      }
    ],
    "nutritionUnitText": "Näringsvärde per 100 gram",
    "categories": {
      "mainCategory": "Mejeri & Ost",
      "subCategories": [
        {
          "name": "Gräddfil",
          "subSubCategories": [
            "Gräddfil"
          ]
        }
      ]
    }
  },
  {
    "name": "Kvarg Mild Naturell 0,2% Laktosfri 1000g Arla®",
    "weightText": "1 kg",
    "caPart": "",
    "weightValue": 1,
    "weightUnit": "kg",
    "comparePrice": "42,95 kr/kg",
    "currentPrice": 42.95,
    "attributes": [
      "Nyckelhålet",
      "Laktosfritt"
    ],
    "imgUrl": "https://handlaprivatkund.ica.se/images-v3/bf7a00ca-390e-4769-865f-dc369586872e/dc9fddcc-d487-4c85-8da4-fdf1b85b62a4/500x500.jpg",
    "productInformation": "Laktosfri mild kvarg med len konsistens. Arla® mild kvarg naturell har ett naturligt högt proteininnehåll och är nyckelhålsmärkt, det perfekta valet för dig som rör på dig mycket. Ät naturell kvarg som den är eller toppa med nötter, frukt eller färska bär. Lika gott till frukost som mellanmål och i samband med träning. Kvarg från Arla® är alltid laktosfri. 1 000 g.",
    "countryText": "",
    "companyText": "Arla",
    "ingrediensText": "MJÖLK, mjölksyrakultur, laktasenzym. Mjölken är högpastöriserad.",
    "storage": "",
    "allergens": "",
    "usage": "",
    "nutrition": [
      {
        "Näringsvärde": "Energi (kcal)",
        "100 Gram": "60 kcal"
      },
      {
        "Näringsvärde": "Energi (kJ)",
        "100 Gram": "280 kJ"
      },
      {
        "Näringsvärde": "Fett",
        "100 Gram": "0.2 g"
      },
      {
        "Näringsvärde": "Varav mättat fett",
        "100 Gram": "0.1 g"
      },
      {
        "Näringsvärde": "Kolhydrat",
        "100 Gram": "4 g"
      },
      {
        "Näringsvärde": "Varav sockerarter",
        "100 Gram": "4 g"
      },
      {
        "Näringsvärde": "Protein",
        "100 Gram": "11 g"
      },
      {
        "Näringsvärde": "Salt",
        "100 Gram": "0.1 g"
      }
    ],
    "nutritionUnitText": "Näringsvärde per 100 gram",
    "categories": {
      "mainCategory": "Mejeri & Ost",
      "subCategories": [
        {
          "name": "Kvarg",
          "subSubCategories": [
            "Kvarg naturell"
          ]
        }
      ]
    }
  },
  {
    "name": "Mellanmjölk Lång hållbarhet 1,5% 1l ICA",
    "weightText": "1 l",
    "caPart": "",
    "weightValue": 1,
    "weightUnit": "l",
    "comparePrice": "15,50 kr/l",
    "currentPrice": 15.5,
    "attributes": [
      "Ursprungsland Sverige",
      "Mjölk från Sverige"
    ],
    "imgUrl": "https://handlaprivatkund.ica.se/images-v3/bf7a00ca-390e-4769-865f-dc369586872e/a104745b-8646-4df5-9cdb-5fc3f34cfa82/500x500.jpg",
    "productInformation": "",
    "countryText": "Sverige",
    "companyText": "ICA",
    "ingrediensText": "Ingredienser Högpastöriserad MJÖLK*, vitamin D. *Ursprung Sverige.",
    "storage": "Lägsta förvaringstemperatur 2°C Högsta förvaringstemperatur 8°C",
    "allergens": "Innehåller Mjölk",
    "usage": "",
    "nutrition": [
      {
        "Näringsvärde": "Energi (kcal)",
        "100 Milliliter": "47 kcal"
      },
      {
        "Näringsvärde": "Energi (kJ)",
        "100 Milliliter": "195 kJ"
      },
      {
        "Näringsvärde": "Fett",
        "100 Milliliter": "1.5 g"
      },
      {
        "Näringsvärde": "Varav mättat fett",
        "100 Milliliter": "1 g"
      },
      {
        "Näringsvärde": "Kolhydrat",
        "100 Milliliter": "4.7 g"
      },
      {
        "Näringsvärde": "Varav sockerarter",
        "100 Milliliter": "4.7 g"
      },
      {
        "Näringsvärde": "Protein",
        "100 Milliliter": "3.5 g"
      },
      {
        "Näringsvärde": "Salt",
        "100 Milliliter": "0.09 g"
      },
      {
        "Näringsvärde": "Vitamin B12",
        "100 Milliliter": "0.4 µg",
        "% av DRI(*)": "16"
      },
      {
        "Näringsvärde": "Vitamin D",
        "100 Milliliter": "1 µg",
        "% av DRI(*)": "20"
      },
      {
        "Näringsvärde": "Riboflavin",
        "100 Milliliter": "0.14 mg",
        "% av DRI(*)": "10"
      },
      {
        "Näringsvärde": "Folsyra",
        "100 Milliliter": "15 µg"
      },
      {
        "Näringsvärde": "Pantotensyra",
        "100 Milliliter": "0.5 mg",
        "% av DRI(*)": "8"
      },
      {
        "Näringsvärde": "Kalium",
        "100 Milliliter": "160 mg",
        "% av DRI(*)": "8"
      },
      {
        "Näringsvärde": "Klorid",
        "100 Milliliter": "92 mg",
        "% av DRI(*)": "12"
      },
      {
        "Näringsvärde": "Kalcium",
        "100 Milliliter": "124 mg",
        "% av DRI(*)": "16"
      },
      {
        "Näringsvärde": "Fosfor",
        "100 Milliliter": "139 mg",
        "% av DRI(*)": "20"
      },
      {
        "Näringsvärde": "Molybden",
        "100 Milliliter": "3.8 µg",
        "% av DRI(*)": "8"
      },
      {
        "Näringsvärde": "Jod",
        "100 Milliliter": "22 µg",
        "% av DRI(*)": "15"
      }
    ],
    "nutritionUnitText": "Näringsvärde per 100 milliliter",
    "categories": {
      "mainCategory": "Mejeri & Ost",
      "subCategories": [
        {
          "name": "Mjölk",
          "subSubCategories": [
            "Mellanmjölk",
            "Mellanmjölk, laktos"
          ]
        }
      ]
    }
  },
  {
    "name": "Kvarg Vit Chokladsmak Utan tillsatt socker 0,2% 150g Lindahls",
    "weightText": "0.15 kg",
    "caPart": "",
    "weightValue": 0.15,
    "weightUnit": "kg",
    "comparePrice": "73,00 kr/kg",
    "currentPrice": 10.95,
    "attributes": [
      "Ursprungsland Sverige"
    ],
    "imgUrl": "https://handlaprivatkund.ica.se/images-v3/bf7a00ca-390e-4769-865f-dc369586872e/2c95521a-50eb-4081-a356-f77fb3d856ae/500x500.jpg",
    "productInformation": "Information från leverantör \n Lindahls kvarg är en mild och krämig kvarg med ljuvlig smak av vit choklad. Lindahls kvarg har ett högt proteininnehåll, låg fetthalt och innehåller inget tillsatt socker. Perfekt att njuta som den är eller toppa med nötter, frukt eller färska bär. Ät den efter träningen, som mellanmål eller bara när du vill ha något gott och nyttigt! Lindahls kvarg är tillverkad i Sverige med svensk mjölk.",
    "countryText": "Sverige",
    "companyText": "Lindahls",
    "ingrediensText": "Pastöriserad MJÖLK/ pasteurisert MELK, mjölksyrakultur/melkesyrekultur, ystenzym/mikrobiell løpe, smör, arom, syra (mjölksyra), förtjockningsmedel (modifierad majsstärkelse), färgämne (karoten), sötningsmedel/søtstoffer (Acesulfam K, aspartam). Innehåller en källa av fenylalanin./Inneholder en fenylalaninkilde.",
    "storage": "",
    "allergens": "",
    "usage": "",
    "nutrition": [
      {
        "Näringsvärde": "Energi (kcal)",
        "100 Gram": "60 kcal"
      },
      {
        "Näringsvärde": "Energi (kJ)",
        "100 Gram": "240 kJ"
      },
      {
        "Näringsvärde": "Fett",
        "100 Gram": "0.2 g"
      },
      {
        "Näringsvärde": "Varav mättat fett",
        "100 Gram": "0 g"
      },
      {
        "Näringsvärde": "Kolhydrat",
        "100 Gram": "3.5 g"
      },
      {
        "Näringsvärde": "Varav sockerarter",
        "100 Gram": "3.2 g"
      },
      {
        "Näringsvärde": "Protein",
        "100 Gram": "10 g"
      },
      {
        "Näringsvärde": "Salt",
        "100 Gram": "0.1 g"
      }
    ],
    "nutritionUnitText": "Näringsvärde per 100 gram",
    "categories": {
      "mainCategory": "Mejeri & Ost",
      "subCategories": [
        {
          "name": "Kvarg",
          "subSubCategories": [
            "Kvarg portionsförpackning"
          ]
        }
      ]
    }
  },
  {
    "name": "Yoghurt Vanilj Mild 2% 1500g ICA",
    "weightText": "1.5 kg",
    "caPart": "",
    "weightValue": 1.5,
    "weightUnit": "kg",
    "comparePrice": "21,30 kr/kg",
    "currentPrice": 31.95,
    "attributes": [
      "Ursprungsland Sverige",
      "Mjölk från Sverige"
    ],
    "imgUrl": "https://handlaprivatkund.ica.se/images-v3/bf7a00ca-390e-4769-865f-dc369586872e/64c838e4-0839-436c-bb0e-3a5a3555d936/500x500.jpg",
    "productInformation": "ICA Vaniljyoghurt 2% är en mild och krämig yoghurt med fyllig vaniljsmak. Passar precis som den är eller med fruktsallad och nötter för en god frukost eller brunch. Yoghurten är gjord på svensk mjölk.",
    "countryText": "Sverige",
    "companyText": "ICA",
    "ingrediensText": "Högpastöriserad MJÖLK*, socker, MJÖLKPROTEIN, naturlig arom, vaniljextrakt, mild yoghurtkultur, vitamin D. Produkten innehåller 5% tillsatt socker. *Ursprung Sverige.",
    "storage": "",
    "allergens": "",
    "usage": "",
    "nutrition": [
      {
        "Näringsvärde": "Energi (kcal)",
        "100 Gram": "70 kcal"
      },
      {
        "Näringsvärde": "Energi (kJ)",
        "100 Gram": "300 kJ"
      },
      {
        "Näringsvärde": "Fett",
        "100 Gram": "2 g"
      },
      {
        "Näringsvärde": "Varav mättat fett",
        "100 Gram": "1.3 g"
      },
      {
        "Näringsvärde": "Kolhydrat",
        "100 Gram": "8.7 g"
      },
      {
        "Näringsvärde": "Varav sockerarter",
        "100 Gram": "8.7 g"
      },
      {
        "Näringsvärde": "Protein",
        "100 Gram": "3.9 g"
      },
      {
        "Näringsvärde": "Salt",
        "100 Gram": "0.1 g"
      },
      {
        "Näringsvärde": "Vitamin D",
        "100 Gram": "1 µg",
        "% av DRI(*)": "20"
      }
    ],
    "nutritionUnitText": "Näringsvärde per 100 gram",
    "categories": {
      "mainCategory": "Mejeri & Ost",
      "subCategories": [
        {
          "name": "Yoghurt",
          "subSubCategories": [
            "Smaksatt yoghurt"
          ]
        }
      ]
    }
  },
  {
    "name": "Yoghurt Turkisk Naturell 10% 1000g Salakis",
    "weightText": "1 kg",
    "caPart": "",
    "weightValue": 1,
    "weightUnit": "kg",
    "comparePrice": "35,95 kr/kg",
    "currentPrice": 35.95,
    "attributes": [],
    "imgUrl": "https://handlaprivatkund.ica.se/images-v3/bf7a00ca-390e-4769-865f-dc369586872e/370d3b5b-f948-4c89-a3c4-c2a4effd5936/500x500.jpg",
    "productInformation": "Mild, med en behaglig syra och krämig konsistens. Underbar till frukost och mellanmål, som den är eller med bär och frukt. Perfekt till kalla såser, röror, efterrätter, bakning och i matlagning där du värmer, men inte kokar yoghurten. Milt syrlig Den naturliga syran hos Turkisk yoghurt gör den perfekt som bas i exempelvis dressingar där den kan ersätta majonnäs och till viss del även vinäger. Syran gör också att yoghurten passar fint till rätter som själva innehåller syrliga ingredienser, som tomatbaserad korv stroganoff. I de här sammanhangen skiktar sig andra mejeriprodukter lätt. I sött sällskap ger yoghurtens friska smak dessutom en härlig kontrast. Användbart krämig Turkisk yoghurt 10% är ett gott alternativ till fetare produkter som gräddfil och majonnäs. Byt ut rakt av och njut av den friska smaken. Vill du ha ett saftigt och hållbart bröd när du bakar kan du ersätta smör och vätska helt eller delvis med Turkisk yoghurt 10%. Tips: Har du bara Lindahls Turkisk yoghurt hemma kan du koka den utan att den skär sig om du först rör ut den med lite Maizenamjöl. Lite pyssel, men ingen panik alltså.",
    "countryText": "",
    "companyText": "Salakis",
    "ingrediensText": "Högpastöriserad och homogeniserad MJÖLK*/ høy- pasteurisert og homogenisert MELK*/MÆLK*/pastöroitu ja homogenisoitu MAITO*, högpastöriserad och homogeniserad GRÄDDE*/høypasteurisert og homoge- nisert FLØTE*/FLØDE*/pastöroitu ja homogenisoitu KERMA*, MJÖLKprotein/MELKprotein/MÆLKEprotein*/MAITO- proteiini, yoghurtkultur/hapate. *Ursprung/opprinnelse/alkuperä EU.",
    "storage": "",
    "allergens": "",
    "usage": "",
    "nutrition": [
      {
        "Näringsvärde": "Energi (kcal)",
        "100 Gram": "129 kcal"
      },
      {
        "Näringsvärde": "Energi (kJ)",
        "100 Gram": "528 kJ"
      },
      {
        "Näringsvärde": "Fett",
        "100 Gram": "10 g"
      },
      {
        "Näringsvärde": "Varav mättat fett",
        "100 Gram": "6.6 g"
      },
      {
        "Näringsvärde": "Kolhydrat",
        "100 Gram": "5.1 g"
      },
      {
        "Näringsvärde": "Varav sockerarter",
        "100 Gram": "5.1 g"
      },
      {
        "Näringsvärde": "Protein",
        "100 Gram": "4.2 g"
      },
      {
        "Näringsvärde": "Salt",
        "100 Gram": "0.13 g"
      }
    ],
    "nutritionUnitText": "Näringsvärde per 100 gram",
    "categories": {
      "mainCategory": "Mejeri & Ost",
      "subCategories": [
        {
          "name": "Yoghurt",
          "subSubCategories": [
            "Matlagningsyoghurt",
            "Turkisk yoghurt"
          ]
        }
      ]
    }
  },
  {
    "name": "Mellanmål Skogsbär 175g Risifrutti",
    "weightText": "0.175 kg",
    "caPart": "",
    "weightValue": 0.175,
    "weightUnit": "kg",
    "comparePrice": "71,43 kr/kg",
    "currentPrice": 12.5,
    "attributes": [],
    "imgUrl": "https://handlaprivatkund.ica.se/images-v3/bf7a00ca-390e-4769-865f-dc369586872e/6ef16a23-b6ce-44c8-bc80-c47e02fbd449/500x500.jpg",
    "productInformation": "Risifrutti skogsbär är ett enkelt mellanmål när du är på språng! Precis som alla andra risifrutti innehåller även skogsbär en bas av krämig risgröt med smak av vanilj, mjölk och grädde. Den här varianten kommer med riktigt god bärsås av skogsbär.Risifrutti är en vardagshjälte som är perfekt att ha hemma i kylskåpet eller att packa med i väskan som ett snabbt mellanmål.Historien om Risifrutti började 1993 och sedan dess är det ett älskat mellanmål hos både stora och små. Produkterna är kända för sin goda smak och naturliga råvaror. Risgröten tillverkas i Örebro och de goda frukt- och bärsåserna tillverkas i Kumla. För att läsa mer om Risifrutti besök risifrutti.se",
    "countryText": "",
    "companyText": "RisiFrutti",
    "ingrediensText": "MJÖLK/MÆLK, vatten/vand, ris (8,5%), socker (6,7%), bär (6%) (hallon/hindbær, blåbär, boysenbär, björnbär/brombær), GRÄDDE/FLØDE, förtjockningsmedel/fortykningsmiddel (pektin, karragenan), naturliga aromer (bl.a. vanillin), salt, syra (citronsyra).",
    "storage": "I kylskåp 2-8 °C",
    "allergens": "",
    "usage": "",
    "nutrition": [
      {
        "Näringsvärde": "Energi (kcal)",
        "100 Gram": "111 kcal"
      },
      {
        "Näringsvärde": "Energi (kJ)",
        "100 Gram": "465 kJ"
      },
      {
        "Näringsvärde": "Fett",
        "100 Gram": "3.3 g"
      },
      {
        "Näringsvärde": "Varav mättat fett",
        "100 Gram": "2.1 g"
      },
      {
        "Näringsvärde": "Kolhydrat",
        "100 Gram": "17 g"
      },
      {
        "Näringsvärde": "Varav sockerarter",
        "100 Gram": "10 g"
      },
      {
        "Näringsvärde": "Protein",
        "100 Gram": "3.1 g"
      },
      {
        "Näringsvärde": "Salt",
        "100 Gram": "0.16 g"
      }
    ],
    "nutritionUnitText": "Näringsvärde per 100 gram",
    "categories": {
      "mainCategory": "Mejeri & Ost",
      "subCategories": [
        {
          "name": "Kylda mellanmål & desserter",
          "subSubCategories": [
            "Kylda mellanmål",
            "Rismål, laktos"
          ]
        }
      ]
    }
  },
  {
    "name": "Snackost orginal 6st 120g Mini Babybel",
    "weightText": "0.12 kg",
    "caPart": "",
    "weightValue": 0.12,
    "weightUnit": "kg",
    "comparePrice": "232,92 kr/kg",
    "currentPrice": 27.95,
    "attributes": [],
    "imgUrl": "https://handlaprivatkund.ica.se/images-v3/bf7a00ca-390e-4769-865f-dc369586872e/98f15ed7-c88a-4488-95cf-41b6691b2d21/500x500.jpg",
    "productInformation": "",
    "countryText": "",
    "companyText": "Mini Babybel",
    "ingrediensText": "Pastöriserad/Pasturisert MJÖLK/MELK/MÆLK, salt, MJÖLK-/MELKE-/MÆLKesyrakultur, ystenzym/vegetarisk løpe. Kraftigt saltad.",
    "storage": "Förvaras kyld efter köp",
    "allergens": "",
    "usage": "Undvik kvävningsrisk för barn under 4 år, dela i små munsbitar.",
    "nutrition": [
      {
        "Näringsvärde": "Energi (kcal)",
        "100 Gram": "295 kcal"
      },
      {
        "Näringsvärde": "Energi (kJ)",
        "100 Gram": "1225 kJ"
      },
      {
        "Näringsvärde": "Fett",
        "100 Gram": "23 g"
      },
      {
        "Näringsvärde": "Varav mättat fett",
        "100 Gram": "15.5 g"
      },
      {
        "Näringsvärde": "Kolhydrat",
        "100 Gram": "0.01 g"
      },
      {
        "Näringsvärde": "Varav sockerarter",
        "100 Gram": "0.01 g"
      },
      {
        "Näringsvärde": "Protein",
        "100 Gram": "22 g"
      },
      {
        "Näringsvärde": "Salt",
        "100 Gram": "1.7 g"
      },
      {
        "Näringsvärde": "Kalcium",
        "100 Gram": "680 mg",
        "% av DRI(*)": "85"
      }
    ],
    "nutritionUnitText": "Näringsvärde per 100 gram",
    "categories": {
      "mainCategory": "Mejeri & Ost",
      "subCategories": [
        {
          "name": "Ost",
          "subSubCategories": [
            "Dessertost",
            "Färskost Dessert"
          ]
        }
      ]
    }
  },
  {
    "name": "Feta 150g Zeta",
    "weightText": "0.15 kg",
    "caPart": "",
    "weightValue": 0.15,
    "weightUnit": "kg",
    "comparePrice": "170,00 kr/kg",
    "currentPrice": 25.5,
    "attributes": [],
    "imgUrl": "https://handlaprivatkund.ica.se/images-v3/bf7a00ca-390e-4769-865f-dc369586872e/1d00a386-f4fd-4040-bca0-0d7464755cd2/500x500.jpg",
    "productInformation": "Zeta Fetaost, från Grekland, av pastöriserad får- och getmjölk. Smakrik och friskt syrlig med lätt sälta. Konsistensen är lite smulig, perfekt att finfördela.",
    "countryText": "",
    "companyText": "Zeta",
    "ingrediensText": "INGREDIENSER: Pastöriserad får- och getMJÖLK, havssalt, syrningskultur, ystenzym.",
    "storage": "Lägsta förvaringstemperatur 2°C Högsta förvaringstemperatur 8°C",
    "allergens": "",
    "usage": "",
    "nutrition": [
      {
        "Näringsvärde": "Energi (kcal)",
        "100 Gram": "275 kcal"
      },
      {
        "Näringsvärde": "Energi (kJ)",
        "100 Gram": "1140 kJ"
      },
      {
        "Näringsvärde": "Fett",
        "100 Gram": "23 g"
      },
      {
        "Näringsvärde": "Varav mättat fett",
        "100 Gram": "16 g"
      },
      {
        "Näringsvärde": "Kolhydrat",
        "100 Gram": "1 g"
      },
      {
        "Näringsvärde": "Varav sockerarter",
        "100 Gram": "0.5 g"
      },
      {
        "Näringsvärde": "Protein",
        "100 Gram": "16 g"
      },
      {
        "Näringsvärde": "Salt",
        "100 Gram": "2.5 g"
      }
    ],
    "nutritionUnitText": "",
    "categories": {
      "mainCategory": "Mejeri & Ost",
      "subCategories": [
        {
          "name": "Ost",
          "subSubCategories": [
            "Matlagningsost",
            "Fetaost"
          ]
        }
      ]
    }
  },
  {
    "name": "Lätt Crème fraiche 13% 2dl Arla Köket®",
    "weightText": "0.2 l",
    "caPart": "",
    "weightValue": 0.2,
    "weightUnit": "l",
    "comparePrice": "67,50 kr/l",
    "currentPrice": 13.5,
    "attributes": [
      "Ursprungsland Sverige"
    ],
    "imgUrl": "https://handlaprivatkund.ica.se/images-v3/bf7a00ca-390e-4769-865f-dc369586872e/bae7343b-16d2-4211-a53f-073e89f1f658/500x500.jpg",
    "productInformation": "Arla Köket® Lätt crème fraiche 13% är en syrad grädde med lägre fetthalt, krämig konsistens och frisk syrlig smak. Lätt crème fraiche är mycket användbar i t.ex. grytor, soppor och såser men även i kalla såser och röror eller som ett krämigt tillbehör. Perfekt i potatissallad. Förhöjer smaken och ger fräschör samtidigt som konsistensen blir krämig utan redning. Kokbar. Tillverkas genom syrning av grädde från svenska Arlagårdar. Symbolen med den blågula gräddkannan ga-ranterar 100 procent svensk grädde.",
    "countryText": "Sverige",
    "companyText": "Arla Köket",
    "ingrediensText": "Pastöriserad GRÄDDE, modifierad majsstärkelse, stabiliseringsmedel (fruktkärnmjöl, pektin), syrningskultur.",
    "storage": "",
    "allergens": "Innehåller Mjölk",
    "usage": "",
    "nutrition": [
      {
        "Näringsvärde": "Energi (kcal)",
        "100 Gram": "150 kcal"
      },
      {
        "Näringsvärde": "Energi (kJ)",
        "100 Gram": "600 kJ"
      },
      {
        "Näringsvärde": "Fett",
        "100 Gram": "13 g"
      },
      {
        "Näringsvärde": "Varav mättat fett",
        "100 Gram": "8.3 g"
      },
      {
        "Näringsvärde": "Kolhydrat",
        "100 Gram": "3.9 g"
      },
      {
        "Näringsvärde": "Varav sockerarter",
        "100 Gram": "3.3 g"
      },
      {
        "Näringsvärde": "Protein",
        "100 Gram": "3.1 g"
      },
      {
        "Näringsvärde": "Salt",
        "100 Gram": "0.1 g"
      }
    ],
    "nutritionUnitText": "Näringsvärde per 100 gram",
    "categories": {
      "mainCategory": "Mejeri & Ost",
      "subCategories": [
        {
          "name": "Ost",
          "subSubCategories": [
            "Färskost & cream cheese"
          ]
        }
      ]
    }
  },
  {
    "name": "Smör Gårdsgoda Normalsaltat 75% 500g Valio",
    "weightText": "0.5 kg",
    "caPart": "",
    "weightValue": 0.5,
    "weightUnit": "kg",
    "comparePrice": "103,90 kr/kg",
    "currentPrice": 51.95,
    "attributes": [],
    "imgUrl": "https://handlaprivatkund.ica.se/images-v3/bf7a00ca-390e-4769-865f-dc369586872e/396717a9-1ba5-473e-a9de-bfccebbc6e00/500x500.jpg",
    "productInformation": "Ett bredbart alternativ till din smörgås med smör gjord  på färsk grädde som främsta ingrediens. Precis så enkelt och gott som vi vill ha det! Tips! Gårdsgoda passar även utmärkt till matlagning, bakning och att steka i.",
    "countryText": "",
    "companyText": "Valio",
    "ingrediensText": "SMÖR (64 %), rapsolja (23 %), vatten, salt och vitamin D.",
    "storage": "Förvaras vid högst +8°C. Lägsta förvaringstemperatur 4°C Högsta förvaringstemperatur 8°C",
    "allergens": "",
    "usage": "",
    "nutrition": [
      {
        "Näringsvärde": "Energi (kcal)",
        "100 Gram": "667 kcal"
      },
      {
        "Näringsvärde": "Energi (kJ)",
        "100 Gram": "2790 kJ"
      },
      {
        "Näringsvärde": "Fett",
        "100 Gram": "75 g"
      },
      {
        "Näringsvärde": "Varav mättat fett",
        "100 Gram": "31 g"
      },
      {
        "Näringsvärde": "Kolhydrat",
        "100 Gram": "0.5 g"
      },
      {
        "Näringsvärde": "Varav sockerarter",
        "100 Gram": "0.5 g"
      },
      {
        "Näringsvärde": "Protein",
        "100 Gram": "0.4 g"
      },
      {
        "Näringsvärde": "Salt",
        "100 Gram": "1.4 g"
      },
      {
        "Näringsvärde": "Vitamin D",
        "100 Gram": "20 µg",
        "% av DRI(*)": "400"
      }
    ],
    "nutritionUnitText": "Näringsvärde per 100 gram",
    "categories": {
      "mainCategory": "Mejeri & Ost",
      "subCategories": [
        {
          "name": "Smör & Margarin",
          "subSubCategories": [
            "Bordsask smör"
          ]
        }
      ]
    }
  },
  {
    "name": "Grevé® ost mild 28% ca 700g Arla Ko®",
    "weightText": "Ca 0.7 kg",
    "caPart": "Ca",
    "weightValue": 0.7,
    "weightUnit": "kg",
    "comparePrice": "136,00 kr/kg",
    "currentPrice": 95.2,
    "attributes": [
      "Ursprungsland Sverige",
      "Mjölk från Sverige"
    ],
    "imgUrl": "https://handlaprivatkund.ica.se/images-v3/bf7a00ca-390e-4769-865f-dc369586872e/1b8497ad-f5f2-4265-8aab-193dbd043919/500x500.jpg",
    "productInformation": "Vår goda Arla Ko® Grevé® är tydligt nötig med sötma och sälta. En ost med smidig konsistens och stora, härliga hål. Grevé® passar perfekt som pålägg, i såser och i röror. Vår Arla Ko® Grevé® görs på Kalmar mejeri på färsk mjölk från Öland och Småland. Varumärket Arla Ko® garanterar att osten är gjord på 100 procent svensk mjölk.",
    "countryText": "Sverige",
    "companyText": "Arla Ko",
    "ingrediensText": "Pastöriserad MJÖLK, salt, syrningskultur, ystenzym, kalciumklorid, konserveringsmedel E202.",
    "storage": "",
    "allergens": "",
    "usage": "",
    "nutrition": [
      {
        "Näringsvärde": "Energi (kcal)",
        "100 Gram": "358 kcal"
      },
      {
        "Näringsvärde": "Energi (kJ)",
        "100 Gram": "1488 kJ"
      },
      {
        "Näringsvärde": "Fett",
        "100 Gram": "28 g"
      },
      {
        "Näringsvärde": "Varav mättat fett",
        "100 Gram": "18 g"
      },
      {
        "Näringsvärde": "Kolhydrat",
        "100 Gram": "0 g"
      },
      {
        "Näringsvärde": "Varav sockerarter",
        "100 Gram": "0 g"
      },
      {
        "Näringsvärde": "Protein",
        "100 Gram": "26 g"
      },
      {
        "Näringsvärde": "Salt",
        "100 Gram": "1.2 g"
      },
      {
        "Näringsvärde": "Vitamin B12",
        "100 Gram": "1.5 µg",
        "% av DRI(*)": "60"
      },
      {
        "Näringsvärde": "Kalcium",
        "100 Gram": "766 mg",
        "% av DRI(*)": "96"
      }
    ],
    "nutritionUnitText": "Näringsvärde per 100 gram",
    "categories": {
      "mainCategory": "Mejeri & Ost",
      "subCategories": [
        {
          "name": "Ost",
          "subSubCategories": [
            "Påläggsost",
            "Grevé"
          ]
        }
      ]
    }
  },
  {
    "name": "Matlagningsgrädde 13% 5dl Arla Köket®",
    "weightText": "0.5 l",
    "caPart": "",
    "weightValue": 0.5,
    "weightUnit": "l",
    "comparePrice": "61,00 kr/l",
    "currentPrice": 30.5,
    "attributes": [
      "Ursprungsland Sverige"
    ],
    "imgUrl": "https://handlaprivatkund.ica.se/images-v3/bf7a00ca-390e-4769-865f-dc369586872e/eb01f838-6516-45c6-9c5f-0102bf79deda/500x500.jpg",
    "productInformation": "Arla Köket® Matlagningsgrädde 13% är en kokbar grädde med lägre fetthalt och längre hållbarhet. Matgrädden som lockar fram det bästa i vardagsmatlagningen – även en liten mängd grädde gör skillnad för smaken. Den har en fyllig, gräddig smak och är idealisk att använda i grytor, soppor och såser. Kan behöva redas, speciellt om syrliga ingredienser ingår i din matlagning. Grädden har en praktisk återförslutningsbar förpackning med skruvkork och håller sig fräsch och god flera dagar. Symbolen med den blågula gräddkannan garanterar 100 procent svensk grädde.",
    "countryText": "Sverige",
    "companyText": "Arla Köket",
    "ingrediensText": "Pastöriserad GRÄDDE, stabiliseringsmedel (karragenan).",
    "storage": "",
    "allergens": "Innehåller Mjölk",
    "usage": "",
    "nutrition": [
      {
        "Näringsvärde": "Energi (kcal)",
        "100 Gram": "150 kcal"
      },
      {
        "Näringsvärde": "Energi (kJ)",
        "100 Gram": "600 kJ"
      },
      {
        "Näringsvärde": "Fett",
        "100 Gram": "13 g"
      },
      {
        "Näringsvärde": "Varav mättat fett",
        "100 Gram": "8.3 g"
      },
      {
        "Näringsvärde": "Kolhydrat",
        "100 Gram": "4.2 g"
      },
      {
        "Näringsvärde": "Varav sockerarter",
        "100 Gram": "4.2 g"
      },
      {
        "Näringsvärde": "Protein",
        "100 Gram": "3.1 g"
      },
      {
        "Näringsvärde": "Salt",
        "100 Gram": "0.1 g"
      },
      {
        "Näringsvärde": "Vitamin A",
        "100 Gram": "120 µg",
        "% av DRI(*)": "15"
      },
      {
        "Näringsvärde": "Vitamin B12",
        "100 Gram": "0.53 µg",
        "% av DRI(*)": "21"
      }
    ],
    "nutritionUnitText": "Näringsvärde per 100 gram",
    "categories": {
      "mainCategory": "Mejeri & Ost",
      "subCategories": [
        {
          "name": "Grädde",
          "subSubCategories": [
            "Matlagningsgrädde"
          ]
        }
      ]
    }
  },
  {
    "name": "Standardmjölk Lång Hållbarhet 3% 1l ICA",
    "weightText": "1 l",
    "caPart": "",
    "weightValue": 1,
    "weightUnit": "l",
    "comparePrice": "15,50 kr/l",
    "currentPrice": 15.5,
    "attributes": [
      "Ursprungsland Sverige",
      "Mjölk från Sverige"
    ],
    "imgUrl": "https://handlaprivatkund.ica.se/images-v3/bf7a00ca-390e-4769-865f-dc369586872e/87c7bd76-a87e-4aec-9c01-7b287aa15d95/500x500.jpg",
    "productInformation": "ICA Standardmjölk med lite längre hållbarhet är en god och fyllig mjölk med 3% fetthalt, från våra svenska gårdar. Den passar att dricka till dagens alla måltider, är särskilt god till kakor och nästan nödvändig till sommarens jordgubbar. Dessutom går den utmärkt att baka med.",
    "countryText": "Sverige",
    "companyText": "ICA",
    "ingrediensText": "Högpastöriserad MJÖLK*, vitamin D. *Ursprung Sverige.",
    "storage": "",
    "allergens": "Innehåller Mjölk",
    "usage": "",
    "nutrition": [
      {
        "Näringsvärde": "Energi (kcal)",
        "100 Milliliter": "59 kcal"
      },
      {
        "Näringsvärde": "Energi (kJ)",
        "100 Milliliter": "248 kJ"
      },
      {
        "Näringsvärde": "Fett",
        "100 Milliliter": "3 g"
      },
      {
        "Näringsvärde": "Varav mättat fett",
        "100 Milliliter": "1.9 g"
      },
      {
        "Näringsvärde": "Kolhydrat",
        "100 Milliliter": "4.6 g"
      },
      {
        "Näringsvärde": "Varav sockerarter",
        "100 Milliliter": "4.6 g"
      },
      {
        "Näringsvärde": "Protein",
        "100 Milliliter": "3.5 g"
      },
      {
        "Näringsvärde": "Salt",
        "100 Milliliter": "0.09 g"
      },
      {
        "Näringsvärde": "Vitamin B12",
        "100 Milliliter": "0.4 µg",
        "% av DRI(*)": "16"
      },
      {
        "Näringsvärde": "Vitamin D",
        "100 Milliliter": "1 µg",
        "% av DRI(*)": "20"
      },
      {
        "Näringsvärde": "Riboflavin",
        "100 Milliliter": "0.14 mg",
        "% av DRI(*)": "10"
      },
      {
        "Näringsvärde": "Folsyra",
        "100 Milliliter": "15 µg",
        "% av DRI(*)": "8"
      },
      {
        "Näringsvärde": "Pantotensyra",
        "100 Milliliter": "0.5 mg",
        "% av DRI(*)": "8"
      },
      {
        "Näringsvärde": "Kalium",
        "100 Milliliter": "160 mg",
        "% av DRI(*)": "8"
      },
      {
        "Näringsvärde": "Klorid",
        "100 Milliliter": "92 mg",
        "% av DRI(*)": "12"
      },
      {
        "Näringsvärde": "Kalcium",
        "100 Milliliter": "124 mg",
        "% av DRI(*)": "16"
      },
      {
        "Näringsvärde": "Fosfor",
        "100 Milliliter": "139 mg",
        "% av DRI(*)": "20"
      },
      {
        "Näringsvärde": "Molybden",
        "100 Milliliter": "3.8 µg",
        "% av DRI(*)": "8"
      },
      {
        "Näringsvärde": "Jod",
        "100 Milliliter": "22 µg",
        "% av DRI(*)": "15"
      }
    ],
    "nutritionUnitText": "Näringsvärde per 100 milliliter",
    "categories": {
      "mainCategory": "Mejeri & Ost",
      "subCategories": [
        {
          "name": "Mjölk",
          "subSubCategories": [
            "Standardmjölk",
            "Standardmjölk, laktos"
          ]
        }
      ]
    }
  },
  {
    "name": "Lättdryck Päron Koncentrat 2dl Kiviks",
    "weightText": "1 l",
    "caPart": "",
    "weightValue": 1,
    "weightUnit": "l",
    "comparePrice": "7,95 kr/l drickklar",
    "currentPrice": 7.95,
    "attributes": [],
    "imgUrl": "https://handlaprivatkund.ica.se/images-v3/bf7a00ca-390e-4769-865f-dc369586872e/8488a6fb-88df-4761-ab4c-3ba53240cbce/500x500.jpg",
    "productInformation": "Pärondryck med mild och sval smak av sensommar. Spädes 1+4 till 1 liter färdig och god dryck för hela familjen. Drickfärdig dryck innehåller: 12% frukt och 6% tillsatt socker.",
    "countryText": "",
    "companyText": "Kiviks Musteri",
    "ingrediensText": "Vatten, päronjuice från koncentrat 12 %, socker, päronarom, syra (citronsyra).",
    "storage": "Oöppnad förpackning kan förvaras i rumstemperatur. Öppnad förpackning förvarad vid högst +8°C är hållbar 4-5 dagar.",
    "allergens": "",
    "usage": "",
    "nutrition": [
      {
        "Näringsvärde": "Energi (kcal)",
        "100 Milliliter": "30 kcal"
      },
      {
        "Näringsvärde": "Energi (kJ)",
        "100 Milliliter": "120 kJ"
      },
      {
        "Näringsvärde": "Fett",
        "100 Milliliter": "0 g"
      },
      {
        "Näringsvärde": "Varav mättat fett",
        "100 Milliliter": "0 g"
      },
      {
        "Näringsvärde": "Kolhydrat",
        "100 Milliliter": "7.2 g"
      },
      {
        "Näringsvärde": "Varav sockerarter",
        "100 Milliliter": "7.2 g"
      },
      {
        "Näringsvärde": "Protein",
        "100 Milliliter": "0 g"
      },
      {
        "Näringsvärde": "Salt",
        "100 Milliliter": "0 g"
      }
    ],
    "nutritionUnitText": "Näringsvärde per 100 milliliter",
    "categories": {
      "mainCategory": "Mejeri & Ost",
      "subCategories": [
        {
          "name": "Juice & Fruktdryck",
          "subSubCategories": [
            "Måltidsdryck",
            "Måltidsdryck koncentrat"
          ]
        }
      ]
    }
  },
  {
    "name": "Kvarg Hallon & Blåbär Laktosfri 7% 200g Valio",
    "weightText": "0.2 kg",
    "caPart": "",
    "weightValue": 0.2,
    "weightUnit": "kg",
    "comparePrice": "82,50 kr/kg",
    "currentPrice": 16.5,
    "attributes": [
      "Laktosfritt"
    ],
    "imgUrl": "https://handlaprivatkund.ica.se/images-v3/bf7a00ca-390e-4769-865f-dc369586872e/c659abb9-4594-49a6-a117-dbae16ebe3d3/500x500.jpg",
    "productInformation": "Laktosfri kvarg med fyllig och rund smak av hallon & blåbär. God som den är tillsammans med frukt och bär som mellanmål. Passar också utmärkt att baka med då den tål ugnsvärme och passar både kalla desserter och gräddade bakverk. Kvargen tillför en fyllig och saftig smak till många bakverk.",
    "countryText": "",
    "companyText": "Valio",
    "ingrediensText": "KVARG (högpastöriserad SKUMMJÖLK, syrningskultur), högpastöriserad GRÄDDE, socker, hallon 3%, blåbär 2,6% (bär, juice från koncentrat), lingonjuice från koncentrat 0,4%, modifierad potatisstärkelse, aromer, enzymer (löpe och laktas).",
    "storage": "Förvaras i högst +8°C. Öppnad förpackning är hållbar i 3-4 dagar i kylskåp. Lägsta förvaringstemperatur 2°C Högsta förvaringstemperatur 8°C",
    "allergens": "",
    "usage": "",
    "nutrition": [
      {
        "Näringsvärde": "Energi (kcal)",
        "100 Gram": "153 kcal"
      },
      {
        "Näringsvärde": "Energi (kJ)",
        "100 Gram": "643 kJ"
      },
      {
        "Näringsvärde": "Fett",
        "100 Gram": "7 g"
      },
      {
        "Näringsvärde": "Varav mättat fett",
        "100 Gram": "4.1 g"
      },
      {
        "Näringsvärde": "Kolhydrat",
        "100 Gram": "15 g"
      },
      {
        "Näringsvärde": "Varav sockerarter",
        "100 Gram": "15 g"
      },
      {
        "Näringsvärde": "Protein",
        "100 Gram": "7.2 g"
      },
      {
        "Näringsvärde": "Salt",
        "100 Gram": "0.11 g"
      }
    ],
    "nutritionUnitText": "",
    "categories": {
      "mainCategory": "Mejeri & Ost",
      "subCategories": [
        {
          "name": "Kvarg",
          "subSubCategories": [
            "Laktosfri kvarg"
          ]
        }
      ]
    }
  },
  {
    "name": "Apelsinjuice Nypressad 850ml Brämhults",
    "weightText": "0.85 l",
    "caPart": "",
    "weightValue": 0.85,
    "weightUnit": "l",
    "comparePrice": "57,06 kr/l exkl pant",
    "currentPrice": 48.5,
    "attributes": [],
    "imgUrl": "https://handlaprivatkund.ica.se/images-v3/bf7a00ca-390e-4769-865f-dc369586872e/8a79c0f6-b2d8-4d78-b22c-8ca946802ee9/500x500.jpg",
    "productInformation": "Färska apelsiner köps in från hela världen, beroende på vilken säsong det är. Ingenting pressas förrän råvaran kommit fram till presseriet och kvalitetsgranskats. Därefter pressar vi apelsinerna för att sedan låta den nypressade juicen landa i hyllan, klar för dig att dricka. Denna juicen är för dig som uppskattar hur säsongerna påverkar smaken, från syrlig till sötare under året. Ny smak varje dag.",
    "countryText": "",
    "companyText": "Brämhults",
    "ingrediensText": "Ingredienser: Nypressad juice av apelsin.",
    "storage": "Färsk kylvara: Förvaras vid högst 8°C. Lägsta förvaringstemperatur 0°C Högsta förvaringstemperatur 8°C",
    "allergens": "",
    "usage": "",
    "nutrition": [
      {
        "Näringsvärde": "Energi (kcal)",
        "100 Milliliter": "43 kcal"
      },
      {
        "Näringsvärde": "Energi (kJ)",
        "100 Milliliter": "182 kJ"
      },
      {
        "Näringsvärde": "Fett",
        "100 Milliliter": "0 g"
      },
      {
        "Näringsvärde": "Varav mättat fett",
        "100 Milliliter": "0 g"
      },
      {
        "Näringsvärde": "Kolhydrat",
        "100 Milliliter": "9 g"
      },
      {
        "Näringsvärde": "Varav sockerarter",
        "100 Milliliter": "9 g"
      },
      {
        "Näringsvärde": "Fiber",
        "100 Milliliter": "0.7 g"
      },
      {
        "Näringsvärde": "Protein",
        "100 Milliliter": "0.7 g"
      },
      {
        "Näringsvärde": "Salt",
        "100 Milliliter": "0 g"
      },
      {
        "Näringsvärde": "Vitamin C",
        "100 Milliliter": "45 mg",
        "% av DRI(*)": "56"
      }
    ],
    "nutritionUnitText": "Näringsvärde per 100 milliliter",
    "categories": {
      "mainCategory": "Mejeri & Ost",
      "subCategories": [
        {
          "name": "Juice & Fruktdryck",
          "subSubCategories": [
            "Nypressad Juice"
          ]
        }
      ]
    }
  },
  {
    "name": "Matlagningsgrädde Laktosfri 10% 5dl Valio",
    "weightText": "0.5 l",
    "caPart": "",
    "weightValue": 0.5,
    "weightUnit": "l",
    "comparePrice": "61,90 kr/l",
    "currentPrice": 30.95,
    "attributes": [
      "Laktosfritt"
    ],
    "imgUrl": "https://handlaprivatkund.ica.se/images-v3/bf7a00ca-390e-4769-865f-dc369586872e/91277ca8-b8ec-4e4e-94d6-5210d359bae0/500x500.jpg",
    "productInformation": "Valio Eila® laktosfri matgrädde kan användas i soppor, såser, bakning och ugnsrätter. Tål långvarig kokning.",
    "countryText": "",
    "companyText": "Valio",
    "ingrediensText": "GRÄDDE, vatten, modifierad stärkelse och laktasenzym. Högpastöriserad.",
    "storage": "Förvaras vid högst +8°C. Öppnad förpackning är hållbar 4-5 dagar i kylskåp.",
    "allergens": "Innehåller Mjölk",
    "usage": "Omskakas före användning.",
    "nutrition": [
      {
        "Näringsvärde": "Energi (kcal)",
        "100 Gram": "119 kcal"
      },
      {
        "Näringsvärde": "Energi (kJ)",
        "100 Gram": "494 kJ"
      },
      {
        "Näringsvärde": "Fett",
        "100 Gram": "10 g"
      },
      {
        "Näringsvärde": "Varav mättat fett",
        "100 Gram": "5.9 g"
      },
      {
        "Näringsvärde": "Kolhydrat",
        "100 Gram": "5.6 g"
      },
      {
        "Näringsvärde": "Varav sockerarter",
        "100 Gram": "2.5 g"
      },
      {
        "Näringsvärde": "Protein",
        "100 Gram": "1.7 g"
      },
      {
        "Näringsvärde": "Salt",
        "100 Gram": "0.19 g"
      }
    ],
    "nutritionUnitText": "Näringsvärde per 100 gram",
    "categories": {
      "mainCategory": "Mejeri & Ost",
      "subCategories": [
        {
          "name": "Grädde",
          "subSubCategories": [
            "Laktosfri grädde",
            "Laktosfri matlagningsgrädde"
          ]
        }
      ]
    }
  },
  {
    "name": "Kvarg Blåbär & Vanilj Utan tillsatt socker 0,2% 150g Lindahls",
    "weightText": "0.15 kg",
    "caPart": "",
    "weightValue": 0.15,
    "weightUnit": "kg",
    "comparePrice": "73,00 kr/kg",
    "currentPrice": 10.95,
    "attributes": [],
    "imgUrl": "https://handlaprivatkund.ica.se/images-v3/bf7a00ca-390e-4769-865f-dc369586872e/f0ddd795-c4e9-40c8-bbe4-c6a11e5ce1a1/500x500.jpg",
    "productInformation": "Lindahls kvarg är en mild och krämig kvarg med ljuvlig smak av blåbär vanilj. Lindahls kvarg har ett högt proteininnehåll, låg fetthalt och innehåller inget tillsatt socker. Perfekt att njuta som den är eller toppa med nötter, frukt eller färska bär. Ät den efter träningen, som mellanmål eller bara när du vill ha något gott och nyttigt! Lindahls kvarg är tillverkad i Sverige med svensk mjölk.",
    "countryText": "",
    "companyText": "Lindahls",
    "ingrediensText": "Högpastöriserad MJÖLK/høypasteurisert MELK, VASSLEPROTIEN/MYSEPROTEIN, mjölksyrakultur/melkesyrekultur, modifierad majsstärkelse maissitärkkelys, färgämne (juice från svart morot och hibiskus), naturlig vaniljarom, arom, syra (citronsyra), sötningsmedel/søtstoffer (Acesulfam K, aspartam). Innehåller en källa av fenylalanin./Inneholder en fenylalaninkilde.",
    "storage": "",
    "allergens": "",
    "usage": "",
    "nutrition": [
      {
        "Näringsvärde": "Energi (kcal)",
        "100 Gram": "60 kcal"
      },
      {
        "Näringsvärde": "Energi (kJ)",
        "100 Gram": "250 kJ"
      },
      {
        "Näringsvärde": "Fett",
        "100 Gram": "0.2 g"
      },
      {
        "Näringsvärde": "Varav mättat fett",
        "100 Gram": "0 g"
      },
      {
        "Näringsvärde": "Kolhydrat",
        "100 Gram": "3.5 g"
      },
      {
        "Näringsvärde": "Varav sockerarter",
        "100 Gram": "3.5 g"
      },
      {
        "Näringsvärde": "Protein",
        "100 Gram": "10 g"
      },
      {
        "Näringsvärde": "Salt",
        "100 Gram": "0.1 g"
      }
    ],
    "nutritionUnitText": "Näringsvärde per 100 gram",
    "categories": {
      "mainCategory": "Mejeri & Ost",
      "subCategories": [
        {
          "name": "Kvarg",
          "subSubCategories": [
            "Kvarg portionsförpackning"
          ]
        }
      ]
    }
  },
  {
    "name": "Grekisk Yoghurt Naturell 10% 1000g Arla®",
    "weightText": "1 kg",
    "caPart": "",
    "weightValue": 1,
    "weightUnit": "kg",
    "comparePrice": "44,50 kr/kg",
    "currentPrice": 44.5,
    "attributes": [],
    "imgUrl": "https://handlaprivatkund.ica.se/images-v3/bf7a00ca-390e-4769-865f-dc369586872e/6aeb5c46-633f-465e-a787-43f2968fed27/500x500.jpg",
    "productInformation": "Arla® Grekisk Yoghurt 10% är en naturell, len och fyllig yoghurt. Den är superkrämig, mättande och perfekt som frukost eller mellanmål för dig som vill orka lite längre. Toppa den med det du gillar bäst, njut tillsammans med nötter, frukt, honung eller färska bär. Yoghurten är den perfekta basen för frukostskålar, smoothies och mycket mer, möjligheterna till variation är oändliga. 1000 g.",
    "countryText": "",
    "companyText": "Arla",
    "ingrediensText": "Högpastöriserad MJÖLK och GRÄDDE, yoghurtkultur.",
    "storage": "",
    "allergens": "",
    "usage": "",
    "nutrition": [
      {
        "Näringsvärde": "Energi (kcal)",
        "100 Gram": "123 kcal"
      },
      {
        "Näringsvärde": "Energi (kJ)",
        "100 Gram": "510 kJ"
      },
      {
        "Näringsvärde": "Fett",
        "100 Gram": "10 g"
      },
      {
        "Näringsvärde": "Varav mättat fett",
        "100 Gram": "6.4 g"
      },
      {
        "Näringsvärde": "Kolhydrat",
        "100 Gram": "3.3 g"
      },
      {
        "Näringsvärde": "Varav sockerarter",
        "100 Gram": "3.3 g"
      },
      {
        "Näringsvärde": "Protein",
        "100 Gram": "4.2 g"
      },
      {
        "Näringsvärde": "Salt",
        "100 Gram": "0.1 g"
      }
    ],
    "nutritionUnitText": "Näringsvärde per 100 gram",
    "categories": {
      "mainCategory": "Mejeri & Ost",
      "subCategories": [
        {
          "name": "Yoghurt",
          "subSubCategories": [
            "Naturell yoghurt"
          ]
        }
      ]
    }
  },
  {
    "name": "Grana Padano 12 mån 200g ICA",
    "weightText": "0.2 kg",
    "caPart": "",
    "weightValue": 0.2,
    "weightUnit": "kg",
    "comparePrice": "304,75 kr/kg",
    "currentPrice": 60.95,
    "attributes": [],
    "imgUrl": "https://handlaprivatkund.ica.se/images-v3/bf7a00ca-390e-4769-865f-dc369586872e/0ac1a2fb-4fee-4cb3-896f-0ac14bf2d10b/500x500.jpg",
    "productInformation": "ICA Grana Padano är en D.O.P-skyddad hårdost från Italien, vilket betyder att den är ursprungsskyddad. Den är lite mildare än kusinen parmesanost och passar perfekt både som den är på en charkbricka eller som pricken över i på pastan. Just den här är lagrad i minst 12 månader.",
    "countryText": "",
    "companyText": "ICA",
    "ingrediensText": "Ingredienser: Opastöriserad MJÖLK*, salt, löpe (animaliskt), konserveringsmedel: lysozym (från ÄGG). *Ursprung: Italien.",
    "storage": "",
    "allergens": "",
    "usage": "",
    "nutrition": [
      {
        "Näringsvärde": "Energi (kcal)",
        "100 Gram": "398 kcal"
      },
      {
        "Näringsvärde": "Energi (kJ)",
        "100 Gram": "1654 kJ"
      },
      {
        "Näringsvärde": "Fett",
        "100 Gram": "29 g"
      },
      {
        "Näringsvärde": "Varav mättat fett",
        "100 Gram": "18 g"
      },
      {
        "Näringsvärde": "Kolhydrat",
        "100 Gram": "0 g"
      },
      {
        "Näringsvärde": "Varav sockerarter",
        "100 Gram": "0 g"
      },
      {
        "Näringsvärde": "Protein",
        "100 Gram": "33 g"
      },
      {
        "Näringsvärde": "Salt",
        "100 Gram": "1.5 g"
      }
    ],
    "nutritionUnitText": "Näringsvärde per 100 gram",
    "categories": {
      "mainCategory": "Mejeri & Ost",
      "subCategories": [
        {
          "name": "Ost",
          "subSubCategories": [
            "Matlagningsost",
            "Italiensk hårdost"
          ]
        }
      ]
    }
  },
  {
    "name": "Fruktdryck Hallon Björnbär Utan tillsatt socker 1l ProViva",
    "weightText": "1 l",
    "caPart": "",
    "weightValue": 1,
    "weightUnit": "l",
    "comparePrice": "33,95 kr/l",
    "currentPrice": 33.95,
    "attributes": [],
    "imgUrl": "https://handlaprivatkund.ica.se/images-v3/bf7a00ca-390e-4769-865f-dc369586872e/153bb590-889a-42fa-b136-d12f114c8258/500x500.jpg",
    "productInformation": "ProViva Hallon Björnbär UTS - dröm dig bort till sommarens hallonsnår. Inte till taggarna, bara till den fina smaken av nyplockade hallon. Tänk sedan att du fick med dig några björnbär också. Det här är en härlig, bärig blandning med rik smak. Istället för socker har vi tillsatt steviolglykosider som utvinns ur växten stevia i ProViva Hallon Björnbär. Innehåller miljarder goda bakterier och är rik på antioxidanten vitamin C, som bidrar till immunförsvarets normala funktion. ProViva - magens lille vän.",
    "countryText": "",
    "companyText": "Proviva",
    "ingrediensText": "Vatten, juice från koncentrat (druva, hallon 3 %, aronia), puré (hallon 6 %, banan, björnbär 3 %), HAVREmjöl 0,8 %, förtjockningsmedel (pektin), naturlig arom, syra (äppelsyra, citronsyra), vitamin C, sötningsmedel (steviolglykosider), kultur: Lactobacillus plantarum 299v. Totalt fruktinnehåll 35 %.",
    "storage": "Lägsta förvaringstemperatur 2°C Högsta förvaringstemperatur 8°C",
    "allergens": "Innehåller Spannmål som innehåller gluten",
    "usage": "",
    "nutrition": [
      {
        "Näringsvärde": "Energi (kcal)",
        "100 Gram": "22 kcal"
      },
      {
        "Näringsvärde": "Energi (kJ)",
        "100 Gram": "92 kJ"
      },
      {
        "Näringsvärde": "Fett",
        "100 Gram": "0.1 g"
      },
      {
        "Näringsvärde": "Varav mättat fett",
        "100 Gram": "0 g"
      },
      {
        "Näringsvärde": "Kolhydrat",
        "100 Gram": "5.1 g"
      },
      {
        "Näringsvärde": "Varav sockerarter",
        "100 Gram": "4.2 g"
      },
      {
        "Näringsvärde": "Fiber",
        "100 Gram": "0.5 g"
      },
      {
        "Näringsvärde": "Protein",
        "100 Gram": "0.2 g"
      },
      {
        "Näringsvärde": "Salt",
        "100 Gram": "0.03 g"
      },
      {
        "Näringsvärde": "Vitamin C",
        "100 Gram": "35 mg",
        "% av DRI(*)": "44"
      }
    ],
    "nutritionUnitText": "",
    "categories": {
      "mainCategory": "Mejeri & Ost",
      "subCategories": [
        {
          "name": "Juice & Fruktdryck",
          "subSubCategories": [
            "Fruktdryck"
          ]
        }
      ]
    }
  },
  {
    "name": "Herrgård 28% mellanlagrad ca 750g ICA",
    "weightText": "Ca 0.75 kg",
    "caPart": "Ca",
    "weightValue": 0.75,
    "weightUnit": "kg",
    "comparePrice": "110,00 kr/kg",
    "currentPrice": 82.5,
    "attributes": [
      "Från Sverige",
      "Ursprungsland Sverige"
    ],
    "imgUrl": "https://handlaprivatkund.ica.se/images-v3/bf7a00ca-390e-4769-865f-dc369586872e/971b0d6e-36d8-4996-85b9-70fe5fc7400b/500x500.jpg",
    "productInformation": "ICA Herrgård® mellanlagrad har en gräddig och nötig smak. Lagrad 5-7 månader och gjord på svensk mjölk.",
    "countryText": "Sverige",
    "companyText": "ICA",
    "ingrediensText": "Ingredienser: Pastöriserad MJÖLK*, salt, mjölksyrakultur, mjölkkoagulerande enzym (mikrobiellt), konserveringsmedel E202. *Ursprung Sverige",
    "storage": "",
    "allergens": "",
    "usage": "",
    "nutrition": [
      {
        "Näringsvärde": "Energi (kcal)",
        "100 Gram": "360 kcal"
      },
      {
        "Näringsvärde": "Energi (kJ)",
        "100 Gram": "1500 kJ"
      },
      {
        "Näringsvärde": "Fett",
        "100 Gram": "28 g"
      },
      {
        "Näringsvärde": "Varav mättat fett",
        "100 Gram": "18 g"
      },
      {
        "Näringsvärde": "Kolhydrat",
        "100 Gram": "0 g"
      },
      {
        "Näringsvärde": "Varav sockerarter",
        "100 Gram": "0 g"
      },
      {
        "Näringsvärde": "Protein",
        "100 Gram": "27 g"
      },
      {
        "Näringsvärde": "Salt",
        "100 Gram": "1.2 g"
      },
      {
        "Näringsvärde": "Kalcium",
        "100 Gram": "750 mg",
        "% av DRI(*)": "94"
      }
    ],
    "nutritionUnitText": "Näringsvärde per 100 gram",
    "categories": {
      "mainCategory": "Mejeri & Ost",
      "subCategories": [
        {
          "name": "Ost",
          "subSubCategories": [
            "Påläggsost",
            "Herrgård"
          ]
        }
      ]
    }
  },
  {
    "name": "Rismål Jordgubb 175g ICA",
    "weightText": "0.175 kg",
    "caPart": "",
    "weightValue": 0.175,
    "weightUnit": "kg",
    "comparePrice": "65,71 kr/kg",
    "currentPrice": 11.5,
    "attributes": [],
    "imgUrl": "https://handlaprivatkund.ica.se/images-v3/bf7a00ca-390e-4769-865f-dc369586872e/8d4100f6-6d73-4af8-a559-b9008ea0cbad/500x500.jpg",
    "productInformation": "ICA Rismål Jorgubb är ett enkelt och mättande mellanmål med krämig risgröt och god jordgubbssylt som enkelt hälls över gröten.",
    "countryText": "",
    "companyText": "ICA",
    "ingrediensText": "Högpastöriserad MJÖLK* och GRÄDDE*, jordgubbsberedning (jordgubb (delvis från koncentrat), vatten, socker, glukosfruktossirap, modifierad majsstärkelse, förtjockningsmedel (E440), syra (E330), färgämne (svart morotsjuice och rödbetsjuice), arom), ris 7,7%, socker, glukos, vasslepulver (från MJÖLK), arom, salt, stabiliseringsmedel (E407). . *Ursprung EU",
    "storage": "",
    "allergens": "",
    "usage": "",
    "nutrition": [
      {
        "Näringsvärde": "Energi (kcal)",
        "100 Gram": "115 kcal"
      },
      {
        "Näringsvärde": "Energi (kJ)",
        "100 Gram": "485 kJ"
      },
      {
        "Näringsvärde": "Fett",
        "100 Gram": "2.9 g"
      },
      {
        "Näringsvärde": "Varav mättat fett",
        "100 Gram": "2 g"
      },
      {
        "Näringsvärde": "Kolhydrat",
        "100 Gram": "19 g"
      },
      {
        "Näringsvärde": "Varav sockerarter",
        "100 Gram": "13 g"
      },
      {
        "Näringsvärde": "Protein",
        "100 Gram": "3 g"
      },
      {
        "Näringsvärde": "Salt",
        "100 Gram": "0.13 g"
      }
    ],
    "nutritionUnitText": "Näringsvärde per 100 gram",
    "categories": {
      "mainCategory": "Mejeri & Ost",
      "subCategories": [
        {
          "name": "Kylda mellanmål & desserter",
          "subSubCategories": [
            "Kylda mellanmål",
            "Rismål, laktos"
          ]
        }
      ]
    }
  },
  {
    "name": "Mellanmål Magisk Mango 175g RisiFrutti",
    "weightText": "0.175 kg",
    "caPart": "",
    "weightValue": 0.175,
    "weightUnit": "kg",
    "comparePrice": "71,43 kr/kg",
    "currentPrice": 12.5,
    "attributes": [],
    "imgUrl": "https://handlaprivatkund.ica.se/images-v3/bf7a00ca-390e-4769-865f-dc369586872e/df49b7bb-3ece-45c1-b7f4-140806ca78f2/500x500.jpg",
    "productInformation": "Smaka på magin med nya Risifrutti Magisk Mango. Den förtrollande goda gula såsen bjuder dig på ett tropiskt mangoäventyr som är både sött och syrligt. Precis som alla andra Risifrutti innehåller även Magisk Mango en bas av krämig risgröt med smak av vanilj, mjölk och grädde. Tillverkad i Örebro på svensk mjölk och grädde.",
    "countryText": "",
    "companyText": "RisiFrutti",
    "ingrediensText": "INGREDIENSER: MJÖLK/MÆLK, vatten/vand, ris (8,5%), socker (6,3%), äpple/æble (6%), GRÄDDE/FLØDE, naturliga aromer (bl. a. vanillin), mango (0,38%), förtjockningsmedel/fortykningsmiddel (pektin, karragenan), salt, syra (citronsyra), färg (paprikaextrakt/peberekstrak, tistelextrakt/tidselekstrakt).",
    "storage": "I kylskåp 2-8 °C Lägsta förvaringstemperatur 2°C Högsta förvaringstemperatur 8°C",
    "allergens": "",
    "usage": "",
    "nutrition": [
      {
        "Näringsvärde": "Energi (kcal)",
        "100 Gram": "111 kcal"
      },
      {
        "Näringsvärde": "Energi (kJ)",
        "100 Gram": "466 kJ"
      },
      {
        "Näringsvärde": "Fett",
        "100 Gram": "3.3 g"
      },
      {
        "Näringsvärde": "Varav mättat fett",
        "100 Gram": "2.1 g"
      },
      {
        "Näringsvärde": "Kolhydrat",
        "100 Gram": "17 g"
      },
      {
        "Näringsvärde": "Varav sockerarter",
        "100 Gram": "10 g"
      },
      {
        "Näringsvärde": "Protein",
        "100 Gram": "3 g"
      },
      {
        "Näringsvärde": "Salt",
        "100 Gram": "0.16 g"
      }
    ],
    "nutritionUnitText": "Näringsvärde per 100 gram",
    "categories": {
      "mainCategory": "Mejeri & Ost",
      "subCategories": [
        {
          "name": "Kylda mellanmål & desserter",
          "subSubCategories": [
            "Kylda mellanmål",
            "Rismål, laktos"
          ]
        }
      ]
    }
  },
  {
    "name": "Lättfil Naturell 0,5% 1000g ICA",
    "weightText": "1 kg",
    "caPart": "",
    "weightValue": 1,
    "weightUnit": "kg",
    "comparePrice": "14,50 kr/kg",
    "currentPrice": 14.5,
    "attributes": [
      "Från Sverige",
      "Nyckelhålet",
      "Ursprungsland Sverige"
    ],
    "imgUrl": "https://handlaprivatkund.ica.se/images-v3/bf7a00ca-390e-4769-865f-dc369586872e/00514224-673b-45df-8c82-96f4e6e604eb/500x500.jpg",
    "productInformation": "Vår lätta naturella filmjölk är tillverkad i Sverige på mjölk från svenska gårdar. Den är god att äta som en är eller med flingor, bär eller hackade nötter.",
    "countryText": "Sverige",
    "companyText": "ICA",
    "ingrediensText": "Högpastöriserad mjölk, filmjölkskultur, Vitamin D.",
    "storage": "Lägsta förvaringstemperatur 2°C Högsta förvaringstemperatur 8°C",
    "allergens": "Innehåller Mjölk",
    "usage": "",
    "nutrition": [
      {
        "Näringsvärde": "Energi (kcal)",
        "100 Gram": "40 kcal"
      },
      {
        "Näringsvärde": "Energi (kJ)",
        "100 Gram": "170 kJ"
      },
      {
        "Näringsvärde": "Fett",
        "100 Gram": "0.5 g"
      },
      {
        "Näringsvärde": "Varav mättat fett",
        "100 Gram": "0.5 g"
      },
      {
        "Näringsvärde": "Kolhydrat",
        "100 Gram": "4.2 g"
      },
      {
        "Näringsvärde": "Varav sockerarter",
        "100 Gram": "4.2 g"
      },
      {
        "Näringsvärde": "Protein",
        "100 Gram": "3.7 g"
      },
      {
        "Näringsvärde": "Salt",
        "100 Gram": "0.1 g"
      },
      {
        "Näringsvärde": "Vitamin D",
        "100 Gram": "1 µg"
      },
      {
        "Näringsvärde": "Kalcium",
        "100 Gram": "120 mg"
      }
    ],
    "nutritionUnitText": "Näringsvärde per 100 gram",
    "categories": {
      "mainCategory": "Mejeri & Ost",
      "subCategories": [
        {
          "name": "Filmjölk",
          "subSubCategories": [
            "Filmjölk naturell"
          ]
        }
      ]
    }
  },
  {
    "name": "Vispgrädde Laktosfri 35% 5dl Valio",
    "weightText": "0.5 l",
    "caPart": "",
    "weightValue": 0.5,
    "weightUnit": "l",
    "comparePrice": "73,00 kr/l",
    "currentPrice": 36.5,
    "attributes": [
      "Laktosfritt"
    ],
    "imgUrl": "https://handlaprivatkund.ica.se/images-v3/bf7a00ca-390e-4769-865f-dc369586872e/28d47f4c-d609-4fb6-bc3d-1489413e5936/500x500.jpg",
    "productInformation": "Valio Eila® laktosfri vispgrädde har många användningsområden och kan användas i efterrätter, bakverk och garnering av dryck. Tål långvarig kokning. Njut av den i matlagning eller varför inte som den är till färska jordgubbar.",
    "countryText": "",
    "companyText": "Valio",
    "ingrediensText": "GRÄDDE, stabiliseringsmedel (karragenan) och laktasenzym. Högpastöriserad.",
    "storage": "Förvaras vid högst +8°C. Öppnad förpackning är hållbar 4-5 dagar i kylskåp.",
    "allergens": "Innehåller Mjölk",
    "usage": "Omskakas före användning.",
    "nutrition": [
      {
        "Näringsvärde": "Energi (kcal)",
        "100 Gram": "336 kcal"
      },
      {
        "Näringsvärde": "Energi (kJ)",
        "100 Gram": "1383 kJ"
      },
      {
        "Näringsvärde": "Fett",
        "100 Gram": "35 g"
      },
      {
        "Näringsvärde": "Varav mättat fett",
        "100 Gram": "21 g"
      },
      {
        "Näringsvärde": "Kolhydrat",
        "100 Gram": "3 g"
      },
      {
        "Näringsvärde": "Varav sockerarter",
        "100 Gram": "3 g"
      },
      {
        "Näringsvärde": "Protein",
        "100 Gram": "2.2 g"
      },
      {
        "Näringsvärde": "Salt",
        "100 Gram": "0.07 g"
      }
    ],
    "nutritionUnitText": "Näringsvärde per 100 gram",
    "categories": {
      "mainCategory": "Mejeri & Ost",
      "subCategories": [
        {
          "name": "Grädde",
          "subSubCategories": [
            "Laktosfri grädde",
            "Laktosfri vispgrädde"
          ]
        }
      ]
    }
  },
  {
    "name": "Havredryck Naturell 2,8% 1l Oatly",
    "weightText": "1 l",
    "caPart": "",
    "weightValue": 1,
    "weightUnit": "l",
    "comparePrice": "19,95 kr/l",
    "currentPrice": 19.95,
    "attributes": [],
    "imgUrl": "https://handlaprivatkund.ica.se/images-v3/bf7a00ca-390e-4769-865f-dc369586872e/5f845969-2e3c-4e00-95a2-f406b600f258/500x500.jpg",
    "productInformation": "",
    "countryText": "",
    "companyText": "Oatly",
    "ingrediensText": "INGREDIENSER: Vatten/vann, HAVRE 10%, rapsolja, surhetsreglerande medel (dikaliumfosfat), mineraler (kalciumkarbonat, kaliumjodid), salt, vitaminer (D2, riboflavin, B12).",
    "storage": "Produkten är en kylvara, förvaras vid högst +8 grader. Öppnad förpackning hållbar minst 5 dagar.",
    "allergens": "",
    "usage": "",
    "nutrition": [
      {
        "Näringsvärde": "Energi (kcal)",
        "100 Milliliter": "60 kcal"
      },
      {
        "Näringsvärde": "Energi (kJ)",
        "100 Milliliter": "249 kJ"
      },
      {
        "Näringsvärde": "Fett",
        "100 Milliliter": "2.8 g"
      },
      {
        "Näringsvärde": "Varav mättat fett",
        "100 Milliliter": "0.3 g"
      },
      {
        "Näringsvärde": "Kolhydrat",
        "100 Milliliter": "7.1 g"
      },
      {
        "Näringsvärde": "Varav sockerarter",
        "100 Milliliter": "3.4 g"
      },
      {
        "Näringsvärde": "Fiber",
        "100 Milliliter": "0.8 g"
      },
      {
        "Näringsvärde": "Protein",
        "100 Milliliter": "1.1 g"
      },
      {
        "Näringsvärde": "Salt",
        "100 Milliliter": "0.1 g"
      },
      {
        "Näringsvärde": "Vitamin B12",
        "100 Milliliter": "0.38 µg",
        "% av DRI(*)": "15"
      },
      {
        "Näringsvärde": "Vitamin D",
        "100 Milliliter": "1.1 µg",
        "% av DRI(*)": "22"
      },
      {
        "Näringsvärde": "Riboflavin",
        "100 Milliliter": "0.21 mg",
        "% av DRI(*)": "15"
      },
      {
        "Näringsvärde": "Kalcium",
        "100 Milliliter": "120 mg",
        "% av DRI(*)": "15"
      },
      {
        "Näringsvärde": "Jod",
        "100 Milliliter": "22.5 µg",
        "% av DRI(*)": "15"
      }
    ],
    "nutritionUnitText": "Näringsvärde per 100 milliliter",
    "categories": {
      "mainCategory": "Mejeri & Ost",
      "subCategories": [
        {
          "name": "Mjölk",
          "subSubCategories": [
            "Mjölkfri dryck",
            "Havredryck"
          ]
        }
      ]
    }
  },
  {
    "name": "A-fil 3% Laktosfri 1l ICA",
    "weightText": "1 kg",
    "caPart": "",
    "weightValue": 1,
    "weightUnit": "kg",
    "comparePrice": "23,95 kr/kg",
    "currentPrice": 23.95,
    "attributes": [
      "Ursprungsland Sverige",
      "Laktosfritt"
    ],
    "imgUrl": "https://handlaprivatkund.ica.se/images-v3/bf7a00ca-390e-4769-865f-dc369586872e/d0daa027-8405-4d39-965b-49ccf78074ce/500x500.jpg",
    "productInformation": "ICA A-fil Laktosfri har en tjock, krämig konsistens och en svagt syrlig smak. Supergod att äta som den är eller med flingor, bär och hackade nötter. Vi gör vår A-fil på mjölk från svenska gårdar.",
    "countryText": "Sverige",
    "companyText": "ICA",
    "ingrediensText": "Högpastöriserad mjölk, filmjölkskultur, kultur av Lactobacillus acidophilus, laktasenzym, Vitamin D.",
    "storage": "",
    "allergens": "",
    "usage": "",
    "nutrition": [
      {
        "Näringsvärde": "Energi (kcal)",
        "100 Gram": "55 kcal"
      },
      {
        "Näringsvärde": "Energi (kJ)",
        "100 Gram": "220 kJ"
      },
      {
        "Näringsvärde": "Fett",
        "100 Gram": "3 g"
      },
      {
        "Näringsvärde": "Varav fleromättat fett",
        "100 Gram": "0.07 g"
      },
      {
        "Näringsvärde": "Varav mättat fett",
        "100 Gram": "1.9 g"
      },
      {
        "Näringsvärde": "Varav enkelomättat fett",
        "100 Gram": "0.7 g"
      },
      {
        "Näringsvärde": "Kolhydrat",
        "100 Gram": "2 g"
      },
      {
        "Näringsvärde": "Varav sockerarter",
        "100 Gram": "2 g"
      },
      {
        "Näringsvärde": "Fiber",
        "100 Gram": "0 g"
      },
      {
        "Näringsvärde": "Protein",
        "100 Gram": "3.6 g"
      },
      {
        "Näringsvärde": "Salt",
        "100 Gram": "0.1 g"
      },
      {
        "Näringsvärde": "Kalcium",
        "100 Gram": "120 mg"
      },
      {
        "Näringsvärde": "Fosfor",
        "100 Gram": "105 mg"
      }
    ],
    "nutritionUnitText": "Näringsvärde per 100 gram",
    "categories": {
      "mainCategory": "Mejeri & Ost",
      "subCategories": [
        {
          "name": "Filmjölk",
          "subSubCategories": [
            "Laktosfri filmjölk"
          ]
        }
      ]
    }
  },
  {
    "name": "Lättmjölkdryck Laktosfri 0,5% 1l ICA",
    "weightText": "1 l",
    "caPart": "",
    "weightValue": 1,
    "weightUnit": "l",
    "comparePrice": "19,50 kr/l",
    "currentPrice": 19.5,
    "attributes": [
      "Från Sverige",
      "Ursprungsland Sverige",
      "Laktosfritt"
    ],
    "imgUrl": "https://handlaprivatkund.ica.se/images-v3/bf7a00ca-390e-4769-865f-dc369586872e/73fb3e90-a5ee-456e-b130-1ce3535a2e54/500x500.jpg",
    "productInformation": "ICA Lättmjölk Dryck Laktosfri för dig som är laktosintolerant. Passar till dagens alla måltider eller tillsammans med flingor eller müsli.",
    "countryText": "Sverige",
    "companyText": "ICA",
    "ingrediensText": "Högpastöriserad mjölk, laktasenzym, vitamin D.",
    "storage": "",
    "allergens": "",
    "usage": "",
    "nutrition": [
      {
        "Näringsvärde": "Energi (kcal)",
        "100 Gram": "30 kcal"
      },
      {
        "Näringsvärde": "Energi (kJ)",
        "100 Gram": "120 kJ"
      },
      {
        "Näringsvärde": "Fett",
        "100 Gram": "0.5 g"
      },
      {
        "Näringsvärde": "Varav mättat fett",
        "100 Gram": "0.3 g"
      },
      {
        "Näringsvärde": "Kolhydrat",
        "100 Gram": "3 g"
      },
      {
        "Näringsvärde": "Varav sockerarter",
        "100 Gram": "3 g"
      },
      {
        "Näringsvärde": "Protein",
        "100 Gram": "3.5 g"
      },
      {
        "Näringsvärde": "Salt",
        "100 Gram": "0.1 g"
      },
      {
        "Näringsvärde": "Vitamin B12",
        "100 Gram": "0.5 µg"
      },
      {
        "Näringsvärde": "Vitamin D",
        "100 Gram": "1 µg"
      },
      {
        "Näringsvärde": "Riboflavin",
        "100 Gram": "0.14 mg"
      },
      {
        "Näringsvärde": "Kalcium",
        "100 Gram": "120 mg"
      }
    ],
    "nutritionUnitText": "Näringsvärde per 100 gram",
    "categories": {
      "mainCategory": "Mejeri & Ost",
      "subCategories": [
        {
          "name": "Mjölk",
          "subSubCategories": [
            "Lättmjölk",
            "Lättmjölk, laktosfri"
          ]
        }
      ]
    }
  },
  {
    "name": "Cottage Cheese Mini Naturell 1,5% 500g ICA",
    "weightText": "0.5 kg",
    "caPart": "",
    "weightValue": 0.5,
    "weightUnit": "kg",
    "comparePrice": "61,00 kr/kg",
    "currentPrice": 30.5,
    "attributes": [
      "Nyckelhålet",
      "Ursprungsland Sverige",
      "Mjölk från Sverige"
    ],
    "imgUrl": "https://handlaprivatkund.ica.se/images-v3/bf7a00ca-390e-4769-865f-dc369586872e/c8b3a201-b8f3-49d6-a49d-77f1286c85a8/500x500.jpg",
    "productInformation": "ICA Cottage cheese naturell mini är en grynig färskost med lite lägre fetthalt. Passar som mellanmål tillsammans med färska bär eller som tillbehör i en sallad.",
    "countryText": "Sverige",
    "companyText": "ICA",
    "ingrediensText": "Pastöriserad MJÖLK*, modifierad potatisstärkelse, salt, vasslepermeat(MJÖLK), modifierad potatisstärkelse*, konserveringsmedel(E202), syrningskultur, mjölkkoagulerande enzym (mikrobiellt). *Ursprung Sverige",
    "storage": "Lägsta förvaringstemperatur 2°C Högsta förvaringstemperatur 8°C",
    "allergens": "",
    "usage": "",
    "nutrition": [
      {
        "Näringsvärde": "Energi (kcal)",
        "100 Gram": "73 kcal"
      },
      {
        "Näringsvärde": "Energi (kJ)",
        "100 Gram": "306 kJ"
      },
      {
        "Näringsvärde": "Fett",
        "100 Gram": "1.5 g"
      },
      {
        "Näringsvärde": "Varav mättat fett",
        "100 Gram": "1 g"
      },
      {
        "Näringsvärde": "Kolhydrat",
        "100 Gram": "3.2 g"
      },
      {
        "Näringsvärde": "Varav sockerarter",
        "100 Gram": "2.6 g"
      },
      {
        "Näringsvärde": "Protein",
        "100 Gram": "12 g"
      },
      {
        "Näringsvärde": "Salt",
        "100 Gram": "0.82 g"
      }
    ],
    "nutritionUnitText": "Näringsvärde per 100 gram",
    "categories": {
      "mainCategory": "Mejeri & Ost",
      "subCategories": [
        {
          "name": "Cottage cheese",
          "subSubCategories": [
            "Cottage cheese naturell"
          ]
        }
      ]
    }
  },
  {
    "name": "Mellanmål Hallon 165g MannaFrutti",
    "weightText": "0.165 kg",
    "caPart": "",
    "weightValue": 0.165,
    "weightUnit": "kg",
    "comparePrice": "75,76 kr/kg",
    "currentPrice": 12.5,
    "attributes": [],
    "imgUrl": "https://handlaprivatkund.ica.se/images-v3/bf7a00ca-390e-4769-865f-dc369586872e/f2199074-6143-41b8-97ca-03ef14973c7b/500x500.jpg",
    "productInformation": "Mannafrutti Hallon är ett mättande mellanmål med en syrlig och god hallonsås. Mannafrutti är gjord på mannagryn istället för ris med en bas av naturliga ingredienser från mjölk, grädde, mannagryn, frukt & bär. Resultatet är en len mannagröt som blir oemotståndligt god tillsammans med frisk frukt & bärsås. Mannagrynsgröten från Mannafrutti innehåller självklart svensk mjölk och grädde. Historien om Risifrutti började 1993 och sedan dess är det ett älskat mellanmål hos både stora och små. Mellanmålen är kända för sin goda smak och naturliga råvaror. Ris- och mannagröten tillverkas i Örebro och de goda frukt- och bärsåserna tillverkas i Kumla. För att läsa mer om Risifrutti besök risifrutti.se.",
    "countryText": "",
    "companyText": "RisiFrutti",
    "ingrediensText": "MJÖLK/MÆLK, GRÄDDE/FLØDE, vatten, socker (9%), hallon/hindbær (6%), MANNAGRYN av VETE/HVEDE (4%), förtjockningsmedel/fortykningsmiddel (pektin, karragenan), VETEstärkelse/HVEDEstivelse, naturliga aromer, salt, syra (citronsyra).",
    "storage": "I kylskåp 2-8 °C",
    "allergens": "",
    "usage": "",
    "nutrition": [
      {
        "Näringsvärde": "Energi (kcal)",
        "100 Gram": "138 kcal"
      },
      {
        "Näringsvärde": "Energi (kJ)",
        "100 Gram": "578 kJ"
      },
      {
        "Näringsvärde": "Fett",
        "100 Gram": "7.2 g"
      },
      {
        "Näringsvärde": "Varav mättat fett",
        "100 Gram": "4.6 g"
      },
      {
        "Näringsvärde": "Kolhydrat",
        "100 Gram": "15 g"
      },
      {
        "Näringsvärde": "Varav sockerarter",
        "100 Gram": "12 g"
      },
      {
        "Näringsvärde": "Protein",
        "100 Gram": "2.9 g"
      },
      {
        "Näringsvärde": "Salt",
        "100 Gram": "0.11 g"
      }
    ],
    "nutritionUnitText": "Näringsvärde per 100 gram",
    "categories": {
      "mainCategory": "Mejeri & Ost",
      "subCategories": [
        {
          "name": "Kylda mellanmål & desserter",
          "subSubCategories": [
            "Kylda mellanmål",
            "Rismål, laktos"
          ]
        }
      ]
    }
  },
  {
    "name": "Vispgrädde Laktosfri 36% 5dl Arla®",
    "weightText": "0.5 l",
    "caPart": "",
    "weightValue": 0.5,
    "weightUnit": "l",
    "comparePrice": "81,90 kr/l",
    "currentPrice": 40.95,
    "attributes": [
      "Ursprungsland Sverige",
      "Laktosfritt"
    ],
    "imgUrl": "https://handlaprivatkund.ica.se/images-v3/bf7a00ca-390e-4769-865f-dc369586872e/be24691c-6989-4d30-94e2-398e98dcc375/500x500.jpg",
    "productInformation": "Arla® Laktosfri vispgrädde 36% har en söt, aromatisk gräddsmak och mjuk, krämig och len konsistens. Gräddens sötma matchar speciellt bra till rätter med syrlig karaktär. Laktosfri vispgrädde både förstärker och rundar av smaken vilket gör den idealisk till vardagsmatlagning, bakning och desserter. Även en liten mängd grädde i mat gör stor skillnad för smaken. Produkten har längre hållbarhet och en praktisk återförslutningsbar förpackning med skruvkork och håller sig fräsch och god flera dagar efter den öppnats. Symbolen med den blågula gräddkannan garanterar 100 procent svensk grädde.",
    "countryText": "Sverige",
    "companyText": "Arla",
    "ingrediensText": "Pastöriserad GRÄDDE, laktasenzym, stabiliseringsmedel (karragenan).",
    "storage": "",
    "allergens": "Innehåller Mjölk",
    "usage": "",
    "nutrition": [
      {
        "Näringsvärde": "Energi (kcal)",
        "100 Gram": "346 kcal"
      },
      {
        "Näringsvärde": "Energi (kJ)",
        "100 Gram": "1423 kJ"
      },
      {
        "Näringsvärde": "Fett",
        "100 Gram": "36 g"
      },
      {
        "Näringsvärde": "Varav mättat fett",
        "100 Gram": "23 g"
      },
      {
        "Näringsvärde": "Kolhydrat",
        "100 Gram": "3.1 g"
      },
      {
        "Näringsvärde": "Varav sockerarter",
        "100 Gram": "3 g"
      },
      {
        "Näringsvärde": "Protein",
        "100 Gram": "2.3 g"
      },
      {
        "Näringsvärde": "Salt",
        "100 Gram": "0.06 g"
      },
      {
        "Näringsvärde": "Vitamin A",
        "100 Gram": "309 µg",
        "% av DRI(*)": "39"
      }
    ],
    "nutritionUnitText": "Näringsvärde per 100 gram",
    "categories": {
      "mainCategory": "Mejeri & Ost",
      "subCategories": [
        {
          "name": "Grädde",
          "subSubCategories": [
            "Laktosfri grädde",
            "Laktosfri vispgrädde"
          ]
        }
      ]
    }
  },
  {
    "name": "Mellanmjölkdryck Laktosfri 1,5% 1l Valio",
    "weightText": "1 l",
    "caPart": "",
    "weightValue": 1,
    "weightUnit": "l",
    "comparePrice": "18,95 kr/l",
    "currentPrice": 18.95,
    "attributes": [
      "Laktosfritt"
    ],
    "imgUrl": "https://handlaprivatkund.ica.se/images-v3/bf7a00ca-390e-4769-865f-dc369586872e/df49af6a-663b-4d36-8fa3-76d46420d2d7/500x500.jpg",
    "productInformation": "Hemligheten bakom vår goda mjölkdryck är enkel. Vi har låtit alla naturliga smaker, vitaminer och mineraler vara kvar och endast tagit bort all laktos - för en lättare magkänsla. Fetthalt 1,5%. Njut av vår goda laktosfria mjölk till maten, frukost eller i kaffet.",
    "countryText": "",
    "companyText": "Valio",
    "ingrediensText": "MELLANMJÖLK, vitamin D, laktas- och proteasenzym.",
    "storage": "Förvaras vid högst +8°C. Öppnad förpackning är hållbar 4-5 dagar i kylskåp.",
    "allergens": "",
    "usage": "",
    "nutrition": [
      {
        "Näringsvärde": "Energi (kcal)",
        "100 Gram": "39 kcal"
      },
      {
        "Näringsvärde": "Energi (kJ)",
        "100 Gram": "164 kJ"
      },
      {
        "Näringsvärde": "Fett",
        "100 Gram": "1.5 g"
      },
      {
        "Näringsvärde": "Varav mättat fett",
        "100 Gram": "0.9 g"
      },
      {
        "Näringsvärde": "Kolhydrat",
        "100 Gram": "3.1 g"
      },
      {
        "Näringsvärde": "Varav sockerarter",
        "100 Gram": "3.1 g"
      },
      {
        "Näringsvärde": "Protein",
        "100 Gram": "3.3 g"
      },
      {
        "Näringsvärde": "Salt",
        "100 Gram": "0.1 g"
      },
      {
        "Näringsvärde": "Vitamin B12",
        "100 Gram": "0.4 µg",
        "% av DRI(*)": "16"
      },
      {
        "Näringsvärde": "Vitamin D",
        "100 Gram": "2 µg",
        "% av DRI(*)": "40"
      },
      {
        "Näringsvärde": "Riboflavin",
        "100 Gram": "0.2 mg",
        "% av DRI(*)": "14"
      },
      {
        "Näringsvärde": "Kalcium",
        "100 Gram": "120 mg",
        "% av DRI(*)": "15"
      },
      {
        "Näringsvärde": "Jod",
        "100 Gram": "16 µg",
        "% av DRI(*)": "11"
      }
    ],
    "nutritionUnitText": "Näringsvärde per 100 gram",
    "categories": {
      "mainCategory": "Mejeri & Ost",
      "subCategories": [
        {
          "name": "Mjölk",
          "subSubCategories": [
            "Mellanmjölk",
            "Mellanmjölk, laktosfri"
          ]
        }
      ]
    }
  },
  {
    "name": "Margarin Original växtbaserat 39% 600g Lätta",
    "weightText": "0.6 kg",
    "caPart": "",
    "weightValue": 0.6,
    "weightUnit": "kg",
    "comparePrice": "39,92 kr/kg",
    "currentPrice": 23.95,
    "attributes": [],
    "imgUrl": "https://handlaprivatkund.ica.se/images-v3/bf7a00ca-390e-4769-865f-dc369586872e/f87ecb9d-395c-4270-bd32-9cd354a722f2/500x500.jpg",
    "productInformation": "Lätta Original är ett gott växtbaserat margarin med bara 39% fetthalt, ett lättare alternativ till smör. Gjord med rapsolja för den goda smakens skull. 100% växtbaserat och utan palmolja. Lätta Original är lätt att bre på din smörgås direkt från kylen. Lätta förhöjer smaken på din macka till frukost, lunch, ditt mellanmål eller på picknicken. Med ursprung från växtriket är Lätta ett klimatsmart val tillverkat i Sverige. Det perfekta tillbehöret till ett gott nybakat bröd.",
    "countryText": "",
    "companyText": "Lätta",
    "ingrediensText": "Ingredienser: vatten, vegetabiliska oljor (raps, solros), kokosolja, modifierad stärkelse, salt (1,5%), emulgeringsmedel (mono- och diglycerider av fettsyror, lecitin), beredning av bondböna, konserveringsmedel (kaliumsorbat), surhetsreglerande medel (mjölksyra), naturlig arom, vitaminer (A, D).",
    "storage": "Förvaras mellan 2-8 °C Lägsta förvaringstemperatur 2°C Högsta förvaringstemperatur 8°C",
    "allergens": "",
    "usage": "",
    "nutrition": [
      {
        "Näringsvärde": "Energi (kcal)",
        "100 Gram": "358 kcal"
      },
      {
        "Näringsvärde": "Energi (kJ)",
        "100 Gram": "1474 kJ"
      },
      {
        "Näringsvärde": "Fett",
        "100 Gram": "39 g"
      },
      {
        "Näringsvärde": "Varav fleromättat fett",
        "100 Gram": "8.3 g"
      },
      {
        "Näringsvärde": "Varav mättat fett",
        "100 Gram": "14 g"
      },
      {
        "Näringsvärde": "Varav enkelomättat fett",
        "100 Gram": "17 g"
      },
      {
        "Näringsvärde": "Kolhydrat",
        "100 Gram": "1.6 g"
      },
      {
        "Näringsvärde": "Varav sockerarter",
        "100 Gram": "0.5 g"
      },
      {
        "Näringsvärde": "Protein",
        "100 Gram": "0.5 g"
      },
      {
        "Näringsvärde": "Salt",
        "100 Gram": "1.5 g"
      },
      {
        "Näringsvärde": "Vitamin A",
        "100 Gram": "900 µg",
        "% av DRI(*)": "113"
      },
      {
        "Näringsvärde": "Vitamin D",
        "100 Gram": "20 µg",
        "% av DRI(*)": "400"
      }
    ],
    "nutritionUnitText": "Näringsvärde per 100 gram",
    "categories": {
      "mainCategory": "Mejeri & Ost",
      "subCategories": [
        {
          "name": "Smör & Margarin",
          "subSubCategories": [
            "Bordsask margarin"
          ]
        }
      ]
    }
  },
  {
    "name": "Lättkvarg Naturell 0,2% 900g ICA Basic",
    "weightText": "0.9 kg",
    "caPart": "",
    "weightValue": 0.9,
    "weightUnit": "kg",
    "comparePrice": "31,06 kr/kg",
    "currentPrice": 27.95,
    "attributes": [
      "Nyckelhålet",
      "Ursprungsland Sverige",
      "Mjölk från Sverige"
    ],
    "imgUrl": "https://handlaprivatkund.ica.se/images-v3/bf7a00ca-390e-4769-865f-dc369586872e/76bdb57a-d54b-49b9-8f57-66eb6b1d3b81/500x500.jpg",
    "productInformation": "ICA Basic Lättkvarg 0,2% i storpack är gjord på mjölk från svenska gårdar. Perfekt att köpa med hem för den hälsomedvetna.",
    "countryText": "Sverige",
    "companyText": "ICA Basic",
    "ingrediensText": "Ingredienser: Högpastöriserad MJÖLK*, syrningskultur, mjölkkoagulerande enzym (mikrobiellt). *Ursprung Sverige.",
    "storage": "Lägsta förvaringstemperatur 2°C Högsta förvaringstemperatur 8°C",
    "allergens": "Innehåller Mjölk",
    "usage": "",
    "nutrition": [
      {
        "Näringsvärde": "Energi (kcal)",
        "100 Gram": "60 kcal"
      },
      {
        "Näringsvärde": "Energi (kJ)",
        "100 Gram": "250 kJ"
      },
      {
        "Näringsvärde": "Fett",
        "100 Gram": "0.2 g"
      },
      {
        "Näringsvärde": "Varav mättat fett",
        "100 Gram": "0 g"
      },
      {
        "Näringsvärde": "Kolhydrat",
        "100 Gram": "3.4 g"
      },
      {
        "Näringsvärde": "Varav sockerarter",
        "100 Gram": "3.4 g"
      },
      {
        "Näringsvärde": "Protein",
        "100 Gram": "11 g"
      },
      {
        "Näringsvärde": "Salt",
        "100 Gram": "0.1 g"
      }
    ],
    "nutritionUnitText": "Näringsvärde per 100 gram",
    "categories": {
      "mainCategory": "Mejeri & Ost",
      "subCategories": [
        {
          "name": "Kvarg",
          "subSubCategories": [
            "Kvarg naturell"
          ]
        }
      ]
    }
  },
  {
    "name": "A-fil Naturell Plus Dofilus 3% Ekologisk 1000g Arla®",
    "weightText": "1 kg",
    "caPart": "",
    "weightValue": 1,
    "weightUnit": "kg",
    "comparePrice": "19,95 kr/kg",
    "currentPrice": 19.95,
    "attributes": [
      "EU Ekologiskt",
      "Ursprungsland Sverige",
      "Ekologiskt",
      "KRAV"
    ],
    "imgUrl": "https://handlaprivatkund.ica.se/images-v3/bf7a00ca-390e-4769-865f-dc369586872e/c73fbfda-808e-4afb-a427-70807fbb9a21/500x500.jpg",
    "productInformation": "God och krämig ekologisk naturell A-fil som innehåller bakteriekulturen acidophilus (LA-5). Njut av vår filmjölk till frukost eller mellanmål, och toppa gärna med favoritflingorna, frukt eller bär. Arla®s ekologiska A-fil görs på 100 procent svensk ekologisk mjölk. Innehåller kalcium som bidrar till matsmältningsenzymernas normala funktion. Ät Arla® ekologisk A-fil 3% som en del av en varierad och balanserad kost och en hälsosam livsstil.",
    "countryText": "Sverige",
    "companyText": "Arla",
    "ingrediensText": "MJÖLK* (högpastöriserad), filkultur, Lactobacillus acidophilus LA-5®, vitamin D. *KRAV-ekologisk ingrediens.",
    "storage": "Lägsta förvaringstemperatur 2°C Högsta förvaringstemperatur 8°C",
    "allergens": "Innehåller Mjölk",
    "usage": "",
    "nutrition": [
      {
        "Näringsvärde": "Energi (kcal)",
        "100 Gram": "58 kcal"
      },
      {
        "Näringsvärde": "Energi (kJ)",
        "100 Gram": "245 kJ"
      },
      {
        "Näringsvärde": "Fett",
        "100 Gram": "3 g"
      },
      {
        "Näringsvärde": "Varav mättat fett",
        "100 Gram": "1.9 g"
      },
      {
        "Näringsvärde": "Kolhydrat",
        "100 Gram": "3.7 g"
      },
      {
        "Näringsvärde": "Varav sockerarter",
        "100 Gram": "3.7 g"
      },
      {
        "Näringsvärde": "Protein",
        "100 Gram": "3.5 g"
      },
      {
        "Näringsvärde": "Salt",
        "100 Gram": "0.09 g"
      },
      {
        "Näringsvärde": "Vitamin D",
        "100 Gram": "1 µg",
        "% av DRI(*)": "20"
      },
      {
        "Näringsvärde": "Kalcium",
        "100 Gram": "122 mg",
        "% av DRI(*)": "15"
      }
    ],
    "nutritionUnitText": "Näringsvärde per 100 gram",
    "categories": {
      "mainCategory": "Mejeri & Ost",
      "subCategories": [
        {
          "name": "Filmjölk",
          "subSubCategories": [
            "Filmjölk naturell"
          ]
        }
      ]
    }
  },
  {
    "name": "Fruktdryck Nypon 1l Proviva",
    "weightText": "1 l",
    "caPart": "",
    "weightValue": 1,
    "weightUnit": "l",
    "comparePrice": "34,50 kr/l",
    "currentPrice": 34.5,
    "attributes": [],
    "imgUrl": "https://handlaprivatkund.ica.se/images-v3/bf7a00ca-390e-4769-865f-dc369586872e/5213bb9a-654b-485a-960a-f90f44391864/500x500.jpg",
    "productInformation": "ProViva Nypon är så god att den varit många trogna fans favorit sedan lanseringen 1994. Nyponsmaken i vår klassiker är rik och härlig och konsistensen fyllig. Precis som alla ProViva innehåller den miljarder goda mjölksyrabakterier och är dessutom rik på vitamin C, som bidrar till immunförsvarets normala funktion. Ett glas ProViva fruktdryck per dag ger ett intag av mer än 1 miljarder Lactobacillus plantarum 299v och täcker mer än dagsbehovet av C-vitamin.Den svenskaste av smaker är nypon och nyponsmaken i vår klassiker ProViva Nypon är rik och härlig. Serveras bäst kall.ProViva - mer än en juice.",
    "countryText": "",
    "companyText": "Proviva",
    "ingrediensText": "INGREDIENSER Vatten, nypon från pulver 15 %, socker, HAVREmjöl 0,8 %, modifierad potatisstärkelse, syra (citronsyra), vitamin C, kultur: Lactobacillus plantarum 299v.",
    "storage": "Lägsta förvaringstemperatur 2°C Högsta förvaringstemperatur 8°C",
    "allergens": "Innehåller Spannmål som innehåller gluten",
    "usage": "",
    "nutrition": [
      {
        "Näringsvärde": "Energi (kcal)",
        "100 Gram": "52 kcal"
      },
      {
        "Näringsvärde": "Energi (kJ)",
        "100 Gram": "220 kJ"
      },
      {
        "Näringsvärde": "Fett",
        "100 Gram": "0.1 g"
      },
      {
        "Näringsvärde": "Varav mättat fett",
        "100 Gram": "0 g"
      },
      {
        "Näringsvärde": "Kolhydrat",
        "100 Gram": "12.7 g"
      },
      {
        "Näringsvärde": "Varav sockerarter",
        "100 Gram": "10.8 g"
      },
      {
        "Näringsvärde": "Fiber",
        "100 Gram": "0.5 g"
      },
      {
        "Näringsvärde": "Protein",
        "100 Gram": "0.2 g"
      },
      {
        "Näringsvärde": "Salt",
        "100 Gram": "0.03 g"
      },
      {
        "Näringsvärde": "Vitamin C",
        "100 Gram": "35 mg",
        "% av DRI(*)": "44"
      }
    ],
    "nutritionUnitText": "Näringsvärde per 100 gram",
    "categories": {
      "mainCategory": "Mejeri & Ost",
      "subCategories": [
        {
          "name": "Juice & Fruktdryck",
          "subSubCategories": [
            "Fruktdryck"
          ]
        }
      ]
    }
  },
  {
    "name": "Parmigiano Reggiano 15 mån 200g ICA",
    "weightText": "0.2 kg",
    "caPart": "",
    "weightValue": 0.2,
    "weightUnit": "kg",
    "comparePrice": "324,75 kr/kg",
    "currentPrice": 64.95,
    "attributes": [],
    "imgUrl": "https://handlaprivatkund.ica.se/images-v3/bf7a00ca-390e-4769-865f-dc369586872e/5899e9b9-553b-43cb-b7e9-a3f71b61899c/500x500.jpg",
    "productInformation": "ICA Parmigiano Reggiano är en D.O.P-skyddad ost från Italien, vilket betyder att den är ursprungsskyddad. Den är ekologisk och har en nötig och rund smak som den har fått efter att ha lagrats i minst 15 månader. Parmigiano Reggiano är en italiensk klassiker på delitallriken och ger perfekt sälta åt allt ifrån pastasåsen till att komplettera mozzarellan på pizzan.",
    "countryText": "",
    "companyText": "ICA",
    "ingrediensText": "Ingredienser: Opastöriserad KOMJÖLK*, salt, löpe (animaliskt). *Ursprung Italien.",
    "storage": "",
    "allergens": "",
    "usage": "",
    "nutrition": [
      {
        "Näringsvärde": "Energi (kcal)",
        "100 Gram": "392 kcal"
      },
      {
        "Näringsvärde": "Energi (kJ)",
        "100 Gram": "1633 kJ"
      },
      {
        "Näringsvärde": "Fett",
        "100 Gram": "28 g"
      },
      {
        "Näringsvärde": "Varav mättat fett",
        "100 Gram": "19 g"
      },
      {
        "Näringsvärde": "Kolhydrat",
        "100 Gram": "0 g"
      },
      {
        "Näringsvärde": "Varav sockerarter",
        "100 Gram": "0 g"
      },
      {
        "Näringsvärde": "Protein",
        "100 Gram": "33 g"
      },
      {
        "Näringsvärde": "Salt",
        "100 Gram": "1.6 g"
      }
    ],
    "nutritionUnitText": "Näringsvärde per 100 gram",
    "categories": {
      "mainCategory": "Mejeri & Ost",
      "subCategories": [
        {
          "name": "Ost",
          "subSubCategories": [
            "Matlagningsost",
            "Italiensk hårdost"
          ]
        }
      ]
    }
  },
  {
    "name": "Lättyoghurt Naturell Laktosfri 0,4% 1l Valio",
    "weightText": "1 kg",
    "caPart": "",
    "weightValue": 1,
    "weightUnit": "kg",
    "comparePrice": "22,50 kr/kg",
    "currentPrice": 22.5,
    "attributes": [
      "Nyckelhålet"
    ],
    "imgUrl": "https://handlaprivatkund.ica.se/images-v3/bf7a00ca-390e-4769-865f-dc369586872e/276f3cd5-9f5a-432a-a1f3-12a621dd9391/500x500.jpg",
    "productInformation": "Valio har allt för små och stora mjölkmagar! Våra laktosfria produkter är garanterat 100% fria från laktos och sortimentet utökas ständigt med nya och goda produkter för hela familjen. Med 30 % mindre tillsatt socker än i vanliga smaksatta yoghurtar. Njut av den krämiga lättyoghurten utan laktos. Passar både som mellanmål och frukost.",
    "countryText": "",
    "companyText": "Valio",
    "ingrediensText": "Högpastöriserad SKUMMJÖLK, laktasenzym, yoghurtkultur, Lactobacillus acidophilus, Bifidobacterium sp. och vitamin D.",
    "storage": "Förvaras vid högst +8°C. Öppnad förpackning är hållbar 4-5 dagar i kylskåp.",
    "allergens": "",
    "usage": "Omskakas före användning.",
    "nutrition": [
      {
        "Näringsvärde": "Energi (kcal)",
        "100 Gram": "46 kcal"
      },
      {
        "Näringsvärde": "Energi (kJ)",
        "100 Gram": "196 kJ"
      },
      {
        "Näringsvärde": "Fett",
        "100 Gram": "0.4 g"
      },
      {
        "Näringsvärde": "Varav mättat fett",
        "100 Gram": "0.2 g"
      },
      {
        "Näringsvärde": "Kolhydrat",
        "100 Gram": "5.2 g"
      },
      {
        "Näringsvärde": "Varav sockerarter",
        "100 Gram": "5.2 g"
      },
      {
        "Näringsvärde": "Protein",
        "100 Gram": "4.7 g"
      },
      {
        "Näringsvärde": "Salt",
        "100 Gram": "0.13 g"
      },
      {
        "Näringsvärde": "Vitamin D",
        "100 Gram": "1 µg",
        "% av DRI(*)": "20"
      },
      {
        "Näringsvärde": "Kalcium",
        "100 Gram": "140 mg",
        "% av DRI(*)": "18"
      }
    ],
    "nutritionUnitText": "Näringsvärde per 100 gram",
    "categories": {
      "mainCategory": "Mejeri & Ost",
      "subCategories": [
        {
          "name": "Yoghurt",
          "subSubCategories": [
            "Laktosfri yoghurt"
          ]
        }
      ]
    }
  },
  {
    "name": "Präst 31% lagrad riven 150g ICA",
    "weightText": "0.15 kg",
    "caPart": "",
    "weightValue": 0.15,
    "weightUnit": "kg",
    "comparePrice": "186,33 kr/kg",
    "currentPrice": 27.95,
    "attributes": [
      "Ursprungsland Sverige",
      "Mjölk från Sverige"
    ],
    "imgUrl": "https://handlaprivatkund.ica.se/images-v3/bf7a00ca-390e-4769-865f-dc369586872e/47bde1f8-f1fa-4690-93ff-e0764b4484e5/500x500.jpg",
    "productInformation": "ICA Präst® lagrad är fyllig och gräddig i smaken. Lagrad i minst 8 månader och gjord på svensk mjölk",
    "countryText": "Sverige",
    "companyText": "ICA",
    "ingrediensText": "Ingredienser: Ost (pastöriserad MJÖLK*, salt, syrningskultur, mjölkkoagulerande enzym (mikrobiellt), konserveringsmedel (E202)), potatismjöl*.*Ursprung Sverige.",
    "storage": "",
    "allergens": "",
    "usage": "",
    "nutrition": [
      {
        "Näringsvärde": "Energi (kcal)",
        "100 Gram": "380 kcal"
      },
      {
        "Näringsvärde": "Energi (kJ)",
        "100 Gram": "1600 kJ"
      },
      {
        "Näringsvärde": "Fett",
        "100 Gram": "31 g"
      },
      {
        "Näringsvärde": "Varav mättat fett",
        "100 Gram": "20 g"
      },
      {
        "Näringsvärde": "Kolhydrat",
        "100 Gram": "1.5 g"
      },
      {
        "Näringsvärde": "Varav sockerarter",
        "100 Gram": "0 g"
      },
      {
        "Näringsvärde": "Protein",
        "100 Gram": "26 g"
      },
      {
        "Näringsvärde": "Salt",
        "100 Gram": "1.2 g"
      },
      {
        "Näringsvärde": "Kalcium",
        "100 Gram": "700 mg",
        "% av DRI(*)": "87"
      }
    ],
    "nutritionUnitText": "Näringsvärde per 100 gram",
    "categories": {
      "mainCategory": "Mejeri & Ost",
      "subCategories": [
        {
          "name": "Ost",
          "subSubCategories": [
            "Matlagningsost",
            "Riven ost"
          ]
        }
      ]
    }
  },
  {
    "name": "Lättdryck Svarta vinbär Koncentrat 2dl Kiviks",
    "weightText": "1 l",
    "caPart": "",
    "weightValue": 1,
    "weightUnit": "l",
    "comparePrice": "7,95 kr/l drickklar",
    "currentPrice": 7.95,
    "attributes": [],
    "imgUrl": "https://handlaprivatkund.ica.se/images-v3/bf7a00ca-390e-4769-865f-dc369586872e/b654d0d7-078a-40c5-b450-be6154b4059f/500x500.jpg",
    "productInformation": "Svarta vinbär som en svalkande och smakfull dryck. Med mycket smak av svarta vinbär. Spädes 1+4 till 1 liter färdig dryck. Drickfärdig dryck innehåller: 3,5% bär och 7,5% tillsatt socker.",
    "countryText": "",
    "companyText": "Kiviks Musteri",
    "ingrediensText": "Vatten, socker, svartvinbärsjuice 2,5 %, aroniajuice, svartvinbärsarom, syra (citronsyra). Juicer från koncentrat.",
    "storage": "Oöppnad förpackning kan förvaras i rumstemperatur. Öppnad förpackning förvarad vid högst +8°C är hållbar 4-5 dagar.",
    "allergens": "",
    "usage": "",
    "nutrition": [
      {
        "Näringsvärde": "Energi (kcal)",
        "100 Milliliter": "30 kcal"
      },
      {
        "Näringsvärde": "Energi (kJ)",
        "100 Milliliter": "140 kJ"
      },
      {
        "Näringsvärde": "Fett",
        "100 Milliliter": "0 g"
      },
      {
        "Näringsvärde": "Varav mättat fett",
        "100 Milliliter": "0 g"
      },
      {
        "Näringsvärde": "Kolhydrat",
        "100 Milliliter": "7.8 g"
      },
      {
        "Näringsvärde": "Varav sockerarter",
        "100 Milliliter": "7.8 g"
      },
      {
        "Näringsvärde": "Protein",
        "100 Milliliter": "0 g"
      },
      {
        "Näringsvärde": "Salt",
        "100 Milliliter": "0 g"
      }
    ],
    "nutritionUnitText": "Näringsvärde per 100 milliliter",
    "categories": {
      "mainCategory": "Mejeri & Ost",
      "subCategories": [
        {
          "name": "Juice & Fruktdryck",
          "subSubCategories": [
            "Måltidsdryck",
            "Måltidsdryck koncentrat"
          ]
        }
      ]
    }
  },
  {
    "name": "Grekisk Yoghurt 0% 500g Larsa foods",
    "weightText": "0.5 kg",
    "caPart": "",
    "weightValue": 0.5,
    "weightUnit": "kg",
    "comparePrice": "49,00 kr/kg",
    "currentPrice": 24.5,
    "attributes": [],
    "imgUrl": "https://handlaprivatkund.ica.se/images-v3/bf7a00ca-390e-4769-865f-dc369586872e/7312c763-8c1a-4cd8-bea0-ff36bf2b9c2d/500x500.jpg",
    "productInformation": "",
    "countryText": "",
    "companyText": "Larsa Foods",
    "ingrediensText": "Ingredienser/Ainekset: Homogeniserad och pastöriserad MJÖLK/homogenisert og pasteurisert MELK/homogenisoitu ja pastöroitu MAITO, yoghurtkultur/hapate",
    "storage": "Kylvara max +6 °C",
    "allergens": "",
    "usage": "",
    "nutrition": [
      {
        "Näringsvärde": "Energi (kcal)",
        "100 Gram": "58 kcal"
      },
      {
        "Näringsvärde": "Energi (kJ)",
        "100 Gram": "247 kJ"
      },
      {
        "Näringsvärde": "Fett",
        "100 Gram": "0 g"
      },
      {
        "Näringsvärde": "Varav mättat fett",
        "100 Gram": "0 g"
      },
      {
        "Näringsvärde": "Kolhydrat",
        "100 Gram": "4.5 g"
      },
      {
        "Näringsvärde": "Varav sockerarter",
        "100 Gram": "3.5 g"
      },
      {
        "Näringsvärde": "Protein",
        "100 Gram": "10 g"
      },
      {
        "Näringsvärde": "Salt",
        "100 Gram": "0.1 g"
      }
    ],
    "nutritionUnitText": "Näringsvärde per 100 gram",
    "categories": {
      "mainCategory": "Mejeri & Ost",
      "subCategories": [
        {
          "name": "Yoghurt",
          "subSubCategories": [
            "Matlagningsyoghurt",
            "Grekisk yoghurt"
          ]
        }
      ]
    }
  },
  {
    "name": "Hälsofil 3,5% Blåbär 1000g Verum®",
    "weightText": "1 kg",
    "caPart": "",
    "weightValue": 1,
    "weightUnit": "kg",
    "comparePrice": "28,95 kr/kg",
    "currentPrice": 28.95,
    "attributes": [],
    "imgUrl": "https://handlaprivatkund.ica.se/images-v3/bf7a00ca-390e-4769-865f-dc369586872e/aa98a686-dbdb-4d92-9446-1dab2d530da8/500x500.jpg",
    "productInformation": "Verum® Hälsofil 3,5% Blåbär har en slät och krämig konsistens och innehåller den unika mjölksyrabakterien L1A. Smaken är fyllig men ändå mild. Hälsofil är en källa till vitamin D, den är gjord på svensk mjölk och passar utmärkt att äta som den är eller med en god hemmagjord granola, flingor eller müsli. Eller varför inte blanda en härligt fräsch smoothie med alla dina favoritingredienser? En riktig kickstart på dagen! Verum Hälsofil har funnits i över 30 år och det har alltid handlat om en sak, att du ska må bra. Förpackningen är gjord på helt förnybart material. Kartongen i förpackningen kommer från ansvarsfullt odlad skog, och korken på växtbaserade material för att minska belastningen på miljön och vår planet.",
    "countryText": "",
    "companyText": "Verum",
    "ingrediensText": "Ingredienser: Fil (högpastöriserad norrländsk MJÖLK, levande mjölksyrakultur inklusive Lactococcus lactis L1A, vitamin D, vitamin C), bärberedning (socker, blåbärsjuicekoncentrat, modifierad majsstärkelse, citronjuice, kalcium, arom). Blåbär 4,2%. Tillsatt socker 6,2%.",
    "storage": "Lägsta förvaringstemperatur 2°C Högsta förvaringstemperatur 8°C",
    "allergens": "Innehåller Mjölk",
    "usage": "",
    "nutrition": [
      {
        "Näringsvärde": "Energi (kcal)",
        "100 Gram": "90 kcal"
      },
      {
        "Näringsvärde": "Energi (kJ)",
        "100 Gram": "370 kJ"
      },
      {
        "Näringsvärde": "Fett",
        "100 Gram": "3.5 g"
      },
      {
        "Näringsvärde": "Varav mättat fett",
        "100 Gram": "2.3 g"
      },
      {
        "Näringsvärde": "Kolhydrat",
        "100 Gram": "10 g"
      },
      {
        "Näringsvärde": "Varav sockerarter",
        "100 Gram": "9.9 g"
      },
      {
        "Näringsvärde": "Protein",
        "100 Gram": "3 g"
      },
      {
        "Näringsvärde": "Salt",
        "100 Gram": "0.1 g"
      },
      {
        "Näringsvärde": "Vitamin C",
        "100 Gram": "13 mg",
        "% av DRI(*)": "17"
      },
      {
        "Näringsvärde": "Vitamin D",
        "100 Gram": "0.88 µg",
        "% av DRI(*)": "18"
      },
      {
        "Näringsvärde": "Kalcium",
        "100 Gram": "125 mg",
        "% av DRI(*)": "16"
      }
    ],
    "nutritionUnitText": "Näringsvärde per 100 gram",
    "categories": {
      "mainCategory": "Mejeri & Ost",
      "subCategories": [
        {
          "name": "Filmjölk",
          "subSubCategories": [
            "Filmjölk smaksatt"
          ]
        }
      ]
    }
  },
  {
    "name": "Ägg Frigående Utomhus 10-p Stjärnägg",
    "weightText": "",
    "caPart": "",
    "weightValue": 0,
    "weightUnit": "",
    "comparePrice": "10 per frp 3,75 kr/st",
    "currentPrice": 37.5,
    "attributes": [],
    "imgUrl": "https://handlaprivatkund.ica.se/images-v3/bf7a00ca-390e-4769-865f-dc369586872e/99a54f2a-e21b-42b7-9b05-32a3f1361352/500x500.jpg",
    "productInformation": "",
    "countryText": "",
    "companyText": "Stjärnägg",
    "ingrediensText": "Ingredienser: Ägg",
    "storage": "",
    "allergens": "Innehåller: Ägg",
    "usage": "",
    "nutrition": [],
    "nutritionUnitText": "Näringsvärde per styck",
    "categories": {
      "mainCategory": "Mejeri & Ost",
      "subCategories": [
        {
          "name": "Ägg & Jäst",
          "subSubCategories": [
            "Ägg"
          ]
        }
      ]
    }
  },
  {
    "name": "Apelsinjuice 2l Bravo",
    "weightText": "2 l",
    "caPart": "",
    "weightValue": 2,
    "weightUnit": "l",
    "comparePrice": "27,48 kr/l",
    "currentPrice": 54.95,
    "attributes": [],
    "imgUrl": "https://handlaprivatkund.ica.se/images-v3/bf7a00ca-390e-4769-865f-dc369586872e/e8a0adc8-16da-4cfc-b7d7-ed3a2100d608/500x500.jpg",
    "productInformation": "Njut av hela två liter juice, pressad av solmogna apelsiner, rik på vitamin C! Bravo är juice så som juice ska vara, 100 % naturlig, utan tillsatt socker eller andra tillsatser. Bravo är dessutom Sveriges största juice, vilket naturligtvis har med den goda smaken att göra.",
    "countryText": "",
    "companyText": "Bravo",
    "ingrediensText": "Apelsinjuice.",
    "storage": "Lägsta förvaringstemperatur 2°C Högsta förvaringstemperatur 8°C",
    "allergens": "",
    "usage": "",
    "nutrition": [
      {
        "Näringsvärde": "Energi (kcal)",
        "100 Gram": "45 kcal"
      },
      {
        "Näringsvärde": "Energi (kJ)",
        "100 Gram": "180 kJ"
      },
      {
        "Näringsvärde": "Fett",
        "100 Gram": "0 g"
      },
      {
        "Näringsvärde": "Varav mättat fett",
        "100 Gram": "0 g"
      },
      {
        "Näringsvärde": "Kolhydrat",
        "100 Gram": "9 g"
      },
      {
        "Näringsvärde": "Varav sockerarter",
        "100 Gram": "9 g"
      },
      {
        "Näringsvärde": "Fiber",
        "100 Gram": "0.4 g"
      },
      {
        "Näringsvärde": "Protein",
        "100 Gram": "0.7 g"
      },
      {
        "Näringsvärde": "Salt",
        "100 Gram": "0 g"
      },
      {
        "Näringsvärde": "Vitamin C",
        "100 Gram": "28 mg",
        "% av DRI(*)": "35"
      }
    ],
    "nutritionUnitText": "Näringsvärde per 100 gram",
    "categories": {
      "mainCategory": "Mejeri & Ost",
      "subCategories": [
        {
          "name": "Juice & Fruktdryck",
          "subSubCategories": [
            "Apelsinjuice"
          ]
        }
      ]
    }
  },
  {
    "name": "Ostkaka Original 600g Frödinge",
    "weightText": "0.6 kg",
    "caPart": "",
    "weightValue": 0.6,
    "weightUnit": "kg",
    "comparePrice": "86,58 kr/kg",
    "currentPrice": 51.95,
    "attributes": [
      "Från Sverige"
    ],
    "imgUrl": "https://handlaprivatkund.ica.se/images-v3/bf7a00ca-390e-4769-865f-dc369586872e/de0948b9-6f16-4408-b115-4ea59f0a8788/500x500.jpg",
    "productInformation": "Originalet från 1955, bakad med kärlek och färsk mjölk och grädde från närliggande gårdar. En rejäl ostkaka för hela familjen att njuta av. (Swedish)",
    "countryText": "",
    "companyText": "Frödinge",
    "ingrediensText": "MJÖLK*, GRÄDDE*, ÄGG*, VETEMJÖL*, socker*, MJÖLKSOCKER, SKUMMJÖLKSPULVER*, SÖTMANDEL, VETESTÄRKELSE, BITTERMANDEL, kalciumklorid, vegetabiliskt ystenzym, konserveringsmedel (sorbinsyra). KAN INNEHÅLLA SPÅR AV NÖTTER. *Svenskt ursprung",
    "storage": "Kylvara. Vid förvaring +8°C eller kallare: Se Bäst före-märkning. (Swedish) Lägsta förvaringstemperatur 2°C Högsta förvaringstemperatur 8°C",
    "allergens": "Innehåller Mjölk Innehåller Spannmål som innehåller gluten Innehåller Ägg Innehåller Nötter (eng: tree nuts)",
    "usage": "",
    "nutrition": [
      {
        "Näringsvärde": "Energi (kcal)",
        "100 Gram": "170 kcal"
      },
      {
        "Näringsvärde": "Energi (kJ)",
        "100 Gram": "700 kJ"
      },
      {
        "Näringsvärde": "Fett",
        "100 Gram": "7 g"
      },
      {
        "Näringsvärde": "Varav mättat fett",
        "100 Gram": "4 g"
      },
      {
        "Näringsvärde": "Kolhydrat",
        "100 Gram": "16 g"
      },
      {
        "Näringsvärde": "Varav sockerarter",
        "100 Gram": "10 g"
      },
      {
        "Näringsvärde": "Protein",
        "100 Gram": "10 g"
      },
      {
        "Näringsvärde": "Salt",
        "100 Gram": "0.12 g"
      }
    ],
    "nutritionUnitText": "Näringsvärde per 100 gram",
    "categories": {
      "mainCategory": "Mejeri & Ost",
      "subCategories": [
        {
          "name": "Kylda mellanmål & desserter",
          "subSubCategories": [
            "Ostkaka"
          ]
        }
      ]
    }
  },
  {
    "name": "Fil Naturell 4,2% 1000g Fjällfil",
    "weightText": "1 kg",
    "caPart": "",
    "weightValue": 1,
    "weightUnit": "kg",
    "comparePrice": "24,95 kr/kg",
    "currentPrice": 24.95,
    "attributes": [],
    "imgUrl": "https://handlaprivatkund.ica.se/images-v3/bf7a00ca-390e-4769-865f-dc369586872e/00999511-7427-4cf1-8902-87295413f3f3/500x500.jpg",
    "productInformation": "Fjällfil® 4,2% Naturell är extra krämig och har en unik spritsig karaktär som skiljer sig från annan fil. Den är gjord på norrländsk mjölk och passar utmärkt att äta naturell eller med en god granola, färska bär och frukter när du vill njuta lite extra. Bjud familjen på en lite lyxigare frukost eller ta en långfrukost för dig själv i lugn och ro. Om du inte testat den är den värd att prova!Förpackningen har en större andel förnybart material som kommer från ansvarsfullt odlad skog, och korken är gjord av växtbaserade material för att minska belastningen på miljön och vår planet.",
    "countryText": "",
    "companyText": "Fjällfil",
    "ingrediensText": "Ingredienser: Högpastöriserad norrländsk MJÖLK, levande mjölksyrakultur, vitamin D.",
    "storage": "Lägsta förvaringstemperatur 2°C Högsta förvaringstemperatur 8°C",
    "allergens": "Innehåller Mjölk",
    "usage": "",
    "nutrition": [
      {
        "Näringsvärde": "Energi (kcal)",
        "100 Gram": "70 kcal"
      },
      {
        "Näringsvärde": "Energi (kJ)",
        "100 Gram": "290 kJ"
      },
      {
        "Näringsvärde": "Fett",
        "100 Gram": "4.2 g"
      },
      {
        "Näringsvärde": "Varav mättat fett",
        "100 Gram": "2.7 g"
      },
      {
        "Näringsvärde": "Kolhydrat",
        "100 Gram": "3.7 g"
      },
      {
        "Näringsvärde": "Varav sockerarter",
        "100 Gram": "3.7 g"
      },
      {
        "Näringsvärde": "Protein",
        "100 Gram": "3.4 g"
      },
      {
        "Näringsvärde": "Salt",
        "100 Gram": "0.1 g"
      },
      {
        "Näringsvärde": "Vitamin D",
        "100 Gram": "1 µg",
        "% av DRI(*)": "20"
      },
      {
        "Näringsvärde": "Kalcium",
        "100 Gram": "120 mg",
        "% av DRI(*)": "15"
      }
    ],
    "nutritionUnitText": "Näringsvärde per 100 gram",
    "categories": {
      "mainCategory": "Mejeri & Ost",
      "subCategories": [
        {
          "name": "Filmjölk",
          "subSubCategories": [
            "Filmjölk naturell"
          ]
        }
      ]
    }
  },
  {
    "name": "Matlagningsgrädde Laktosfri 13% 2,5dl ICA",
    "weightText": "0.25 l",
    "caPart": "",
    "weightValue": 0.25,
    "weightUnit": "l",
    "comparePrice": "62,00 kr/l",
    "currentPrice": 15.5,
    "attributes": [
      "Ursprungsland Sverige",
      "Mjölk från Sverige",
      "Laktosfritt"
    ],
    "imgUrl": "https://handlaprivatkund.ica.se/images-v3/bf7a00ca-390e-4769-865f-dc369586872e/9b151d47-c8ea-4e69-b5ba-f7b06c042656/500x500.jpg",
    "productInformation": "ICA Matlagningsgrädde Laktosfri är en produkt för dig som är laktosintolerant. Passar i såser, soppor och grytor. Produkten är inte vispbar.",
    "countryText": "Sverige",
    "companyText": "ICA",
    "ingrediensText": "Högpastöriserad GRÄDDE*, laktasenzym. *Ursprung Sverige.",
    "storage": "Kylvara. Förvaras vid högst +8°C.",
    "allergens": "Innehåller Mjölk",
    "usage": "",
    "nutrition": [
      {
        "Näringsvärde": "Energi (kcal)",
        "100 Gram": "146 kcal"
      },
      {
        "Näringsvärde": "Energi (kJ)",
        "100 Gram": "603 kJ"
      },
      {
        "Näringsvärde": "Fett",
        "100 Gram": "13 g"
      },
      {
        "Näringsvärde": "Varav mättat fett",
        "100 Gram": "8.3 g"
      },
      {
        "Näringsvärde": "Kolhydrat",
        "100 Gram": "4.1 g"
      },
      {
        "Näringsvärde": "Varav sockerarter",
        "100 Gram": "4.1 g"
      },
      {
        "Näringsvärde": "Protein",
        "100 Gram": "3.1 g"
      },
      {
        "Näringsvärde": "Salt",
        "100 Gram": "0.08 g"
      }
    ],
    "nutritionUnitText": "Näringsvärde per 100 gram",
    "categories": {
      "mainCategory": "Mejeri & Ost",
      "subCategories": [
        {
          "name": "Grädde",
          "subSubCategories": [
            "Laktosfri grädde",
            "Laktosfri matlagningsgrädde"
          ]
        }
      ]
    }
  },
  {
    "name": "Färskost Naturell Light 11% 200g Philadelphia",
    "weightText": "0.2 kg",
    "caPart": "",
    "weightValue": 0.2,
    "weightUnit": "kg",
    "comparePrice": "114,75 kr/kg",
    "currentPrice": 22.95,
    "attributes": [],
    "imgUrl": "https://handlaprivatkund.ica.se/images-v3/bf7a00ca-390e-4769-865f-dc369586872e/3354b15f-1546-4404-b065-edd281e2b229/500x500.jpg",
    "productInformation": "Philadelphia Original Light är en magrare variant med den älskade och karaktäristiska krämigheten och fräschheten. Den är smakrik, glutenfri och vegetarisk och framför allt älskad! Perfekt till smörgåsen, bakverk och i matlagning.",
    "countryText": "",
    "companyText": "Philadelphia",
    "ingrediensText": "Ingredienser: MJÖLK/MÆLK/MELK, vassle-/valle-/myseprodukt (MJÖLK), GRÄDDE/FLØDE/FLØTE, salt, stabiliseringsmedel/stabilisatorer (guarkärnmjöl/guargummi, karragenan/carrageenan), syra (citronsyra), bakteriekultur.",
    "storage": "Lägsta förvaringstemperatur 1°C Högsta förvaringstemperatur 8°C",
    "allergens": "",
    "usage": "",
    "nutrition": [
      {
        "Näringsvärde": "Energi (kcal)",
        "100 Gram": "145 kcal"
      },
      {
        "Näringsvärde": "Energi (kJ)",
        "100 Gram": "604 kJ"
      },
      {
        "Näringsvärde": "Fett",
        "100 Gram": "10 g"
      },
      {
        "Näringsvärde": "Varav mättat fett",
        "100 Gram": "6.9 g"
      },
      {
        "Näringsvärde": "Kolhydrat",
        "100 Gram": "5.1 g"
      },
      {
        "Näringsvärde": "Varav sockerarter",
        "100 Gram": "5.1 g"
      },
      {
        "Näringsvärde": "Fiber",
        "100 Gram": "0.3 g"
      },
      {
        "Näringsvärde": "Protein",
        "100 Gram": "7.2 g"
      },
      {
        "Näringsvärde": "Salt",
        "100 Gram": "0.7 g"
      }
    ],
    "nutritionUnitText": "Näringsvärde per 100 gram",
    "categories": {
      "mainCategory": "Mejeri & Ost",
      "subCategories": [
        {
          "name": "Ost",
          "subSubCategories": [
            "Färskost & cream cheese"
          ]
        }
      ]
    }
  },
  {
    "name": "Cottage Cheese Naturell 4% 250g Keso",
    "weightText": "0.25 kg",
    "caPart": "",
    "weightValue": 0.25,
    "weightUnit": "kg",
    "comparePrice": "75,80 kr/kg",
    "currentPrice": 18.95,
    "attributes": [
      "Nyckelhålet",
      "Ursprungsland Sverige"
    ],
    "imgUrl": "https://handlaprivatkund.ica.se/images-v3/bf7a00ca-390e-4769-865f-dc369586872e/5183fb62-2783-4c68-b4f8-4498501b53e3/500x500.jpg",
    "productInformation": "Krämig färskost med grynig konsistens, tillverkad av svensk mjölk från Arlagårdar. För att bli krämig och smakrik blandas ostkornen med mjölk, grädde och lite salt. KESO® Cottage Cheese 4% är nyckelhålsmärkt och har ett naturligt högt proteininnehåll med 13g protein/100g vilket mättar bra. Ät som den är eller tillsammans med det du gillar. Använd som proteinrik huvudingrediens eller som tillbehör som röra, topping eller dipp vid matlagning och bakning. KESO® passar utmärkt som ett gott mellanmål, exempelvis vid träning. Symbolen med den blågula mjölkkannan garanterar 100 procent svensk mjölk.",
    "countryText": "Sverige",
    "companyText": "Keso",
    "ingrediensText": "pastöriserad MJÖLK och GRÄDDE, salt, syrningskultur, ystenzym.",
    "storage": "Lägsta förvaringstemperatur 2°C Högsta förvaringstemperatur 8°C",
    "allergens": "Innehåller Mjölk",
    "usage": "",
    "nutrition": [
      {
        "Näringsvärde": "Energi (kcal)",
        "100 Gram": "93 kcal"
      },
      {
        "Näringsvärde": "Energi (kJ)",
        "100 Gram": "392 kJ"
      },
      {
        "Näringsvärde": "Fett",
        "100 Gram": "4 g"
      },
      {
        "Näringsvärde": "Varav mättat fett",
        "100 Gram": "2.6 g"
      },
      {
        "Näringsvärde": "Kolhydrat",
        "100 Gram": "1.6 g"
      },
      {
        "Näringsvärde": "Varav sockerarter",
        "100 Gram": "1.6 g"
      },
      {
        "Näringsvärde": "Protein",
        "100 Gram": "13 g"
      },
      {
        "Näringsvärde": "Salt",
        "100 Gram": "0.82 g"
      }
    ],
    "nutritionUnitText": "",
    "categories": {
      "mainCategory": "Mejeri & Ost",
      "subCategories": [
        {
          "name": "Cottage cheese",
          "subSubCategories": [
            "Cottage cheese naturell"
          ]
        }
      ]
    }
  },
  {
    "name": "Multivitamindryck Tropisk 200ml Kiviks Musteri",
    "weightText": "1 l",
    "caPart": "",
    "weightValue": 1,
    "weightUnit": "l",
    "comparePrice": "7,95 kr/l drickklar",
    "currentPrice": 7.95,
    "attributes": [],
    "imgUrl": "https://handlaprivatkund.ica.se/images-v3/bf7a00ca-390e-4769-865f-dc369586872e/111d210d-3132-4062-93d3-7d21ece61052/500x500.jpg",
    "productInformation": "Tropisk multivitamindryck - utan artificiella sötningsmedel. Rik på D-vitamin och källa till 11 andra vitaminer. Med 15% frukt och 6,5% tillsatt socker. Vegansk. Våra koncentrerade frukt- och bärdrycker finns i flera olika smaker. Drick de väl kylda. \n \n Innehåller: 10 % frukt och 7 % tillsatt socker.",
    "countryText": "",
    "companyText": "Kiviks Musteri",
    "ingrediensText": "Vatten, socker, äppeljuice, apelsinjuice, ananasjuice, aroniajuice, arom, surhetsreglerande medel (citronsyra, natriumcitrat), vitamin A, vitamin D, vitamin E, vitamin C, riboflavin, niacin, vitamin B6, folsyra, vitamin B12, biotin, pantotensyra, betakaroten. Juicer från koncentrat.",
    "storage": "Oöppnad förpackning kan förvaras i rumstemperatur. Öppnad förpackning förvarad vid högst 8+ grader C är hållbar 4-5 dagar. Lägsta förvaringstemperatur 0°C Högsta förvaringstemperatur 25°C",
    "allergens": "",
    "usage": "",
    "nutrition": [
      {
        "Näringsvärde": "Energi (kcal)",
        "100 Milliliter": "35 kcal"
      },
      {
        "Näringsvärde": "Energi (kJ)",
        "100 Milliliter": "140 kJ"
      },
      {
        "Näringsvärde": "Fett",
        "100 Milliliter": "0 g"
      },
      {
        "Näringsvärde": "Varav mättat fett",
        "100 Milliliter": "0 g"
      },
      {
        "Näringsvärde": "Kolhydrat",
        "100 Milliliter": "8.1 g"
      },
      {
        "Näringsvärde": "Varav sockerarter",
        "100 Milliliter": "8.1 g"
      },
      {
        "Näringsvärde": "Protein",
        "100 Milliliter": "0.1 g"
      },
      {
        "Näringsvärde": "Salt",
        "100 Milliliter": "0.06 g"
      },
      {
        "Näringsvärde": "Vitamin A",
        "100 Milliliter": "60 µg"
      },
      {
        "Näringsvärde": "Vitamin B12",
        "100 Milliliter": "0.19 µg"
      },
      {
        "Näringsvärde": "Vitamin B6",
        "100 Milliliter": "0.11 mg"
      },
      {
        "Näringsvärde": "Vitamin C",
        "100 Milliliter": "6 mg"
      },
      {
        "Näringsvärde": "Vitamin D",
        "100 Milliliter": "0.75 µg",
        "% av DRI(*)": "15"
      },
      {
        "Näringsvärde": "Vitamin E",
        "100 Milliliter": "0.9 mg"
      },
      {
        "Näringsvärde": "Riboflavin",
        "100 Milliliter": "0.11 mg"
      },
      {
        "Näringsvärde": "Folsyra",
        "100 Milliliter": "15 µg"
      },
      {
        "Näringsvärde": "Niacin",
        "100 Milliliter": "1.2 mg"
      },
      {
        "Näringsvärde": "Pantotensyra",
        "100 Milliliter": "0.45 mg"
      },
      {
        "Näringsvärde": "Biotin",
        "100 Milliliter": "3.8 µg"
      }
    ],
    "nutritionUnitText": "Näringsvärde per 100 milliliter",
    "categories": {
      "mainCategory": "Mejeri & Ost",
      "subCategories": [
        {
          "name": "Juice & Fruktdryck",
          "subSubCategories": [
            "Måltidsdryck",
            "Måltidsdryck koncentrat"
          ]
        }
      ]
    }
  },
  {
    "name": "Kvarg Citron Laktosfri 7% 200g Valio",
    "weightText": "0.2 kg",
    "caPart": "",
    "weightValue": 0.2,
    "weightUnit": "kg",
    "comparePrice": "82,50 kr/kg",
    "currentPrice": 16.5,
    "attributes": [
      "Laktosfritt"
    ],
    "imgUrl": "https://handlaprivatkund.ica.se/images-v3/bf7a00ca-390e-4769-865f-dc369586872e/2304836e-9c93-43ed-90e4-3341aa0fe10b/500x500.jpg",
    "productInformation": "Laktosfri kvarg med fyllig och rund smak av citron. God som den är tillsammans med frukt och bär som mellanmål . Passar också utmärkt att baka med då den tål ugnsvärme och passar både kalla desserter och gräddade bakverk. Kvargen tillför en fyllig och saftig smak till många bakverk.",
    "countryText": "",
    "companyText": "Valio",
    "ingrediensText": "KVARG (högpastöriserad SKUMMJÖLK, syrningskultur), högpastöriserad GRÄDDE, socker, citron 5% (fruktkött, juice från koncentrat), modifierad potatisstärkelse, aromer, färgämne (kurkumin), enzymer (löpe och laktas).",
    "storage": "Förvaras i högst +8°C. Öppnad förpackning är hållbar i 3-4 dagar i kylskåp.",
    "allergens": "",
    "usage": "",
    "nutrition": [
      {
        "Näringsvärde": "Energi (kcal)",
        "100 Gram": "153 kcal"
      },
      {
        "Näringsvärde": "Energi (kJ)",
        "100 Gram": "643 kJ"
      },
      {
        "Näringsvärde": "Fett",
        "100 Gram": "7 g"
      },
      {
        "Näringsvärde": "Varav mättat fett",
        "100 Gram": "4.1 g"
      },
      {
        "Näringsvärde": "Kolhydrat",
        "100 Gram": "15 g"
      },
      {
        "Näringsvärde": "Varav sockerarter",
        "100 Gram": "15 g"
      },
      {
        "Näringsvärde": "Protein",
        "100 Gram": "7.2 g"
      },
      {
        "Näringsvärde": "Salt",
        "100 Gram": "0.1 g"
      }
    ],
    "nutritionUnitText": "Näringsvärde per 100 gram",
    "categories": {
      "mainCategory": "Mejeri & Ost",
      "subCategories": [
        {
          "name": "Kvarg",
          "subSubCategories": [
            "Laktosfri kvarg"
          ]
        }
      ]
    }
  },
  {
    "name": "Apelsinjuice med fruktkött 900ml Innocent",
    "weightText": "0.9 l",
    "caPart": "",
    "weightValue": 0.9,
    "weightUnit": "l",
    "comparePrice": "43,89 kr/l exkl pant",
    "currentPrice": 39.5,
    "attributes": [],
    "imgUrl": "https://handlaprivatkund.ica.se/images-v3/bf7a00ca-390e-4769-865f-dc369586872e/a9e27469-b98b-49bf-a688-c42bd1b3ea75/500x500.jpg",
    "productInformation": "Det här är juicen för den som vill njuta av varje liten bit frukt. Okej, vi har uppenbarligen tagit bort skalet, men juicen och alla saftiga bitar är på plats och smakar som de ska. Som du kommer märka om 3, 2, 1. Visst? \n \n Pastöriserad",
    "countryText": "",
    "companyText": "Innocent",
    "ingrediensText": "Ingredienser: 11 pressade apelsiner.",
    "storage": "Förvaras kallt (0-8 C). Lägsta förvaringstemperatur 0°C Högsta förvaringstemperatur 8°C",
    "allergens": "",
    "usage": "",
    "nutrition": [],
    "nutritionUnitText": "",
    "categories": {
      "mainCategory": "Mejeri & Ost",
      "subCategories": [
        {
          "name": "Juice & Fruktdryck",
          "subSubCategories": [
            "Apelsinjuice"
          ]
        }
      ]
    }
  },
  {
    "name": "Torrjäst Matbröd 14g 2st Kronjäst",
    "weightText": "0.028 kg",
    "caPart": "",
    "weightValue": 0.028,
    "weightUnit": "kg",
    "comparePrice": "267,86 kr/kg",
    "currentPrice": 7.5,
    "attributes": [],
    "imgUrl": "https://handlaprivatkund.ica.se/images-v3/bf7a00ca-390e-4769-865f-dc369586872e/e07c989a-9fa3-4558-9ea6-5536501dd257/500x500.jpg",
    "productInformation": "Torkad svensk jäst som har optimal jäskraft i degar för matbröd. Jästcellerna arbetar tillsammans med näringen i mjölet (sockret från stärkelsen) och jobbar mindre effektivt i degar med tillsatt socker, dvs mer än 4% socker/sirap av mjölmängden.",
    "countryText": "",
    "companyText": "Kronjäst",
    "ingrediensText": "Jäst, emulgeringsmedel E491 (vegetabiliskt).",
    "storage": "Torrt, ej över normal rumstemperatur. Öppnad förpackning bör förbrukas inom 3 dygn. Förslut påsen väl och förvara i kylskåp. Lägsta förvaringstemperatur 0°C Högsta förvaringstemperatur 22°C",
    "allergens": "",
    "usage": "",
    "nutrition": [],
    "nutritionUnitText": "",
    "categories": {
      "mainCategory": "Mejeri & Ost",
      "subCategories": [
        {
          "name": "Ägg & Jäst",
          "subSubCategories": [
            "Jäst"
          ]
        }
      ]
    }
  },
  {
    "name": "Mozarella Burrata 100g ICA",
    "weightText": "0.1 kg",
    "caPart": "",
    "weightValue": 0.1,
    "weightUnit": "kg",
    "comparePrice": "289,50 kr/kg",
    "currentPrice": 28.95,
    "attributes": [],
    "imgUrl": "https://handlaprivatkund.ica.se/images-v3/bf7a00ca-390e-4769-865f-dc369586872e/a56fb47d-7969-47ea-818d-36d7db8d9056/500x500.jpg",
    "productInformation": "ICA Burrata är en mozzarella med en gräddig och krämig fyllning. Perfekt att servera som förrrätt, toppa pizzan eller att ha på pastan.",
    "countryText": "",
    "companyText": "ICA",
    "ingrediensText": "Pastöriserad MJÖLK*, UHT GRÄDDE*, salt, mjölkkoagulerande enzym (animaliskt), konserveringsmedel (E202). *Ursprung Italien.",
    "storage": "Kylvara. Förvaras vid högst +8°C.",
    "allergens": "",
    "usage": "",
    "nutrition": [
      {
        "Näringsvärde": "Energi (kcal)",
        "100 Gram": "235 kcal"
      },
      {
        "Näringsvärde": "Energi (kJ)",
        "100 Gram": "973 kJ"
      },
      {
        "Näringsvärde": "Fett",
        "100 Gram": "21 g"
      },
      {
        "Näringsvärde": "Varav mättat fett",
        "100 Gram": "14 g"
      },
      {
        "Näringsvärde": "Kolhydrat",
        "100 Gram": "1.5 g"
      },
      {
        "Näringsvärde": "Varav sockerarter",
        "100 Gram": "1.5 g"
      },
      {
        "Näringsvärde": "Protein",
        "100 Gram": "10 g"
      },
      {
        "Näringsvärde": "Salt",
        "100 Gram": "0.7 g"
      }
    ],
    "nutritionUnitText": "Näringsvärde per 100 gram",
    "categories": {
      "mainCategory": "Mejeri & Ost",
      "subCategories": [
        {
          "name": "Ost",
          "subSubCategories": [
            "Matlagningsost",
            "Mozzarella"
          ]
        }
      ]
    }
  },
  {
    "name": "Hårdost Mozzarella riven 200 g ICA Basic",
    "weightText": "0.2 kg",
    "caPart": "",
    "weightValue": 0.2,
    "weightUnit": "kg",
    "comparePrice": "124,75 kr/kg",
    "currentPrice": 24.95,
    "attributes": [],
    "imgUrl": "https://handlaprivatkund.ica.se/images-v3/bf7a00ca-390e-4769-865f-dc369586872e/04e04783-99e8-40b9-8a27-2bcb1d60a4ef/500x500.jpg",
    "productInformation": "",
    "countryText": "",
    "companyText": "ICA Basic",
    "ingrediensText": "Pastöriserad MJÖLK*, majsstärkelse, salt, mjölkkoagulerande enzym (mikrobiellt), syrningskultur. *Ursprung EU.",
    "storage": "Kylvara. Förvaras vid högst +8°C.",
    "allergens": "",
    "usage": "",
    "nutrition": [
      {
        "Näringsvärde": "Energi (kcal)",
        "100 Gram": "304 kcal"
      },
      {
        "Näringsvärde": "Energi (kJ)",
        "100 Gram": "1263 kJ"
      },
      {
        "Näringsvärde": "Fett",
        "100 Gram": "22 g"
      },
      {
        "Näringsvärde": "Varav mättat fett",
        "100 Gram": "16 g"
      },
      {
        "Näringsvärde": "Kolhydrat",
        "100 Gram": "1.7 g"
      },
      {
        "Näringsvärde": "Varav sockerarter",
        "100 Gram": "0 g"
      },
      {
        "Näringsvärde": "Protein",
        "100 Gram": "25 g"
      },
      {
        "Näringsvärde": "Salt",
        "100 Gram": "1.3 g"
      }
    ],
    "nutritionUnitText": "Näringsvärde per 100 gram",
    "categories": {
      "mainCategory": "Mejeri & Ost",
      "subCategories": [
        {
          "name": "Ost",
          "subSubCategories": [
            "Matlagningsost",
            "Riven ost"
          ]
        }
      ]
    }
  },
  {
    "name": "Cottage Cheese Vanilj 500g KESO®",
    "weightText": "0.5 kg",
    "caPart": "",
    "weightValue": 0.5,
    "weightUnit": "kg",
    "comparePrice": "73,90 kr/kg",
    "currentPrice": 36.95,
    "attributes": [
      "Ursprungsland Sverige"
    ],
    "imgUrl": "https://handlaprivatkund.ica.se/images-v3/bf7a00ca-390e-4769-865f-dc369586872e/e378520f-3990-41e2-b56e-79714d2c6918/500x500.jpg",
    "productInformation": "Krämig färskost med gryning konsistens. KESO® Cottage cheese vanilj har en tydlig, god vaniljsmak med extrakt från Bourbonvanilj och en återhållsam sötma. Produkten har en fin krämighet och är naturligt rik på protein samtidigt som den har en låg fetthalt på 2,9%. Perfekt som frukost, mellanmål eller en lite nyttigare dessert, som du kan njuta som den är eller toppa med det du gillar bäst. Symbolen med den blågula mjölkkannan garanterar 100 procent svensk mjölk.",
    "countryText": "Sverige",
    "companyText": "Keso",
    "ingrediensText": "Cottage cheese (pastöriserad MJÖLK och GRÄDDE, salt, syrningskultur, ystenzym), vatten, socker 3,2%, modifierad potatisstärkelse, extrakt från Bourbonvanilj, mald vaniljstång, naturlig arom, citronjuice, konserveringsmedel (kaliumsorbat).",
    "storage": "Lägsta förvaringstemperatur 2°C Högsta förvaringstemperatur 8°C",
    "allergens": "",
    "usage": "",
    "nutrition": [
      {
        "Näringsvärde": "Energi (kcal)",
        "100 Gram": "88 kcal"
      },
      {
        "Näringsvärde": "Energi (kJ)",
        "100 Gram": "369 kJ"
      },
      {
        "Näringsvärde": "Fett",
        "100 Gram": "2.9 g"
      },
      {
        "Näringsvärde": "Varav mättat fett",
        "100 Gram": "1.9 g"
      },
      {
        "Näringsvärde": "Kolhydrat",
        "100 Gram": "5.4 g"
      },
      {
        "Näringsvärde": "Varav sockerarter",
        "100 Gram": "4.5 g"
      },
      {
        "Näringsvärde": "Protein",
        "100 Gram": "10 g"
      },
      {
        "Näringsvärde": "Salt",
        "100 Gram": "0.37 g"
      }
    ],
    "nutritionUnitText": "Näringsvärde per 100 gram",
    "categories": {
      "mainCategory": "Mejeri & Ost",
      "subCategories": [
        {
          "name": "Cottage cheese",
          "subSubCategories": [
            "Cottage cheese smaksatt"
          ]
        }
      ]
    }
  },
  {
    "name": "Mellanmjölk Lång hållbarhet 1,5% 1l Arla®",
    "weightText": "1 l",
    "caPart": "",
    "weightValue": 1,
    "weightUnit": "l",
    "comparePrice": "24,50 kr/l",
    "currentPrice": 24.5,
    "attributes": [],
    "imgUrl": "https://handlaprivatkund.ica.se/images-v3/bf7a00ca-390e-4769-865f-dc369586872e/9262c3e9-0ce9-4eaf-918a-3b57a9891217/500x500.jpg",
    "productInformation": "Mellanmjölk med lång hållbarhet är ultrapastöriserad och har därför en något sötare smak än lågpastöriserad mjölk. Den smakar bäst kyld men kan tack vare ultrapastöriseringen förvaras oöppnad i rumstemperatur. Arla® mellanmjölk med lång hållbarhet är en naturlig källa till bland annat protein, kalcium och vitamin B12. Protein bidrar till muskeluppbyggnad och kalcium behövs för att bibehålla en normal benstomme.",
    "countryText": "",
    "companyText": "Arla",
    "ingrediensText": "MJÖLK, vitamin D. UHT-behandlad.",
    "storage": "Lägsta förvaringstemperatur 4°C Högsta förvaringstemperatur 20°C",
    "allergens": "Innehåller Mjölk",
    "usage": "",
    "nutrition": [
      {
        "Näringsvärde": "Energi (kcal)",
        "100 Gram": "50 kcal"
      },
      {
        "Näringsvärde": "Energi (kJ)",
        "100 Gram": "190 kJ"
      },
      {
        "Näringsvärde": "Fett",
        "100 Gram": "1.5 g"
      },
      {
        "Näringsvärde": "Varav mättat fett",
        "100 Gram": "1 g"
      },
      {
        "Näringsvärde": "Kolhydrat",
        "100 Gram": "4.6 g"
      },
      {
        "Näringsvärde": "Varav sockerarter",
        "100 Gram": "4.6 g"
      },
      {
        "Näringsvärde": "Protein",
        "100 Gram": "3.4 g"
      },
      {
        "Näringsvärde": "Salt",
        "100 Gram": "0.1 g"
      },
      {
        "Näringsvärde": "Vitamin B12",
        "100 Gram": "0.5 µg",
        "% av DRI(*)": "20"
      },
      {
        "Näringsvärde": "Vitamin D",
        "100 Gram": "1 µg",
        "% av DRI(*)": "20"
      },
      {
        "Näringsvärde": "Riboflavin",
        "100 Gram": "0.15 mg",
        "% av DRI(*)": "11"
      },
      {
        "Näringsvärde": "Kalium",
        "100 Gram": "160 mg",
        "% av DRI(*)": "8"
      },
      {
        "Näringsvärde": "Klorid",
        "100 Gram": "95 mg",
        "% av DRI(*)": "12"
      },
      {
        "Näringsvärde": "Kalcium",
        "100 Gram": "120 mg",
        "% av DRI(*)": "15"
      },
      {
        "Näringsvärde": "Fosfor",
        "100 Gram": "95 mg",
        "% av DRI(*)": "14"
      },
      {
        "Näringsvärde": "Molybden",
        "100 Gram": "4.7 µg",
        "% av DRI(*)": "9"
      },
      {
        "Näringsvärde": "Jod",
        "100 Gram": "24 µg",
        "% av DRI(*)": "16"
      }
    ],
    "nutritionUnitText": "Näringsvärde per 100 gram",
    "categories": {
      "mainCategory": "Mejeri & Ost",
      "subCategories": [
        {
          "name": "Mjölk",
          "subSubCategories": [
            "Mellanmjölk",
            "Mellanmjölk, laktos"
          ]
        }
      ]
    }
  },
  {
    "name": "Mellangrädde 27% 2,5dl ICA",
    "weightText": "0.25 l",
    "caPart": "",
    "weightValue": 0.25,
    "weightUnit": "l",
    "comparePrice": "59,80 kr/l",
    "currentPrice": 14.95,
    "attributes": [
      "Ursprungsland Sverige",
      "Mjölk från Sverige"
    ],
    "imgUrl": "https://handlaprivatkund.ica.se/images-v3/bf7a00ca-390e-4769-865f-dc369586872e/740526f4-7301-4a75-8004-4030ad97d9b2/500x500.jpg",
    "productInformation": "En mellangrädde med 27% fetthalt. Fungerar i både matlagning och till dessert.",
    "countryText": "Sverige",
    "companyText": "ICA",
    "ingrediensText": "Högpastöriserad GRÄDDE*, MJÖLKPROTEIN, stabiliseringsmedel (E407). *Ursprung Sverige.",
    "storage": "Kylvara. Förvaras vid högst +8℃.",
    "allergens": "",
    "usage": "",
    "nutrition": [
      {
        "Näringsvärde": "Energi (kcal)",
        "100 Gram": "267 kcal"
      },
      {
        "Näringsvärde": "Energi (kJ)",
        "100 Gram": "1101 kJ"
      },
      {
        "Näringsvärde": "Fett",
        "100 Gram": "27 g"
      },
      {
        "Näringsvärde": "Varav mättat fett",
        "100 Gram": "17 g"
      },
      {
        "Näringsvärde": "Kolhydrat",
        "100 Gram": "3.4 g"
      },
      {
        "Näringsvärde": "Varav sockerarter",
        "100 Gram": "3.4 g"
      },
      {
        "Näringsvärde": "Protein",
        "100 Gram": "2.6 g"
      },
      {
        "Näringsvärde": "Salt",
        "100 Gram": "0.07 g"
      },
      {
        "Näringsvärde": "Vitamin A",
        "100 Gram": "245 µg"
      },
      {
        "Näringsvärde": "Vitamin B12",
        "100 Gram": "0.3 µg"
      }
    ],
    "nutritionUnitText": "Näringsvärde per 100 gram",
    "categories": {
      "mainCategory": "Mejeri & Ost",
      "subCategories": [
        {
          "name": "Grädde",
          "subSubCategories": [
            "Mellangrädde"
          ]
        }
      ]
    }
  },
  {
    "name": "Juice Äpple utan fruktkött 1.75l ICA",
    "weightText": "1.75 l",
    "caPart": "",
    "weightValue": 1.75,
    "weightUnit": "l",
    "comparePrice": "17,69 kr/l",
    "currentPrice": 30.95,
    "attributes": [],
    "imgUrl": "https://handlaprivatkund.ica.se/images-v3/bf7a00ca-390e-4769-865f-dc369586872e/6bc1342e-e109-4b42-a962-9425d086b74b/500x500.jpg",
    "productInformation": "ICAs kylda äppeljuice från koncentrat, utan fruktkött. En självklarhet på ditt frukostbord, men passar minst lika bra som måltidsdryck. \n \n ”Rynkeby confirm, that ourproducts are free from GMO, as defined in EU Regulation 1829/2003 and 1830/2003”.",
    "countryText": "",
    "companyText": "ICA",
    "ingrediensText": "Ingredienser Drickfärdig äppeljuice* från koncentrat av 100% frukt. Motsvarar juice från ca 2 kg äpplen. *Äpplen odlade inom EU/icke-EU.",
    "storage": "Kylvara. Förvaras vid högst +8°C. Lägsta förvaringstemperatur 0°C Högsta förvaringstemperatur 8°C",
    "allergens": "",
    "usage": "",
    "nutrition": [
      {
        "Näringsvärde": "Energi (kcal)",
        "100 Milliliter": "43 kcal"
      },
      {
        "Näringsvärde": "Energi (kJ)",
        "100 Milliliter": "183 kJ"
      },
      {
        "Näringsvärde": "Fett",
        "100 Milliliter": "0 g"
      },
      {
        "Näringsvärde": "Varav mättat fett",
        "100 Milliliter": "0 g"
      },
      {
        "Näringsvärde": "Kolhydrat",
        "100 Milliliter": "10 g"
      },
      {
        "Näringsvärde": "Varav sockerarter",
        "100 Milliliter": "9.7 g"
      },
      {
        "Näringsvärde": "Protein",
        "100 Milliliter": "0 g"
      },
      {
        "Näringsvärde": "Salt",
        "100 Milliliter": "0 g"
      }
    ],
    "nutritionUnitText": "Näringsvärde per 100 milliliter",
    "categories": {
      "mainCategory": "Mejeri & Ost",
      "subCategories": [
        {
          "name": "Juice & Fruktdryck",
          "subSubCategories": [
            "Äppeljuice"
          ]
        }
      ]
    }
  },
  {
    "name": "Ägg Frigående L 20-p Stjärnägg",
    "weightText": "",
    "caPart": "",
    "weightValue": 0,
    "weightUnit": "",
    "comparePrice": "20 per frp 2,90 kr/st",
    "currentPrice": 57.95,
    "attributes": [
      "Från Sverige"
    ],
    "imgUrl": "https://handlaprivatkund.ica.se/images-v3/bf7a00ca-390e-4769-865f-dc369586872e/5fb15c66-a7cb-4f6f-9bf9-6a499c37cd62/500x500.jpg",
    "productInformation": "",
    "countryText": "",
    "companyText": "Stjärnägg",
    "ingrediensText": "ÄGG",
    "storage": "Lägsta förvaringstemperatur 4°C Högsta förvaringstemperatur 15°C",
    "allergens": "Innehåller Ägg",
    "usage": "",
    "nutrition": [
      {
        "Näringsvärde": "Energi (kcal)",
        "100 Gram": "140 kcal"
      },
      {
        "Näringsvärde": "Energi (kJ)",
        "100 Gram": "600 kJ"
      },
      {
        "Näringsvärde": "Fett",
        "100 Gram": "9.7 g"
      },
      {
        "Näringsvärde": "Varav mättat fett",
        "100 Gram": "2.6 g"
      },
      {
        "Näringsvärde": "Kolhydrat",
        "100 Gram": "0 g"
      },
      {
        "Näringsvärde": "Varav sockerarter",
        "100 Gram": "0 g"
      },
      {
        "Näringsvärde": "Protein",
        "100 Gram": "12 g"
      },
      {
        "Näringsvärde": "Salt",
        "100 Gram": "0.4 g"
      }
    ],
    "nutritionUnitText": "",
    "categories": {
      "mainCategory": "Mejeri & Ost",
      "subCategories": [
        {
          "name": "Ägg & Jäst",
          "subSubCategories": [
            "Ägg"
          ]
        }
      ]
    }
  },
  {
    "name": "Proteinmousse Choklad 1,8% Laktosfri 150g Valio PROfeel®",
    "weightText": "0.15 kg",
    "caPart": "",
    "weightValue": 0.15,
    "weightUnit": "kg",
    "comparePrice": "126,33 kr/kg",
    "currentPrice": 18.95,
    "attributes": [
      "Rainforest Alliance certifierad",
      "Laktosfritt"
    ],
    "imgUrl": "https://handlaprivatkund.ica.se/images-v3/bf7a00ca-390e-4769-865f-dc369586872e/63805ff5-7db6-4d3f-801e-3cc7335051a0/500x500.jpg",
    "productInformation": "Valio PROfeel® proteinmousse choklad är ett gott och krämigt mellanmål med hela 18g protein/fpkn. Produkten är laktosfri och utan tillsatt socker.",
    "countryText": "",
    "companyText": "PROfeel",
    "ingrediensText": "MJÖLK, MJÖLKPROTEIN, fettreducerad kakao** 2,7 %, choklad** 0,8 %, stärkelse, gelatin, förtjockningsmedel (guarkärnmjöl, karragenan), sötningsmedel (acesulfam K, sukralos), aromer, salt, laktasenzym. Vispad med kväve. **Rainforest Alliance-certifierad kakao.",
    "storage": "Förvaras vid högst +8°C. Öppnad förpackning är hållbar 4-5 dagar i kylskåp.",
    "allergens": "",
    "usage": "",
    "nutrition": [
      {
        "Näringsvärde": "Energi (kcal)",
        "100 Gram": "89 kcal"
      },
      {
        "Näringsvärde": "Energi (kJ)",
        "100 Gram": "376 kJ"
      },
      {
        "Näringsvärde": "Fett",
        "100 Gram": "1.8 g"
      },
      {
        "Näringsvärde": "Varav mättat fett",
        "100 Gram": "1 g"
      },
      {
        "Näringsvärde": "Kolhydrat",
        "100 Gram": "5.7 g"
      },
      {
        "Näringsvärde": "Varav sockerarter",
        "100 Gram": "4.9 g"
      },
      {
        "Näringsvärde": "Protein",
        "100 Gram": "12 g"
      },
      {
        "Näringsvärde": "Salt",
        "100 Gram": "0.3 g"
      },
      {
        "Näringsvärde": "Kalcium",
        "100 Gram": "300 mg",
        "% av DRI(*)": "37"
      }
    ],
    "nutritionUnitText": "Näringsvärde per 100 gram",
    "categories": {
      "mainCategory": "Mejeri & Ost",
      "subCategories": [
        {
          "name": "Kylda mellanmål & desserter",
          "subSubCategories": [
            "Proteinmål",
            "Proteinmål, laktosfri"
          ]
        }
      ]
    }
  },
  {
    "name": "Äpplejuice 1l Bravo",
    "weightText": "1 l",
    "caPart": "",
    "weightValue": 1,
    "weightUnit": "l",
    "comparePrice": "27,95 kr/l",
    "currentPrice": 27.95,
    "attributes": [],
    "imgUrl": "https://handlaprivatkund.ica.se/images-v3/bf7a00ca-390e-4769-865f-dc369586872e/76b32515-b670-4a4b-8601-4126168aaee3/500x500.jpg",
    "productInformation": "Information från leverantör \n Njut av Bravo äpplejuice! Bravo är juice så som juice ska vara, 100 % naturlig, utan tillsatt socker eller andra tillsatser. Bravo är dessutom Sveriges största juice, vilket naturligtvis har med den goda smaken att göra.",
    "countryText": "",
    "companyText": "Bravo",
    "ingrediensText": "Äpplejuice. Juicen från koncentrat. 1 liter motsvarar juice från ca 1,5 kg äpple.",
    "storage": "Lägsta förvaringstemperatur 2°C Högsta förvaringstemperatur 8°C",
    "allergens": "",
    "usage": "",
    "nutrition": [
      {
        "Näringsvärde": "Energi (kcal)",
        "100 Gram": "45 kcal"
      },
      {
        "Näringsvärde": "Energi (kJ)",
        "100 Gram": "180 kJ"
      },
      {
        "Näringsvärde": "Fett",
        "100 Gram": "0 g"
      },
      {
        "Näringsvärde": "Varav mättat fett",
        "100 Gram": "0 g"
      },
      {
        "Näringsvärde": "Kolhydrat",
        "100 Gram": "9.5 g"
      },
      {
        "Näringsvärde": "Varav sockerarter",
        "100 Gram": "9.5 g"
      },
      {
        "Näringsvärde": "Fiber",
        "100 Gram": "0.2 g"
      },
      {
        "Näringsvärde": "Protein",
        "100 Gram": "0 g"
      },
      {
        "Näringsvärde": "Salt",
        "100 Gram": "0 g"
      }
    ],
    "nutritionUnitText": "Näringsvärde per 100 gram",
    "categories": {
      "mainCategory": "Mejeri & Ost",
      "subCategories": [
        {
          "name": "Juice & Fruktdryck",
          "subSubCategories": [
            "Äppeljuice"
          ]
        }
      ]
    }
  },
  {
    "name": "iMat Fraiche Original 15% 200ml Oatly",
    "weightText": "0.2 l",
    "caPart": "",
    "weightValue": 0.2,
    "weightUnit": "l",
    "comparePrice": "87,50 kr/l",
    "currentPrice": 17.5,
    "attributes": [],
    "imgUrl": "https://handlaprivatkund.ica.se/images-v3/bf7a00ca-390e-4769-865f-dc369586872e/37068ff3-6e8b-4375-8535-18c55a981db8/500x500.jpg",
    "productInformation": "iMat fraiche är gjord på svensk havre och tillverkas i Landskrona. Det är en krämig fraiche berikad med mineraler och kalcium med en 15% fetthalt från vegitabiliska oljor och havre. Kan används precis som en fraiche, både varm och kall. Kommer i en smidig 200ml-förpackning.",
    "countryText": "",
    "companyText": "Oatly",
    "ingrediensText": "Ingredienser: Vatten/vann, HAVRE 10 %, fullhärdade/fullherdet vegetabiliska oljor (kokos,raps), rapsolja, stärkelse/stivelse, potatisprotein/potetprotein, mineraler (kalciumkarbonat, kalciumfosfat), stabiliseringsmedel/stabilisator(pektin), syror (äppelsyra/eplesyre, mjölksyra/melkesyre).",
    "storage": "Produkten är en kylvara. Förvaras vid max +8 grader. Öppnad förpackning hållbar minst 5 dagar.",
    "allergens": "",
    "usage": "",
    "nutrition": [
      {
        "Näringsvärde": "Energi (kcal)",
        "100 Gram": "186 kcal"
      },
      {
        "Näringsvärde": "Energi (kJ)",
        "100 Gram": "773 kJ"
      },
      {
        "Näringsvärde": "Fett",
        "100 Gram": "15 g"
      },
      {
        "Näringsvärde": "Varav mättat fett",
        "100 Gram": "5.9 g"
      },
      {
        "Näringsvärde": "Kolhydrat",
        "100 Gram": "9.5 g"
      },
      {
        "Näringsvärde": "Varav sockerarter",
        "100 Gram": "3.3 g"
      },
      {
        "Näringsvärde": "Fiber",
        "100 Gram": "0.9 g"
      },
      {
        "Näringsvärde": "Protein",
        "100 Gram": "2 g"
      },
      {
        "Näringsvärde": "Salt",
        "100 Gram": "0.01 g"
      },
      {
        "Näringsvärde": "Kalcium",
        "100 Gram": "120 mg",
        "% av DRI(*)": "15"
      }
    ],
    "nutritionUnitText": "Näringsvärde per 100 gram",
    "categories": {
      "mainCategory": "Mejeri & Ost",
      "subCategories": [
        {
          "name": "Crème fraiche",
          "subSubCategories": [
            "Mjölkfri fraiche"
          ]
        }
      ]
    }
  },
  {
    "name": "Kvarg Mild Hallon 0,2% Laktosfri 1000g Arla®",
    "weightText": "1 kg",
    "caPart": "",
    "weightValue": 1,
    "weightUnit": "kg",
    "comparePrice": "45,95 kr/kg",
    "currentPrice": 45.95,
    "attributes": [
      "Laktosfritt"
    ],
    "imgUrl": "https://handlaprivatkund.ica.se/images-v3/bf7a00ca-390e-4769-865f-dc369586872e/3d54bbd4-919d-4da9-8a17-b1baf722b772/500x500.jpg",
    "productInformation": "Mild och krämig laktosfri kvarg med hallon. Arla® mild kvarg hallon har inget tillsatt socker och ett naturligt högt innehåll av protein – ett utmärkt val för dig med en aktiv livsstil. Kvarg hallon är ett gott mellanmål, perfekt i samband med träning, en god start på dagen och ett hälsosamt val. Njut av Arla® smaksatt kvarg som den är eller med nötter, frukt eller färska bär. All kvarg från Arla® är laktosfri. 1 000 g.",
    "countryText": "",
    "companyText": "Arla",
    "ingrediensText": "MJÖLK, vatten, hallon 4,5%, cikoriarotfiber (inulin), majsstärkelse, förtjockningsmedel (citruspektin), naturlig arom, sötningsmedel (aspartam**), mjölksyrakultur, laktasenzym. Mjölken är högpastöriserad. **Innehåller en fenylalaninkälla.",
    "storage": "",
    "allergens": "",
    "usage": "",
    "nutrition": [
      {
        "Näringsvärde": "Energi (kcal)",
        "100 Gram": "60 kcal"
      },
      {
        "Näringsvärde": "Energi (kJ)",
        "100 Gram": "260 kJ"
      },
      {
        "Näringsvärde": "Fett",
        "100 Gram": "0.2 g"
      },
      {
        "Näringsvärde": "Varav mättat fett",
        "100 Gram": "0.1 g"
      },
      {
        "Näringsvärde": "Kolhydrat",
        "100 Gram": "4.4 g"
      },
      {
        "Näringsvärde": "Varav sockerarter",
        "100 Gram": "3.8 g"
      },
      {
        "Näringsvärde": "Protein",
        "100 Gram": "9.5 g"
      },
      {
        "Näringsvärde": "Salt",
        "100 Gram": "0.1 g"
      }
    ],
    "nutritionUnitText": "Näringsvärde per 100 gram",
    "categories": {
      "mainCategory": "Mejeri & Ost",
      "subCategories": [
        {
          "name": "Kvarg",
          "subSubCategories": [
            "Laktosfri kvarg"
          ]
        }
      ]
    }
  },
  {
    "name": "Grekisk yoghurt 10% 1000g Arla Köket®",
    "weightText": "1 kg",
    "caPart": "",
    "weightValue": 1,
    "weightUnit": "kg",
    "comparePrice": "41,95 kr/kg",
    "currentPrice": 41.95,
    "attributes": [
      "Ursprungsland Sverige"
    ],
    "imgUrl": "https://handlaprivatkund.ica.se/images-v3/bf7a00ca-390e-4769-865f-dc369586872e/9cf4c387-7bfe-4799-b35f-333ed8d68869/500x500.jpg",
    "productInformation": "Arla Köket® Grekisk yoghurt 10% är en matyoghurt av grekisk karaktär som har en len, mild och gräddig smak och tjock krämig konsistens. Den passar perfekt i fräscha efterrätter och att äta som den är till frukt och bär eller med honung och nötter som en enkel dessert. Den fungerar även som matlagningsyoghurt i kalla röror och såser, gärna i kombination med någon syrlig smaksättning som lime eller citron. Symbolen med den blågula gräddkannan garanterar 100 procent svensk grädde.",
    "countryText": "Sverige",
    "companyText": "Arla Köket",
    "ingrediensText": "Pastöriserad MJÖLK och GRÄDDE, MJÖLKPROTEIN, yoghurtkultur.",
    "storage": "",
    "allergens": "Innehåller Mjölk",
    "usage": "",
    "nutrition": [
      {
        "Näringsvärde": "Energi (kcal)",
        "100 Gram": "120 kcal"
      },
      {
        "Näringsvärde": "Energi (kJ)",
        "100 Gram": "500 kJ"
      },
      {
        "Näringsvärde": "Fett",
        "100 Gram": "10 g"
      },
      {
        "Näringsvärde": "Varav mättat fett",
        "100 Gram": "6.4 g"
      },
      {
        "Näringsvärde": "Kolhydrat",
        "100 Gram": "3.5 g"
      },
      {
        "Näringsvärde": "Varav sockerarter",
        "100 Gram": "3.5 g"
      },
      {
        "Näringsvärde": "Protein",
        "100 Gram": "4.2 g"
      },
      {
        "Näringsvärde": "Salt",
        "100 Gram": "0.1 g"
      }
    ],
    "nutritionUnitText": "Näringsvärde per 100 gram",
    "categories": {
      "mainCategory": "Mejeri & Ost",
      "subCategories": [
        {
          "name": "Yoghurt",
          "subSubCategories": [
            "Matlagningsyoghurt",
            "Grekisk yoghurt"
          ]
        }
      ]
    }
  },
  {
    "name": "Pärondryck Drickfärdig 1,5l Kiviks",
    "weightText": "1.5 l",
    "caPart": "",
    "weightValue": 1.5,
    "weightUnit": "l",
    "comparePrice": "12,33 kr/l",
    "currentPrice": 18.5,
    "attributes": [],
    "imgUrl": "https://handlaprivatkund.ica.se/images-v3/bf7a00ca-390e-4769-865f-dc369586872e/b2151a51-0030-4754-9430-215f3ff22613/500x500.jpg",
    "productInformation": "Hela familjens favorit! Mild pärondryck med sval smak av sensommar. Pärondrycken finns även i en 25 cl förpackning som är lätt att ta med på utflykten. Drycken innehåller: 14% frukt och 7,5% tillsatt socker.",
    "countryText": "",
    "companyText": "Kiviks Musteri",
    "ingrediensText": "INGREDIENSER: Vatten, päronjuice/pærejuice 14 %, socker, syra (citronsyra), päronarom/pærearoma. Juice från koncentrat. Innehåller: 14 % frukt och 7 % tillsatt socker.",
    "storage": "Hållbarhet:Oöppnad förpackning kan förvaras i rumstemperatur. Öppnad förpackning förvarad vid högst +8 °C är hållbar 4-5 dagar. Lägsta förvaringstemperatur 0°C Högsta förvaringstemperatur 25°C",
    "allergens": "",
    "usage": "",
    "nutrition": [
      {
        "Näringsvärde": "Energi (kcal)",
        "100 Milliliter": "35 kcal"
      },
      {
        "Näringsvärde": "Energi (kJ)",
        "100 Milliliter": "150 kJ"
      },
      {
        "Näringsvärde": "Fett",
        "100 Milliliter": "0 g"
      },
      {
        "Näringsvärde": "Varav mättat fett",
        "100 Milliliter": "0 g"
      },
      {
        "Näringsvärde": "Kolhydrat",
        "100 Milliliter": "8.4 g"
      },
      {
        "Näringsvärde": "Varav sockerarter",
        "100 Milliliter": "8.4 g"
      },
      {
        "Näringsvärde": "Protein",
        "100 Milliliter": "0 g"
      },
      {
        "Näringsvärde": "Salt",
        "100 Milliliter": "0 g"
      }
    ],
    "nutritionUnitText": "Näringsvärde per 100 milliliter",
    "categories": {
      "mainCategory": "Mejeri & Ost",
      "subCategories": [
        {
          "name": "Juice & Fruktdryck",
          "subSubCategories": [
            "Måltidsdryck",
            "Måltidsdryck drickfärdig"
          ]
        }
      ]
    }
  },
  {
    "name": "Burrata 100g Zeta",
    "weightText": "0.1 kg",
    "caPart": "",
    "weightValue": 0.1,
    "weightUnit": "kg",
    "comparePrice": "359,50 kr/kg",
    "currentPrice": 35.95,
    "attributes": [],
    "imgUrl": "https://handlaprivatkund.ica.se/images-v3/bf7a00ca-390e-4769-865f-dc369586872e/0766f827-7334-4153-a712-b1ed43af4ad1/500x500.jpg",
    "productInformation": "Zeta Burrata är en mozzarella med krämig, gräddig fyllning och är en delikatess från Apulien i södra Italien. Perfekt att toppa kötträtten, pizzan eller pastan.",
    "countryText": "",
    "companyText": "Zeta",
    "ingrediensText": "Ingredienser: Ost: Pastöriserad KOMJÖLK, högpastöriserad GRÄDDE, salt, löpe, surhetsreglerande medel E270, konserveringsmedel E202. Lag: vatten, salt.",
    "storage": "",
    "allergens": "",
    "usage": "",
    "nutrition": [
      {
        "Näringsvärde": "Energi (kcal)",
        "100 Gram": "232 kcal"
      },
      {
        "Näringsvärde": "Energi (kJ)",
        "100 Gram": "959 kJ"
      },
      {
        "Näringsvärde": "Fett",
        "100 Gram": "21 g"
      },
      {
        "Näringsvärde": "Varav mättat fett",
        "100 Gram": "12 g"
      },
      {
        "Näringsvärde": "Kolhydrat",
        "100 Gram": "1.3 g"
      },
      {
        "Näringsvärde": "Varav sockerarter",
        "100 Gram": "1.3 g"
      },
      {
        "Näringsvärde": "Protein",
        "100 Gram": "11 g"
      },
      {
        "Näringsvärde": "Salt",
        "100 Gram": "0.54 g"
      }
    ],
    "nutritionUnitText": "Näringsvärde per 100 gram",
    "categories": {
      "mainCategory": "Mejeri & Ost",
      "subCategories": [
        {
          "name": "Ost",
          "subSubCategories": [
            "Matlagningsost",
            "Mozzarella"
          ]
        }
      ]
    }
  },

  {
    "name": "Kycklingkorv Naturell 500g Poli",
    "weightText": "0.5 kg",
    "caPart": "",
    "weightValue": 0.5,
    "weightUnit": "kg",
    "comparePrice": "111,90 kr/kg",
    "currentPrice": 55.95,
    "attributes": [],
    "imgUrl": "https://handlaprivatkund.ica.se/images-v3/bf7a00ca-390e-4769-865f-dc369586872e/b1a4c1bc-ca53-47bf-b45f-5e1d1a442e28/500x500.jpg",
    "productInformation": "",
    "countryText": "",
    "companyText": "Perutnina Ptuj",
    "ingrediensText": "kycklingkött 72%, vatten, kycklingskinn, salt, dextros, stabiliseringsmedel: difosfater, antioxidant: natirumaskorbat, kryddor, kryddextrakt, konseveringsmedel: natriumnitrit.",
    "storage": "",
    "allergens": "",
    "usage": "",
    "nutrition": [
      {
        "Näringsvärde": "Energi (kcal)",
        "100 Gram": "230 kcal"
      },
      {
        "Näringsvärde": "Energi (kJ)",
        "100 Gram": "953 kJ"
      },
      {
        "Näringsvärde": "Fett",
        "100 Gram": "20 g"
      },
      {
        "Näringsvärde": "Varav mättat fett",
        "100 Gram": "5.8 g"
      },
      {
        "Näringsvärde": "Kolhydrat",
        "100 Gram": "0.5 g"
      },
      {
        "Näringsvärde": "Varav sockerarter",
        "100 Gram": "0.5 g"
      },
      {
        "Näringsvärde": "Protein",
        "100 Gram": "12 g"
      },
      {
        "Näringsvärde": "Salt",
        "100 Gram": "2 g"
      }
    ],
    "nutritionUnitText": "Näringsvärde per 100 gram",
    "categories": {
      "mainCategory": "Kött, Chark & Fågel",
      "subCategories": [
        {
          "name": "Korv",
          "subSubCategories": [
            "Kycklingkorv",
            "Kycklingkorv"
          ]
        }
      ]
    }
  },
  {
    "name": "Falukorv Klassikern 800g Scan",
    "weightText": "0.8 kg",
    "caPart": "",
    "weightValue": 0.8,
    "weightUnit": "kg",
    "comparePrice": "37,50 kr/kg",
    "currentPrice": 30,
    "attributes": [
      "Glutenfritt",
      "Kött från Sverige",
      "Ursprungsland Sverige",
      "Laktosfritt"
    ],
    "imgUrl": "https://handlaprivatkund.ica.se/images-v3/bf7a00ca-390e-4769-865f-dc369586872e/27a6ef55-11a3-411e-9eb0-588cd5151c40/500x500.jpg",
    "productInformation": "Vår klassiska och mest omtyckta falukorv i hela Sverige. Smakfullt kryddad enligt klassiskt recept med bland annat ingefära, muskot och svartpeppar. En lättlagad vardagsfavorit men oändligt många recept som inspiration. Våra korvar innehåller bara svenskt kött från våra gårdar. Denna korv är fri från gluten, laktos, ägg-, soja-, mjölk- och ärtprotein",
    "countryText": "Sverige",
    "companyText": "Scan",
    "ingrediensText": "INGREDIENSER: Svenskt gris- och nötkött (58%)*, vatten, fett från gris- och nötkött*, potatismjöl, salt, lök, kryddor, kryddextrakter (cayenne, muskot), antioxidationsmedel E300, konserveringsmedel E250, rökarom. *Ursprung: Sverige.",
    "storage": "",
    "allergens": "",
    "usage": "",
    "nutrition": [
      {
        "Näringsvärde": "Energi (kcal)",
        "100 Gram": "260 kcal"
      },
      {
        "Näringsvärde": "Energi (kJ)",
        "100 Gram": "1050 kJ"
      },
      {
        "Näringsvärde": "Fett",
        "100 Gram": "23 g"
      },
      {
        "Näringsvärde": "Varav mättat fett",
        "100 Gram": "9.5 g"
      },
      {
        "Näringsvärde": "Kolhydrat",
        "100 Gram": "4 g"
      },
      {
        "Näringsvärde": "Varav sockerarter",
        "100 Gram": "0.5 g"
      },
      {
        "Näringsvärde": "Protein",
        "100 Gram": "9 g"
      },
      {
        "Näringsvärde": "Salt",
        "100 Gram": "1.8 g"
      }
    ],
    "nutritionUnitText": "Näringsvärde per 100 gram",
    "categories": {
      "mainCategory": "Kött, Chark & Fågel",
      "subCategories": [
        {
          "name": "Korv",
          "subSubCategories": [
            "Falukorv"
          ]
        }
      ]
    }
  },
  {
    "name": "Kyckling Färsk Minutfilé 600g Kronfågel",
    "weightText": "0.6 kg",
    "caPart": "",
    "weightValue": 0.6,
    "weightUnit": "kg",
    "comparePrice": "115,00 kr/kg",
    "currentPrice": 69,
    "attributes": [
      "Nyckelhålet",
      "Ursprungsland Sverige",
      "Svensk Fågel"
    ],
    "imgUrl": "https://handlaprivatkund.ica.se/images-v3/bf7a00ca-390e-4769-865f-dc369586872e/7acba753-0f7e-405f-8346-944673c0272d/500x500.jpg",
    "productInformation": "",
    "countryText": "Sverige",
    "companyText": "Kronfågel",
    "ingrediensText": "Utbankad kycklingbröstfilé. Kycklingbrösten är filéade med maskin. Var observant på att det kan förekomma delar av bröstbenet.",
    "storage": "Lägsta förvaringstemperatur 0°C Högsta förvaringstemperatur 4°C",
    "allergens": "",
    "usage": "",
    "nutrition": [
      {
        "Näringsvärde": "Energi (kcal)",
        "100 Gram": "120 kcal"
      },
      {
        "Näringsvärde": "Energi (kJ)",
        "100 Gram": "480 kJ"
      },
      {
        "Näringsvärde": "Fett",
        "100 Gram": "2 g"
      },
      {
        "Näringsvärde": "Varav mättat fett",
        "100 Gram": "0.5 g"
      },
      {
        "Näringsvärde": "Kolhydrat",
        "100 Gram": "0.5 g"
      },
      {
        "Näringsvärde": "Varav sockerarter",
        "100 Gram": "0.5 g"
      },
      {
        "Näringsvärde": "Protein",
        "100 Gram": "23 g"
      },
      {
        "Näringsvärde": "Salt",
        "100 Gram": "0.2 g"
      }
    ],
    "nutritionUnitText": "Näringsvärde per 100 gram",
    "categories": {
      "mainCategory": "Kött, Chark & Fågel",
      "subCategories": [
        {
          "name": "Kyckling & Fågel",
          "subSubCategories": [
            "Kycklingfilé",
            "Kycklingfilé, färsk"
          ]
        }
      ]
    }
  },
  {
    "name": "Kycklingfilé Färsk Minutstrimlor 550g Kronfågel",
    "weightText": "0.55 kg",
    "caPart": "",
    "weightValue": 0.55,
    "weightUnit": "kg",
    "comparePrice": "125,45 kr/kg",
    "currentPrice": 69,
    "attributes": [
      "Nyckelhålet",
      "Ursprungsland Sverige",
      "Svensk Fågel"
    ],
    "imgUrl": "https://handlaprivatkund.ica.se/images-v3/bf7a00ca-390e-4769-865f-dc369586872e/fc0362ff-7c41-47b4-9fbd-1e3e8ad61325/500x500.jpg",
    "productInformation": "",
    "countryText": "Sverige",
    "companyText": "Kronfågel",
    "ingrediensText": "Strimlad kycklingbröstfilé. Kycklingbrösten är filéade med maskin. Var observant på att det kan förekomma delar av bröstbenet.",
    "storage": "",
    "allergens": "",
    "usage": "",
    "nutrition": [
      {
        "Näringsvärde": "Energi (kcal)",
        "100 Gram": "120 kcal"
      },
      {
        "Näringsvärde": "Energi (kJ)",
        "100 Gram": "480 kJ"
      },
      {
        "Näringsvärde": "Fett",
        "100 Gram": "2 g"
      },
      {
        "Näringsvärde": "Varav mättat fett",
        "100 Gram": "0.5 g"
      },
      {
        "Näringsvärde": "Kolhydrat",
        "100 Gram": "0.5 g"
      },
      {
        "Näringsvärde": "Varav sockerarter",
        "100 Gram": "0.5 g"
      },
      {
        "Näringsvärde": "Protein",
        "100 Gram": "23 g"
      },
      {
        "Näringsvärde": "Salt",
        "100 Gram": "0.2 g"
      }
    ],
    "nutritionUnitText": "Näringsvärde per 100 gram",
    "categories": {
      "mainCategory": "Kött, Chark & Fågel",
      "subCategories": [
        {
          "name": "Kyckling & Fågel",
          "subSubCategories": [
            "Kycklingfilé",
            "Kycklingfilé, färsk"
          ]
        }
      ]
    }
  },
  {
    "name": "Kassler ca 600g ICA",
    "weightText": "Ca 0.6 kg",
    "caPart": "Ca",
    "weightValue": 0.6,
    "weightUnit": "kg",
    "comparePrice": "99,00 kr/kg",
    "currentPrice": 59.4,
    "attributes": [
      "Kött från Sverige",
      "Ursprungsland Sverige"
    ],
    "imgUrl": "https://handlaprivatkund.ica.se/images-v3/bf7a00ca-390e-4769-865f-dc369586872e/f4b3a8ce-bcfb-4fe0-bb3f-4e1393b4067c/500x500.jpg",
    "productInformation": "kassler gjord på svensk kotlett av gris som saltats och rökts. En klassisk vardagshjälte som passar lika bra strimlad på pizzan som i pastasåsen.",
    "countryText": "Sverige",
    "companyText": "ICA",
    "ingrediensText": "INGREDIENSER: Kotlett av gris* 91%, vatten, salt, druvsocker, stabiliseringsmedel (E450, E451), protein från gris, vegetabilisk fiber (potatis, citron), antioxidationsmedel (E301), konserveringsmedel (E250), rökarom. *Fött, uppfött och slaktat i Sverige.",
    "storage": "Lägsta förvaringstemperatur 0°C Högsta förvaringstemperatur 8°C",
    "allergens": "",
    "usage": "",
    "nutrition": [
      {
        "Näringsvärde": "Energi (kcal)",
        "100 Gram": "185 kcal"
      },
      {
        "Näringsvärde": "Energi (kJ)",
        "100 Gram": "772 kJ"
      },
      {
        "Näringsvärde": "Fett",
        "100 Gram": "12 g"
      },
      {
        "Näringsvärde": "Varav mättat fett",
        "100 Gram": "4.9 g"
      },
      {
        "Näringsvärde": "Kolhydrat",
        "100 Gram": "1.3 g"
      },
      {
        "Näringsvärde": "Varav sockerarter",
        "100 Gram": "1 g"
      },
      {
        "Näringsvärde": "Protein",
        "100 Gram": "18 g"
      },
      {
        "Näringsvärde": "Salt",
        "100 Gram": "2.3 g"
      }
    ],
    "nutritionUnitText": "Näringsvärde per 100 gram",
    "categories": {
      "mainCategory": "Kött, Chark & Fågel",
      "subCategories": [
        {
          "name": "Kött",
          "subSubCategories": [
            "Fläsk",
            "Kassler"
          ]
        }
      ]
    }
  },
  {
    "name": "Skinka Basturökt 105g Lönneberga",
    "weightText": "0.105 kg",
    "caPart": "",
    "weightValue": 0.105,
    "weightUnit": "kg",
    "comparePrice": "266,19 kr/kg",
    "currentPrice": 27.95,
    "attributes": [
      "Kött från Sverige"
    ],
    "imgUrl": "https://handlaprivatkund.ica.se/images-v3/bf7a00ca-390e-4769-865f-dc369586872e/3359e753-5ba6-4f29-83f1-42c1be9575bd/500x500.jpg",
    "productInformation": "En skinka varsamt rökt med alflis, med en mild och fin röksmak.",
    "countryText": "",
    "companyText": "Lönneberga",
    "ingrediensText": "Skinka* (95%) (helmuskel), salt, antioxidationsmedel (E325, E301), maltodextrin (majs), druvsocker (majs), stabiliseringsmedel (E451), kryddextrakt (muskotnöt, svartpeppar), konserveringsmedel (E250). *Fött, uppfött och slaktat i Sverige.",
    "storage": "Kylvara max +8°C.",
    "allergens": "",
    "usage": "Öppnad förpackning förvaras i kylskåp 5-7 dagar.",
    "nutrition": [
      {
        "Näringsvärde": "Energi (kcal)",
        "100 Gram": "110 kcal"
      },
      {
        "Näringsvärde": "Energi (kJ)",
        "100 Gram": "480 kJ"
      },
      {
        "Näringsvärde": "Fett",
        "100 Gram": "2.8 g"
      },
      {
        "Näringsvärde": "Varav mättat fett",
        "100 Gram": "1.1 g"
      },
      {
        "Näringsvärde": "Kolhydrat",
        "100 Gram": "2.5 g"
      },
      {
        "Näringsvärde": "Varav sockerarter",
        "100 Gram": "0.8 g"
      },
      {
        "Näringsvärde": "Protein",
        "100 Gram": "19 g"
      },
      {
        "Näringsvärde": "Salt",
        "100 Gram": "2.8 g"
      }
    ],
    "nutritionUnitText": "Näringsvärde per 100 gram",
    "categories": {
      "mainCategory": "Kött, Chark & Fågel",
      "subCategories": [
        {
          "name": "Pålägg",
          "subSubCategories": [
            "Skinka"
          ]
        }
      ]
    }
  },
  {
    "name": "Skinka Strimlad Rökt 180g ICA",
    "weightText": "0.18 kg",
    "caPart": "",
    "weightValue": 0.18,
    "weightUnit": "kg",
    "comparePrice": "127,50 kr/kg",
    "currentPrice": 22.95,
    "attributes": [
      "Nyckelhålet",
      "Kött från Sverige",
      "Ursprungsland Sverige"
    ],
    "imgUrl": "https://handlaprivatkund.ica.se/images-v3/bf7a00ca-390e-4769-865f-dc369586872e/8ced4788-8b0a-464b-8c85-c53e130b223f/500x500.jpg",
    "productInformation": "ICA Skinka Strimlad Rökt passar perfekt för dig som vill göra en snabb pasta och bara kunna strössla i lite skinka eller vill få till pizzeria-känslan på den hemgjorda pizzan. Den funkar dessutom toppen i en omelett! \n \n Alspånsrökt.",
    "countryText": "Sverige",
    "companyText": "ICA",
    "ingrediensText": "Ingredienser: Skinka av gris* 95% (skinkbitar),salt, antioxidationsmedel (E331, E301), stabiliseringsmedel (E450), socker**, konserveringsmedel (E250). *Fött, uppfött och slaktat i Sverige. **Ursprung Sverige.",
    "storage": "Lägsta förvaringstemperatur 0°C Högsta förvaringstemperatur 8°C",
    "allergens": "",
    "usage": "",
    "nutrition": [
      {
        "Näringsvärde": "Energi (kcal)",
        "100 Gram": "100 kcal"
      },
      {
        "Näringsvärde": "Energi (kJ)",
        "100 Gram": "421 kJ"
      },
      {
        "Näringsvärde": "Fett",
        "100 Gram": "2.3 g"
      },
      {
        "Näringsvärde": "Varav mättat fett",
        "100 Gram": "0.7 g"
      },
      {
        "Näringsvärde": "Kolhydrat",
        "100 Gram": "0.5 g"
      },
      {
        "Näringsvärde": "Varav sockerarter",
        "100 Gram": "0.5 g"
      },
      {
        "Näringsvärde": "Protein",
        "100 Gram": "19 g"
      },
      {
        "Näringsvärde": "Salt",
        "100 Gram": "2 g"
      }
    ],
    "nutritionUnitText": "Näringsvärde per 100 gram",
    "categories": {
      "mainCategory": "Kött, Chark & Fågel",
      "subCategories": [
        {
          "name": "Matchark",
          "subSubCategories": []
        }
      ]
    }
  },
  {
    "name": "Hamburgare Färsk Original 4-p 452g ICA",
    "weightText": "0.452 kg",
    "caPart": "",
    "weightValue": 0.452,
    "weightUnit": "kg",
    "comparePrice": "99,34 kr/kg",
    "currentPrice": 44.9,
    "attributes": [
      "Kött från Sverige"
    ],
    "imgUrl": "https://handlaprivatkund.ica.se/images-v3/bf7a00ca-390e-4769-865f-dc369586872e/29920811-4910-41cd-a205-bb9bb7328eb0/500x500.jpg",
    "productInformation": "",
    "countryText": "",
    "companyText": "ICA",
    "ingrediensText": "Nötkött* 81%, vatten, salt, potatisfiber, lök, svartpeppar, arom. *Fött, uppfött, slaktat och styckat i Sverige. Fetthalt 15%",
    "storage": "",
    "allergens": "",
    "usage": "",
    "nutrition": [
      {
        "Näringsvärde": "Energi (kcal)",
        "100 Gram": "182 kcal"
      },
      {
        "Näringsvärde": "Energi (kJ)",
        "100 Gram": "756 kJ"
      },
      {
        "Näringsvärde": "Fett",
        "100 Gram": "15 g"
      },
      {
        "Näringsvärde": "Varav mättat fett",
        "100 Gram": "6.4 g"
      },
      {
        "Näringsvärde": "Kolhydrat",
        "100 Gram": "0.5 g"
      },
      {
        "Näringsvärde": "Varav sockerarter",
        "100 Gram": "0.5 g"
      },
      {
        "Näringsvärde": "Protein",
        "100 Gram": "12 g"
      },
      {
        "Näringsvärde": "Salt",
        "100 Gram": "1.2 g"
      }
    ],
    "nutritionUnitText": "Näringsvärde per 100 gram",
    "categories": {
      "mainCategory": "Kött, Chark & Fågel",
      "subCategories": [
        {
          "name": "Matchark",
          "subSubCategories": [
            "Hamburgare",
            "Färska hamburgare"
          ]
        }
      ]
    }
  },
  {
    "name": "Skinka Kokt 105g Lönneberga",
    "weightText": "0.105 kg",
    "caPart": "",
    "weightValue": 0.105,
    "weightUnit": "kg",
    "comparePrice": "266,19 kr/kg",
    "currentPrice": 27.95,
    "attributes": [
      "Kött från Sverige"
    ],
    "imgUrl": "https://handlaprivatkund.ica.se/images-v3/bf7a00ca-390e-4769-865f-dc369586872e/3df709c1-5906-4f16-838c-3a4147e5bb43/500x500.jpg",
    "productInformation": "En mild och saftig skinka med smak av Lönnebergas egna kryddlake.",
    "countryText": "",
    "companyText": "Lönneberga",
    "ingrediensText": "Skinka* (95%) (helmuskel), salt, antioxidationsmedel (E325, E301), maltodextrin (majs), druvsocker (majs), stabiliseringsmedel (E451), kryddextrakt (muskotnöt, svartpeppar), konserveringsmedel (E250). *Fött, uppfött och slaktat i Sverige",
    "storage": "Kylvara max +8°C.",
    "allergens": "",
    "usage": "Öppnad förpackning förvaras i kylskåp 3-5 dagar.",
    "nutrition": [
      {
        "Näringsvärde": "Energi (kcal)",
        "100 Gram": "110 kcal"
      },
      {
        "Näringsvärde": "Energi (kJ)",
        "100 Gram": "480 kJ"
      },
      {
        "Näringsvärde": "Fett",
        "100 Gram": "2.8 g"
      },
      {
        "Näringsvärde": "Varav mättat fett",
        "100 Gram": "1.1 g"
      },
      {
        "Näringsvärde": "Kolhydrat",
        "100 Gram": "2.5 g"
      },
      {
        "Näringsvärde": "Varav sockerarter",
        "100 Gram": "0.8 g"
      },
      {
        "Näringsvärde": "Protein",
        "100 Gram": "19 g"
      },
      {
        "Näringsvärde": "Salt",
        "100 Gram": "2.7 g"
      }
    ],
    "nutritionUnitText": "Näringsvärde per 100 gram",
    "categories": {
      "mainCategory": "Kött, Chark & Fågel",
      "subCategories": [
        {
          "name": "Pålägg",
          "subSubCategories": [
            "Skinka"
          ]
        }
      ]
    }
  },
  {
    "name": "Crispy kycklingburgare Fryst 440g Max",
    "weightText": "0.44 kg",
    "caPart": "",
    "weightValue": 0.44,
    "weightUnit": "kg",
    "comparePrice": "143,07 kr/kg",
    "currentPrice": 62.95,
    "attributes": [
      "Ursprungsland Sverige"
    ],
    "imgUrl": "https://handlaprivatkund.ica.se/images-v3/bf7a00ca-390e-4769-865f-dc369586872e/81b17fc5-b89b-43ef-95f3-f3dab925d571/500x500.jpg",
    "productInformation": "MAX Crispy kycklingburgare av kycklingfilé från Kronfågel är krispigt panerade kycklingburgare som tillfredsställer alla smaker. Kycklingburgarna kan tillagas direkt från frysen. Servera med valfria såser och goda tillbehör. 100 % svensk kyckling omsorgsfullt uppfödd på våra svenska gårdar, vilket innebär god djurhållning, högsta kvalitet och hälsosam, klimatsmart mat på tallriken.",
    "countryText": "Sverige",
    "companyText": "Kronfågel/Max",
    "ingrediensText": "Kycklingbröstfilé* 49%, vatten, VETEMJÖL, raps- och solrosolja, DURUMVETEMJÖL, cornflakes (majs, socker, salt, KORNMALT), modifierad VETESTÄRKELSE, majsmjöl, salt, ärtprotein, surhetsreglerande medel (citronsyra), majsstärkelse, VETEPROTEIN, svartpeppar, bakpulver (E450, E500), aromer, jästextrakt, torrjäst, antioxidationsmedel (E331), VETESTÄRKELSE, lök, stabiliseringsmedel (E461), färgämne (paprikaextrakt), modifierad majsstärkelse, gurkmeja, muskot. *Ursprung Sverige",
    "storage": "Lägsta förvaringstemperatur -30°C Högsta förvaringstemperatur -18°C",
    "allergens": "Innehåller Spannmål som innehåller gluten",
    "usage": "",
    "nutrition": [
      {
        "Näringsvärde": "Energi (kcal)",
        "100 Gram": "200 kcal"
      },
      {
        "Näringsvärde": "Energi (kJ)",
        "100 Gram": "800 kJ"
      },
      {
        "Näringsvärde": "Fett",
        "100 Gram": "9.4 g"
      },
      {
        "Näringsvärde": "Varav mättat fett",
        "100 Gram": "1.2 g"
      },
      {
        "Näringsvärde": "Kolhydrat",
        "100 Gram": "14 g"
      },
      {
        "Näringsvärde": "Varav sockerarter",
        "100 Gram": "1.2 g"
      },
      {
        "Näringsvärde": "Fiber",
        "100 Gram": "1.6 g"
      },
      {
        "Näringsvärde": "Protein",
        "100 Gram": "13 g"
      },
      {
        "Näringsvärde": "Salt",
        "100 Gram": "1.8 g"
      }
    ],
    "nutritionUnitText": "Näringsvärde per 100 gram",
    "categories": {
      "mainCategory": "Fryst",
      "subCategories": [
        {
          "name": "Fryst fågel",
          "subSubCategories": [
            "Fryst kyckling färdigmat"
          ]
        }
      ]
    }
  },
  {
    "name": "Kycklingnuggets Fryst 440g Max",
    "weightText": "0.44 kg",
    "caPart": "",
    "weightValue": 0.44,
    "weightUnit": "kg",
    "comparePrice": "143,07 kr/kg",
    "currentPrice": 62.95,
    "attributes": [
      "Ursprungsland Sverige"
    ],
    "imgUrl": "https://handlaprivatkund.ica.se/images-v3/bf7a00ca-390e-4769-865f-dc369586872e/b91541b0-972c-4531-b484-77fcfd3873fb/500x500.jpg",
    "productInformation": "MAX Chicken nuggets av kycklingfilé från Kronfågel är en frasig och krispig smakupplevelse, framförallt barnens favorit. Våra panerade kycklingnuggets kan värmas eller friteras direkt från frysen för att njutas med valfria såser och tillbehör. 100 % svensk kyckling omsorgsfullt uppfödd på våra svenska gårdar, vilket innebär god djurhållning, högsta kvalitet och hälsosam, klimatsmart mat på tallriken.",
    "countryText": "Sverige",
    "companyText": "Kronfågel",
    "ingrediensText": "Kycklingbröstfilé 53%*, vatten, raps- och solrosolja, DURUMVETEMJÖL, VETEMJÖL, majsmjöl, salt, majsstärkelse, VETEGLUTEN, ärtprotein, VETEFIBER, surhetsreglerande medel (citronsyra), bakpulver (E450, E500), glukossirap, lök, vitlök, jästextrakt, modifierad stärkelse, vitpeppar, antioxidationsmedel (E331), svartpeppar, arom. *Ursprung Sverige",
    "storage": "Lägsta förvaringstemperatur -30°C Högsta förvaringstemperatur -18°C",
    "allergens": "Innehåller Spannmål som innehåller gluten",
    "usage": "",
    "nutrition": [
      {
        "Näringsvärde": "Energi (kcal)",
        "100 Gram": "180 kcal"
      },
      {
        "Näringsvärde": "Energi (kJ)",
        "100 Gram": "750 kJ"
      },
      {
        "Näringsvärde": "Fett",
        "100 Gram": "8.3 g"
      },
      {
        "Näringsvärde": "Varav mättat fett",
        "100 Gram": "1.2 g"
      },
      {
        "Näringsvärde": "Kolhydrat",
        "100 Gram": "14 g"
      },
      {
        "Näringsvärde": "Varav sockerarter",
        "100 Gram": "0.5 g"
      },
      {
        "Näringsvärde": "Protein",
        "100 Gram": "13 g"
      },
      {
        "Näringsvärde": "Salt",
        "100 Gram": "1.3 g"
      }
    ],
    "nutritionUnitText": "Näringsvärde per 100 gram",
    "categories": {
      "mainCategory": "Kött, Chark & Fågel",
      "subCategories": [
        {
          "name": "Kyckling & Fågel",
          "subSubCategories": [
            "Förberedd fågel",
            "Förberedd fågel, fryst"
          ]
        }
      ]
    }
  },
  {
    "name": "Skinka extrarökt 105g Lönneberga",
    "weightText": "0.105 kg",
    "caPart": "",
    "weightValue": 0.105,
    "weightUnit": "kg",
    "comparePrice": "266,19 kr/kg",
    "currentPrice": 27.95,
    "attributes": [
      "Kött från Sverige"
    ],
    "imgUrl": "https://handlaprivatkund.ica.se/images-v3/bf7a00ca-390e-4769-865f-dc369586872e/2d3c4b69-907a-4de4-b9ef-327858fe7d15/500x500.jpg",
    "productInformation": "Varmrökt extra länge med alflis, för en fylligare röksmak.",
    "countryText": "",
    "companyText": "Lönneberga",
    "ingrediensText": "Skinka* (95%) (helmuskel), salt, antioxidationsmedel (E325, E301), maltodextrin (majs), druvsocker (majs), stabiliseringsmedel (E451), kryddextrakt (muskotnöt, svartpeppar), konserveringsmedel (E250). *Fött, uppfött och slaktat i Sverige",
    "storage": "Kylvara max +8°C.",
    "allergens": "",
    "usage": "Öppnad förpackning förvaras i kylskåp 5-7 dagar.",
    "nutrition": [
      {
        "Näringsvärde": "Energi (kcal)",
        "100 Gram": "110 kcal"
      },
      {
        "Näringsvärde": "Energi (kJ)",
        "100 Gram": "480 kJ"
      },
      {
        "Näringsvärde": "Fett",
        "100 Gram": "2.8 g"
      },
      {
        "Näringsvärde": "Varav mättat fett",
        "100 Gram": "1.1 g"
      },
      {
        "Näringsvärde": "Kolhydrat",
        "100 Gram": "2.5 g"
      },
      {
        "Näringsvärde": "Varav sockerarter",
        "100 Gram": "0.8 g"
      },
      {
        "Näringsvärde": "Protein",
        "100 Gram": "19 g"
      },
      {
        "Näringsvärde": "Salt",
        "100 Gram": "3 g"
      }
    ],
    "nutritionUnitText": "Näringsvärde per 100 gram",
    "categories": {
      "mainCategory": "Kött, Chark & Fågel",
      "subCategories": [
        {
          "name": "Pålägg",
          "subSubCategories": [
            "Skinka"
          ]
        }
      ]
    }
  },
  {
    "name": "Salsicciafärs 500g ICA",
    "weightText": "0.5 kg",
    "caPart": "",
    "weightValue": 0.5,
    "weightUnit": "kg",
    "comparePrice": "89,80 kr/kg",
    "currentPrice": 44.9,
    "attributes": [
      "Kött från Sverige"
    ],
    "imgUrl": "https://handlaprivatkund.ica.se/images-v3/bf7a00ca-390e-4769-865f-dc369586872e/75568503-ca2c-4361-bfcf-24d96fab0698/500x500.jpg",
    "productInformation": "Ört- och vitlökskryddad färs av svenskt griskött. Perfekt till pasta och på pizzan.",
    "countryText": "",
    "companyText": "ICA",
    "ingrediensText": "INGREDIENSER: Kött av gris* 90%, vatten, salt, konserveringsmedel (E262), kryddor (vitlök, svartpeppar, rosmarin, basilika, mejram, koriander), socker, antioxidations-medel (E301), grönsaksextrakt (vitlök), aromer. *Fött, uppfött, slaktat och styckat i Sverige. Berett (malet) i Sverige.",
    "storage": "Kylvara. Förvaras vid högst 4°C. Högsta förvaringstemperatur 4°C",
    "allergens": "",
    "usage": "",
    "nutrition": [
      {
        "Näringsvärde": "Energi (kcal)",
        "100 Gram": "247 kcal"
      },
      {
        "Näringsvärde": "Energi (kJ)",
        "100 Gram": "1023 kJ"
      },
      {
        "Näringsvärde": "Fett",
        "100 Gram": "21 g"
      },
      {
        "Näringsvärde": "Varav mättat fett",
        "100 Gram": "8.9 g"
      },
      {
        "Näringsvärde": "Kolhydrat",
        "100 Gram": "0.5 g"
      },
      {
        "Näringsvärde": "Varav sockerarter",
        "100 Gram": "0.5 g"
      },
      {
        "Näringsvärde": "Protein",
        "100 Gram": "15 g"
      },
      {
        "Näringsvärde": "Salt",
        "100 Gram": "1.6 g"
      }
    ],
    "nutritionUnitText": "Näringsvärde per 100 gram",
    "categories": {
      "mainCategory": "Kött, Chark & Fågel",
      "subCategories": [
        {
          "name": "Kött",
          "subSubCategories": [
            "Fläsk",
            "Fläskfärs"
          ]
        }
      ]
    }
  },
  {
    "name": "Pepparsalami skivad 150g Göl Pölser",
    "weightText": "0.15 kg",
    "caPart": "",
    "weightValue": 0.15,
    "weightUnit": "kg",
    "comparePrice": "186,33 kr/kg",
    "currentPrice": 27.95,
    "attributes": [],
    "imgUrl": "https://handlaprivatkund.ica.se/images-v3/bf7a00ca-390e-4769-865f-dc369586872e/68ca79b6-056b-47c0-a873-e707ca575a67/500x500.jpg",
    "productInformation": "Gol Pepparsalami är skivad och passar till frukostmackan, mellanmålet och fredagsmyset. Återförslutningsbar förpackning.",
    "countryText": "Danmark",
    "companyText": "Gol Pölser",
    "ingrediensText": "Ingredienser: Griskött, salt, kryddor på ytan (krossad svartpeppar, gelatin, konserveringsmedel (E202)), druvsocker, kryddor, vitlök, antioxidationsmedel (E 300, E 301), torkade grönsaker, (rödbeta, morot, paprika, tomat), hydrolyserat vegetabiliskt protein (majs, raps), kryddextrakt, jästextrakt, starerkultur, konserveringsmedel (E 250). Till 100 g färdigvara har använts 122 g griskött. Rökt och torkat.",
    "storage": "",
    "allergens": "",
    "usage": "",
    "nutrition": [
      {
        "Näringsvärde": "Energi (kcal)",
        "100 Gram": "393 kcal"
      },
      {
        "Näringsvärde": "Energi (kJ)",
        "100 Gram": "1627 kJ"
      },
      {
        "Näringsvärde": "Fett",
        "100 Gram": "35 g"
      },
      {
        "Näringsvärde": "Varav mättat fett",
        "100 Gram": "13 g"
      },
      {
        "Näringsvärde": "Kolhydrat",
        "100 Gram": "0.5 g"
      },
      {
        "Näringsvärde": "Varav sockerarter",
        "100 Gram": "0.5 g"
      },
      {
        "Näringsvärde": "Protein",
        "100 Gram": "19 g"
      },
      {
        "Näringsvärde": "Salt",
        "100 Gram": "5.1 g"
      }
    ],
    "nutritionUnitText": "Näringsvärde per 100 gram",
    "categories": {
      "mainCategory": "Kött, Chark & Fågel",
      "subCategories": [
        {
          "name": "Pålägg",
          "subSubCategories": [
            "Salami"
          ]
        }
      ]
    }
  },
  {
    "name": "Klassisk dansk salami skivad 150g Göl Pölser",
    "weightText": "0.15 kg",
    "caPart": "",
    "weightValue": 0.15,
    "weightUnit": "kg",
    "comparePrice": "186,33 kr/kg",
    "currentPrice": 27.95,
    "attributes": [],
    "imgUrl": "https://handlaprivatkund.ica.se/images-v3/bf7a00ca-390e-4769-865f-dc369586872e/b573f738-956c-4014-b3db-eefc6ea38b81/500x500.jpg",
    "productInformation": "Gol Klassisk Dansk Salami är skivad och passar till frukostmackan, mellanmålet eller på charkbrickan. Återförslutningsbar förpackning.",
    "countryText": "",
    "companyText": "Gol Pölser",
    "ingrediensText": "Ingredienser: Griskött, fett fläsk, salt, potatisstärkelse, druvsocker, peppar, antioxidationsmedel(E 301), torkad glukossirap, vitlök,  , starterkultur, konserveringsmedel (E 250), färgämne (E 120). Till 100 g färdigvara har använts 108 g griskött. Rökt och torkat.",
    "storage": "",
    "allergens": "",
    "usage": "",
    "nutrition": [
      {
        "Näringsvärde": "Energi (kcal)",
        "100 Gram": "421 kcal"
      },
      {
        "Näringsvärde": "Energi (kJ)",
        "100 Gram": "1739 kJ"
      },
      {
        "Näringsvärde": "Fett",
        "100 Gram": "39 g"
      },
      {
        "Näringsvärde": "Varav mättat fett",
        "100 Gram": "15 g"
      },
      {
        "Näringsvärde": "Kolhydrat",
        "100 Gram": "0.5 g"
      },
      {
        "Näringsvärde": "Varav sockerarter",
        "100 Gram": "0.5 g"
      },
      {
        "Näringsvärde": "Protein",
        "100 Gram": "16 g"
      },
      {
        "Näringsvärde": "Salt",
        "100 Gram": "4.6 g"
      }
    ],
    "nutritionUnitText": "Näringsvärde per 100 gram",
    "categories": {
      "mainCategory": "Kött, Chark & Fågel",
      "subCategories": [
        {
          "name": "Pålägg",
          "subSubCategories": [
            "Salami"
          ]
        }
      ]
    }
  },
  {
    "name": "Skinka vår rökigaste 105g Lönneberga",
    "weightText": "0.105 kg",
    "caPart": "",
    "weightValue": 0.105,
    "weightUnit": "kg",
    "comparePrice": "266,19 kr/kg",
    "currentPrice": 27.95,
    "attributes": [
      "Kött från Sverige"
    ],
    "imgUrl": "https://handlaprivatkund.ica.se/images-v3/bf7a00ca-390e-4769-865f-dc369586872e/18a9edf8-3a80-450b-b867-26297e5a0521/500x500.jpg",
    "productInformation": "Varmrökt med alflis under mycket lång tid för en intensiv smak.",
    "countryText": "",
    "companyText": "Lönneberga",
    "ingrediensText": "Skinka* (94%) (helmuskel), salt, antioxidationsmedel (E325, E301), maltodextrin (majs), druvsocker (majs), stabiliseringsmedel (E451), kryddextrakt (muskotnöt, svartpeppar), konserveringsmedel (E250).*Fött, uppfött och slaktat i Sverige.",
    "storage": "Kylvara max +8°C.",
    "allergens": "",
    "usage": "Öppnad förpackning förvaras i kylskåp 5-7 dagar.",
    "nutrition": [
      {
        "Näringsvärde": "Energi (kcal)",
        "100 Gram": "110 kcal"
      },
      {
        "Näringsvärde": "Energi (kJ)",
        "100 Gram": "460 kJ"
      },
      {
        "Näringsvärde": "Fett",
        "100 Gram": "2.8 g"
      },
      {
        "Näringsvärde": "Varav mättat fett",
        "100 Gram": "1.1 g"
      },
      {
        "Näringsvärde": "Kolhydrat",
        "100 Gram": "2.5 g"
      },
      {
        "Näringsvärde": "Varav sockerarter",
        "100 Gram": "0.8 g"
      },
      {
        "Näringsvärde": "Protein",
        "100 Gram": "19 g"
      },
      {
        "Näringsvärde": "Salt",
        "100 Gram": "3.2 g"
      }
    ],
    "nutritionUnitText": "Näringsvärde per 100 gram",
    "categories": {
      "mainCategory": "Kött, Chark & Fågel",
      "subCategories": [
        {
          "name": "Pålägg",
          "subSubCategories": [
            "Skinka"
          ]
        }
      ]
    }
  },
  {
    "name": "Lövbiff innanlår ca 450g KRAV ICA I love eco",
    "weightText": "Ca 0.45 kg",
    "caPart": "Ca",
    "weightValue": 0.45,
    "weightUnit": "kg",
    "comparePrice": "215,01 kr/kg",
    "currentPrice": 96.76,
    "attributes": [
      "EU Ekologiskt",
      "Nyckelhålet",
      "Kött från Sverige",
      "Ursprungsland Sverige",
      "Ekologiskt",
      "KRAV"
    ],
    "imgUrl": "https://handlaprivatkund.ica.se/images-v3/bf7a00ca-390e-4769-865f-dc369586872e/f1e0288e-2677-43bf-a89e-553a4eb2fa69/500x500.jpg",
    "productInformation": "ICA I love eco Lövbiff är skivor av ekologiskt nötinnanlår. Det här är ett lite bortglömt kött som blir fantastiskt gott om du steker det snabbt på hög värme och serverar med äggula, senap, pepparrot och potatismos. Eller varför inte göra klassikern rullader och servera med lite snabbinlagd gurka?",
    "countryText": "Sverige",
    "companyText": "ICA I love eco",
    "ingrediensText": "",
    "storage": "",
    "allergens": "",
    "usage": "",
    "nutrition": [],
    "nutritionUnitText": "",
    "categories": {
      "mainCategory": "Kött, Chark & Fågel",
      "subCategories": [
        {
          "name": "Kött",
          "subSubCategories": [
            "Nötkött",
            "Lövbiff"
          ]
        }
      ]
    }
  },
  {
    "name": "Vitlökssalami skivad 150g Göl Pölser",
    "weightText": "0.15 kg",
    "caPart": "",
    "weightValue": 0.15,
    "weightUnit": "kg",
    "comparePrice": "186,33 kr/kg",
    "currentPrice": 27.95,
    "attributes": [],
    "imgUrl": "https://handlaprivatkund.ica.se/images-v3/bf7a00ca-390e-4769-865f-dc369586872e/4ca18be7-8b08-40da-a0e8-54db3993487f/500x500.jpg",
    "productInformation": "Gol Vitlökssalami med smak av vitlök. Passar till frukostmackan, mellanmålet eller som topping på pizzan. Återförslutningsbar förpackning.",
    "countryText": "Danmark",
    "companyText": "Göl",
    "ingrediensText": "Ingredienser: Griskött, salt, druvsocker, kryddor, vitlök, antioxidationsmedel (E 300, E 301), torkade grönsaker (rödbeta, morot, paprika, tomat), hydrolyserat vegetabiliskt protein (maps, raps), kryddextrakt, jästextrakt, starterkultur,  konserveringsmedel (E 250). Till 100 g färdigvara har använts 124 g griskött. Rökt och torkad.",
    "storage": "",
    "allergens": "",
    "usage": "",
    "nutrition": [
      {
        "Näringsvärde": "Energi (kcal)",
        "100 Gram": "393 kcal"
      },
      {
        "Näringsvärde": "Energi (kJ)",
        "100 Gram": "1627 kJ"
      },
      {
        "Näringsvärde": "Fett",
        "100 Gram": "35 g"
      },
      {
        "Näringsvärde": "Varav mättat fett",
        "100 Gram": "13 g"
      },
      {
        "Näringsvärde": "Kolhydrat",
        "100 Gram": "0.5 g"
      },
      {
        "Näringsvärde": "Varav sockerarter",
        "100 Gram": "0.5 g"
      },
      {
        "Näringsvärde": "Protein",
        "100 Gram": "19 g"
      },
      {
        "Näringsvärde": "Salt",
        "100 Gram": "5.1 g"
      }
    ],
    "nutritionUnitText": "Näringsvärde per 100 gram",
    "categories": {
      "mainCategory": "Kött, Chark & Fågel",
      "subCategories": [
        {
          "name": "Pålägg",
          "subSubCategories": [
            "Salami"
          ]
        }
      ]
    }
  },
  {
    "name": "Skinka Ugnsrostad 105g Lönneberga",
    "weightText": "0.105 kg",
    "caPart": "",
    "weightValue": 0.105,
    "weightUnit": "kg",
    "comparePrice": "266,19 kr/kg",
    "currentPrice": 27.95,
    "attributes": [
      "Kött från Sverige"
    ],
    "imgUrl": "https://handlaprivatkund.ica.se/images-v3/bf7a00ca-390e-4769-865f-dc369586872e/0bd37884-6e8d-4ac3-adbb-4fb0646756d5/500x500.jpg",
    "productInformation": "Varmrökt och ugnsrostad för extra brynta toner på mackan.",
    "countryText": "",
    "companyText": "Lönneberga",
    "ingrediensText": "Skinka* (95%) (helmuskel), salt, antioxidationsmedel (E325, E301), maltodextrin (majs), druvsocker (majs), stabiliseringsmedel (E451), kryddextrakt (muskotnöt, svartpeppar), konserveringsmedel (E250).*Fött, uppfött och slaktat i Sverige.",
    "storage": "Kylvara max +8°C.",
    "allergens": "",
    "usage": "Öppnad förpackning förvaras i kylskåp 5-7 dagar.",
    "nutrition": [
      {
        "Näringsvärde": "Energi (kcal)",
        "100 Gram": "110 kcal"
      },
      {
        "Näringsvärde": "Energi (kJ)",
        "100 Gram": "480 kJ"
      },
      {
        "Näringsvärde": "Fett",
        "100 Gram": "2.8 g"
      },
      {
        "Näringsvärde": "Varav mättat fett",
        "100 Gram": "1.1 g"
      },
      {
        "Näringsvärde": "Kolhydrat",
        "100 Gram": "2.5 g"
      },
      {
        "Näringsvärde": "Varav sockerarter",
        "100 Gram": "0.8 g"
      },
      {
        "Näringsvärde": "Protein",
        "100 Gram": "19 g"
      },
      {
        "Näringsvärde": "Salt",
        "100 Gram": "2.8 g"
      }
    ],
    "nutritionUnitText": "Näringsvärde per 100 gram",
    "categories": {
      "mainCategory": "Kött, Chark & Fågel",
      "subCategories": [
        {
          "name": "Pålägg",
          "subSubCategories": [
            "Skinka"
          ]
        }
      ]
    }
  },
  {
    "name": "Kyckling Grillad 90g Lönneberga",
    "weightText": "0.09 kg",
    "caPart": "",
    "weightValue": 0.09,
    "weightUnit": "kg",
    "comparePrice": "310,56 kr/kg",
    "currentPrice": 27.95,
    "attributes": [
      "Svensk Fågel"
    ],
    "imgUrl": "https://handlaprivatkund.ica.se/images-v3/bf7a00ca-390e-4769-865f-dc369586872e/0e306581-f20d-4585-b32a-4f2b299eb9de/500x500.jpg",
    "productInformation": "Varmrökt med alflis, sedan griljerad med vår egen kryddblandning.",
    "countryText": "",
    "companyText": "Lönneberga",
    "ingrediensText": "Kycklingkött* (92%), salt, stärkelse, druvsocker, socker, kryddor och örtkryddor (paprika, ingefära, chilipeppar, spiskummin, oregano, lagerblad, muskot, cayennepeppar, gurkmeja), lökpulver, vitlökspulver, stabiliseringsmedel (E450, E451), antioxidationsmedel (E301), konserveringsmedel (E261, E250), surhetsreglerande medel (E326), kryddextrakt (ingefära), arom.*Fött, uppfött och slaktat i Sverige.",
    "storage": "Kylvara max +8°C",
    "allergens": "",
    "usage": "Öppnad förpackning förvaras i kylskåp 5-7 dagar.",
    "nutrition": [
      {
        "Näringsvärde": "Energi (kcal)",
        "100 Gram": "120 kcal"
      },
      {
        "Näringsvärde": "Energi (kJ)",
        "100 Gram": "480 kJ"
      },
      {
        "Näringsvärde": "Fett",
        "100 Gram": "1.9 g"
      },
      {
        "Näringsvärde": "Varav mättat fett",
        "100 Gram": "0.7 g"
      },
      {
        "Näringsvärde": "Kolhydrat",
        "100 Gram": "2 g"
      },
      {
        "Näringsvärde": "Varav sockerarter",
        "100 Gram": "0.7 g"
      },
      {
        "Näringsvärde": "Protein",
        "100 Gram": "22 g"
      },
      {
        "Näringsvärde": "Salt",
        "100 Gram": "2.8 g"
      }
    ],
    "nutritionUnitText": "Näringsvärde per 100 gram",
    "categories": {
      "mainCategory": "Kött, Chark & Fågel",
      "subCategories": [
        {
          "name": "Pålägg",
          "subSubCategories": [
            "Fågel"
          ]
        }
      ]
    }
  },
  {
    "name": "Chorizofärs 500g ICA",
    "weightText": "0.5 kg",
    "caPart": "",
    "weightValue": 0.5,
    "weightUnit": "kg",
    "comparePrice": "89,80 kr/kg",
    "currentPrice": 44.9,
    "attributes": [
      "Kött från Sverige"
    ],
    "imgUrl": "https://handlaprivatkund.ica.se/images-v3/bf7a00ca-390e-4769-865f-dc369586872e/6834f6ff-4635-44f3-9013-dc0ca25f243a/500x500.jpg",
    "productInformation": "Het chipotlekryddad färs av svenskt griskött. Gott i en köttfärssås eller att rulla till heta köttbullar.",
    "countryText": "",
    "companyText": "ICA",
    "ingrediensText": "Kött av gris* 90%, vatten, druvsocker, salt, tomat, kryddor (vitpeppar, anchochili, paprikapulver, oregano, cayennepeppar), konserveringsmedel (E262), farinsocker, kryddextrakt, lök, socker, köttbuljong (från gris),rökarom (ek), antioxidationsmedel (E301), majsstärkelse,aromer *Fött, uppfött, slaktat och styckat i Sverige. Berett (malet) i Sverige.",
    "storage": "Kylvara. Förvaras vid högst 4°C. Högsta förvaringstemperatur 4°C",
    "allergens": "",
    "usage": "",
    "nutrition": [
      {
        "Näringsvärde": "Energi (kcal)",
        "100 Gram": "260 kcal"
      },
      {
        "Näringsvärde": "Energi (kJ)",
        "100 Gram": "1079 kJ"
      },
      {
        "Näringsvärde": "Fett",
        "100 Gram": "21 g"
      },
      {
        "Näringsvärde": "Varav mättat fett",
        "100 Gram": "8.9 g"
      },
      {
        "Näringsvärde": "Kolhydrat",
        "100 Gram": "3.3 g"
      },
      {
        "Näringsvärde": "Varav sockerarter",
        "100 Gram": "2.9 g"
      },
      {
        "Näringsvärde": "Protein",
        "100 Gram": "15 g"
      },
      {
        "Näringsvärde": "Salt",
        "100 Gram": "1.6 g"
      }
    ],
    "nutritionUnitText": "Näringsvärde per 100 gram",
    "categories": {
      "mainCategory": "Kött, Chark & Fågel",
      "subCategories": [
        {
          "name": "Kött",
          "subSubCategories": [
            "Fläsk",
            "Fläskfärs"
          ]
        }
      ]
    }
  },
  {
    "name": "Pulled Beef Taco 370g ICA",
    "weightText": "0.37 kg",
    "caPart": "",
    "weightValue": 0.37,
    "weightUnit": "kg",
    "comparePrice": "178,11 kr/kg",
    "currentPrice": 65.9,
    "attributes": [
      "Kött från Sverige",
      "Ursprungsland Sverige"
    ],
    "imgUrl": "https://handlaprivatkund.ica.se/images-v3/bf7a00ca-390e-4769-865f-dc369586872e/fcdf71f8-6985-4c8b-be4d-3d7ce7326da4/500x500.jpg",
    "productInformation": "",
    "countryText": "Sverige",
    "companyText": "ICA",
    "ingrediensText": "Ingredienser: Nötkött*, rapsolja, kryddor (paprikapulver, anchochili, chilipeppar, spiskummin, oregano), havssalt, farinsocker, vitlök, lök, socker, rökextrakt (hickory, ek), kryddextrakt (chili). *Född, uppfödd och slaktad i Sverige.",
    "storage": "Lägsta förvaringstemperatur 0°C Högsta förvaringstemperatur 8°C",
    "allergens": "",
    "usage": "",
    "nutrition": [
      {
        "Näringsvärde": "Energi (kcal)",
        "100 Gram": "160 kcal"
      },
      {
        "Näringsvärde": "Energi (kJ)",
        "100 Gram": "650 kJ"
      },
      {
        "Näringsvärde": "Fett",
        "100 Gram": "7.4 g"
      },
      {
        "Näringsvärde": "Varav mättat fett",
        "100 Gram": "1.7 g"
      },
      {
        "Näringsvärde": "Kolhydrat",
        "100 Gram": "3.3 g"
      },
      {
        "Näringsvärde": "Varav sockerarter",
        "100 Gram": "2 g"
      },
      {
        "Näringsvärde": "Protein",
        "100 Gram": "19 g"
      },
      {
        "Näringsvärde": "Salt",
        "100 Gram": "1.2 g"
      }
    ],
    "nutritionUnitText": "Näringsvärde per 100 gram",
    "categories": {
      "mainCategory": "Kött, Chark & Fågel",
      "subCategories": [
        {
          "name": "Kött",
          "subSubCategories": [
            "Nötkött",
            "Pepparbiff & Färdigkryddat nötkött"
          ]
        }
      ]
    }
  },
  {
    "name": "Hamburgare Färsk Bacon 4-p 452g ICA",
    "weightText": "0.452 kg",
    "caPart": "",
    "weightValue": 0.452,
    "weightUnit": "kg",
    "comparePrice": "99,34 kr/kg",
    "currentPrice": 44.9,
    "attributes": [
      "Kött från Sverige"
    ],
    "imgUrl": "https://handlaprivatkund.ica.se/images-v3/bf7a00ca-390e-4769-865f-dc369586872e/e27cd5e9-a234-4bb5-b47d-360fa7269bc6/500x500.jpg",
    "productInformation": "",
    "countryText": "",
    "companyText": "ICA",
    "ingrediensText": "Nötkött* 80%, vatten, bacon 7% (griskött*, salt, antioxidationsmedel (E301, E331), glukossirap, konserveringsmedel (250)), salt, potatisfiber, lök, svartpeppar, druvsocker, paprikaextrakt, arom, rökarom. *Fött, uppfött, slaktat och styckat i Sverige. Fetthalt 16%",
    "storage": "",
    "allergens": "",
    "usage": "",
    "nutrition": [
      {
        "Näringsvärde": "Energi (kcal)",
        "100 Gram": "201 kcal"
      },
      {
        "Näringsvärde": "Energi (kJ)",
        "100 Gram": "834 kJ"
      },
      {
        "Näringsvärde": "Fett",
        "100 Gram": "16 g"
      },
      {
        "Näringsvärde": "Varav mättat fett",
        "100 Gram": "6.9 g"
      },
      {
        "Näringsvärde": "Kolhydrat",
        "100 Gram": "1.2 g"
      },
      {
        "Näringsvärde": "Varav sockerarter",
        "100 Gram": "1 g"
      },
      {
        "Näringsvärde": "Protein",
        "100 Gram": "13 g"
      },
      {
        "Näringsvärde": "Salt",
        "100 Gram": "1 g"
      }
    ],
    "nutritionUnitText": "Näringsvärde per 100 gram",
    "categories": {
      "mainCategory": "Kött, Chark & Fågel",
      "subCategories": [
        {
          "name": "Matchark",
          "subSubCategories": [
            "Hamburgare",
            "Färska hamburgare"
          ]
        }
      ]
    }
  },
  {
    "name": "Salami Pepperoni skivad 150g Göl Pölser",
    "weightText": "0.15 kg",
    "caPart": "",
    "weightValue": 0.15,
    "weightUnit": "kg",
    "comparePrice": "186,33 kr/kg",
    "currentPrice": 27.95,
    "attributes": [],
    "imgUrl": "https://handlaprivatkund.ica.se/images-v3/bf7a00ca-390e-4769-865f-dc369586872e/3692168d-4830-4086-aa83-cdf792494284/500x500.jpg",
    "productInformation": "",
    "countryText": "",
    "companyText": "Gol Pölser",
    "ingrediensText": "Ingredienser: Griskött, grisfett fläsk, salt, druvsocker, kryddor, svål, paprika, peppar, kryddextrakt, antioxidationsmedel (E 301, E 392), vitlökspulver, örter, startkultur, konserveringsmedel (E 250), surhetsreglerande medel (E 330). Till 100 g färdigvara har 122 g griskött använts . Rökt och torkat.",
    "storage": "",
    "allergens": "",
    "usage": "",
    "nutrition": [
      {
        "Näringsvärde": "Energi (kcal)",
        "100 Gram": "521 kcal"
      },
      {
        "Näringsvärde": "Fett",
        "100 Gram": "49 g"
      },
      {
        "Näringsvärde": "Varav mättat fett",
        "100 Gram": "29 g"
      },
      {
        "Näringsvärde": "Kolhydrat",
        "100 Gram": "0.5 g"
      },
      {
        "Näringsvärde": "Varav sockerarter",
        "100 Gram": "0.5 g"
      },
      {
        "Näringsvärde": "Protein",
        "100 Gram": "19 g"
      },
      {
        "Näringsvärde": "Salt",
        "100 Gram": "4.7 g"
      }
    ],
    "nutritionUnitText": "Näringsvärde per 100 gram",
    "categories": {
      "mainCategory": "Kött, Chark & Fågel",
      "subCategories": [
        {
          "name": "Pålägg",
          "subSubCategories": [
            "Salami"
          ]
        }
      ]
    }
  },
  {
    "name": "Salami Chorizo skivad 150g Göl Pölser",
    "weightText": "0.15 kg",
    "caPart": "",
    "weightValue": 0.15,
    "weightUnit": "kg",
    "comparePrice": "186,33 kr/kg",
    "currentPrice": 27.95,
    "attributes": [],
    "imgUrl": "https://handlaprivatkund.ica.se/images-v3/bf7a00ca-390e-4769-865f-dc369586872e/1187d8a2-38d6-4885-8ac3-c62540add46d/500x500.jpg",
    "productInformation": "Gol Chorizosalami är skivad och har paprika- och chilismak. Passar på en smörgås eller som topping på pizzan. Återförslutningsbar förpackning.",
    "countryText": "",
    "companyText": "Gol Pölser",
    "ingrediensText": "Ingredienser: Griskött, salt, fett fläsk, kryddor (inkl. chili), druvsocker, kryddextrakt, antioxidationsmedel (E 301, E 300), jästextrakt, vitlökspulver, surhetsreglerande medel (E 330), starterkultur, konserveringsmedel (E 250). Till 100 g färdigvara har använts 126 g griskött. Rökt och torkat.",
    "storage": "",
    "allergens": "",
    "usage": "",
    "nutrition": [
      {
        "Näringsvärde": "Energi (kcal)",
        "100 Gram": "447 kcal"
      },
      {
        "Näringsvärde": "Energi (kJ)",
        "100 Gram": "1849 kJ"
      },
      {
        "Näringsvärde": "Fett",
        "100 Gram": "41 g"
      },
      {
        "Näringsvärde": "Varav mättat fett",
        "100 Gram": "16 g"
      },
      {
        "Näringsvärde": "Kolhydrat",
        "100 Gram": "0.5 g"
      },
      {
        "Näringsvärde": "Varav sockerarter",
        "100 Gram": "0.5 g"
      },
      {
        "Näringsvärde": "Protein",
        "100 Gram": "19 g"
      },
      {
        "Näringsvärde": "Salt",
        "100 Gram": "3.7 g"
      }
    ],
    "nutritionUnitText": "Näringsvärde per 100 gram",
    "categories": {
      "mainCategory": "Kött, Chark & Fågel",
      "subCategories": [
        {
          "name": "Pålägg",
          "subSubCategories": [
            "Salami"
          ]
        }
      ]
    }
  },
  {
    "name": "Julskinka Kokt Mor Matildas 100g Jakobsdals",
    "weightText": "0.1 kg",
    "caPart": "",
    "weightValue": 0.1,
    "weightUnit": "kg",
    "comparePrice": "250,00 kr/kg",
    "currentPrice": 25,
    "attributes": [
      "Kött från Sverige"
    ],
    "imgUrl": "https://handlaprivatkund.ica.se/images-v3/bf7a00ca-390e-4769-865f-dc369586872e/e12a18f8-f857-4c59-a16a-c4e2a6d715a0/500x500.jpg",
    "productInformation": "",
    "countryText": "",
    "companyText": "Jakobsdals",
    "ingrediensText": "Ingredienser: Skinka 96% (helmuskel), salt, druvsocker (majs), antioxidationsmedel E325, E301, SENAP (vatten, SENAPSFRÖ, ättiksprit, socker, salt, kryddor), ströbröd (majsgryn), stabiliseringsmedel E451, kryddor, kryddextrakt (muskot), konserveringsmedel E250.",
    "storage": "Lägsta förvaringstemperatur 0°C Högsta förvaringstemperatur 8°C",
    "allergens": "",
    "usage": "",
    "nutrition": [
      {
        "Näringsvärde": "Energi (kcal)",
        "100 Gram": "110 kcal"
      },
      {
        "Näringsvärde": "Energi (kJ)",
        "100 Gram": "440 kJ"
      },
      {
        "Näringsvärde": "Fett",
        "100 Gram": "1.4 g"
      },
      {
        "Näringsvärde": "Varav mättat fett",
        "100 Gram": "0.5 g"
      },
      {
        "Näringsvärde": "Kolhydrat",
        "100 Gram": "2.6 g"
      },
      {
        "Näringsvärde": "Varav sockerarter",
        "100 Gram": "1.4 g"
      },
      {
        "Näringsvärde": "Protein",
        "100 Gram": "20 g"
      },
      {
        "Näringsvärde": "Salt",
        "100 Gram": "3.3 g"
      }
    ],
    "nutritionUnitText": "Näringsvärde per 100 gram",
    "categories": {
      "mainCategory": "Kött, Chark & Fågel",
      "subCategories": [
        {
          "name": "Kött",
          "subSubCategories": [
            "Fläsk",
            "Julskinka"
          ]
        }
      ]
    }
  },
  {
    "name": "Salami Italiensk skivad 150g Göl Pölser",
    "weightText": "0.15 kg",
    "caPart": "",
    "weightValue": 0.15,
    "weightUnit": "kg",
    "comparePrice": "186,33 kr/kg",
    "currentPrice": 27.95,
    "attributes": [],
    "imgUrl": "https://handlaprivatkund.ica.se/images-v3/bf7a00ca-390e-4769-865f-dc369586872e/93399764-ed54-4b0b-bd64-25c12b1c49a2/500x500.jpg",
    "productInformation": "",
    "countryText": "",
    "companyText": "Gol Pölser",
    "ingrediensText": "Ingredienser: Griskött, nötkött, fett fläsk, salt, glukossirap, svartpeppar, antioxidationsmedel (E 301), druvsocker, jästextrakt, vitlök, kryddextrakt, konserveringsmedel (E 250). Till 100g färdigvara har använts 105 g griskött och 14 g nötkött.",
    "storage": "",
    "allergens": "",
    "usage": "",
    "nutrition": [
      {
        "Näringsvärde": "Energi (kcal)",
        "100 Gram": "453 kcal"
      },
      {
        "Näringsvärde": "Energi (kJ)",
        "100 Gram": "1872 kJ"
      },
      {
        "Näringsvärde": "Fett",
        "100 Gram": "41 g"
      },
      {
        "Näringsvärde": "Varav mättat fett",
        "100 Gram": "16 g"
      },
      {
        "Näringsvärde": "Kolhydrat",
        "100 Gram": "2.6 g"
      },
      {
        "Näringsvärde": "Varav sockerarter",
        "100 Gram": "0.7 g"
      },
      {
        "Näringsvärde": "Protein",
        "100 Gram": "18 g"
      },
      {
        "Näringsvärde": "Salt",
        "100 Gram": "4.6 g"
      }
    ],
    "nutritionUnitText": "Näringsvärde per 100 gram",
    "categories": {
      "mainCategory": "Kött, Chark & Fågel",
      "subCategories": [
        {
          "name": "Pålägg",
          "subSubCategories": [
            "Salami"
          ]
        }
      ]
    }
  },
  {
    "name": "Spareribs Naturell ca 1,2kg JMs Kött & Chark",
    "weightText": "Ca 1.2 kg",
    "caPart": "Ca",
    "weightValue": 1.2,
    "weightUnit": "kg",
    "comparePrice": "59,90 kr/kg",
    "currentPrice": 71.88,
    "attributes": [
      "Ursprungsland Sverige"
    ],
    "imgUrl": "https://handlaprivatkund.ica.se/images-v3/bf7a00ca-390e-4769-865f-dc369586872e/62f8bfc9-cc6b-4988-9291-ebf49006ea63/500x500.jpg",
    "productInformation": "",
    "countryText": "Sverige",
    "companyText": "JMs Kött & Chark",
    "ingrediensText": "",
    "storage": "",
    "allergens": "",
    "usage": "",
    "nutrition": [],
    "nutritionUnitText": "",
    "categories": {
      "mainCategory": "Kött, Chark & Fågel",
      "subCategories": [
        {
          "name": "Kött",
          "subSubCategories": [
            "Fläsk",
            "Revbensspjäll"
          ]
        }
      ]
    }
  },
  {
    "name": "Tryffelmix 70g Jakobsdals",
    "weightText": "0.07 kg",
    "caPart": "",
    "weightValue": 0.07,
    "weightUnit": "kg",
    "comparePrice": "357,14 kr/kg",
    "currentPrice": 25,
    "attributes": [],
    "imgUrl": "https://handlaprivatkund.ica.se/images-v3/bf7a00ca-390e-4769-865f-dc369586872e/c3173209-fa5d-46f5-984a-b4ce03872676/500x500.jpg",
    "productInformation": "",
    "countryText": "",
    "companyText": "Jakobsdal",
    "ingrediensText": "Ingredienser: Tryffelskinka: Fläskkött, salt, tryffel 0,7%, maltodextrin, druvsocker, socker, antioxidationsmedel E301, arom, konserveringsmedel E250. Till 100 g färdig vara har 145 g kött använts. Tryffelsalami: Griskött, salt, tryffel 0,6%, kryddor, vitlök, antioxidationsmedel E301, maltodextrin, druvsocker (majs), socker, tryffelarom, konserverings- medel E250. Till 100 g färdig vara har 140 g kött använts.",
    "storage": "",
    "allergens": "",
    "usage": "",
    "nutrition": [
      {
        "Näringsvärde": "Energi (kcal)",
        "100 Gram": "300 kcal"
      },
      {
        "Näringsvärde": "Energi (kJ)",
        "100 Gram": "1325 kJ"
      },
      {
        "Näringsvärde": "Fett",
        "100 Gram": "23 g"
      },
      {
        "Näringsvärde": "Varav mättat fett",
        "100 Gram": "8 g"
      },
      {
        "Näringsvärde": "Kolhydrat",
        "100 Gram": "1.7 g"
      },
      {
        "Näringsvärde": "Varav sockerarter",
        "100 Gram": "0.5 g"
      },
      {
        "Näringsvärde": "Protein",
        "100 Gram": "26 g"
      },
      {
        "Näringsvärde": "Salt",
        "100 Gram": "6.1 g"
      }
    ],
    "nutritionUnitText": "Näringsvärde per 100 gram",
    "categories": {
      "mainCategory": "Kött, Chark & Fågel",
      "subCategories": [
        {
          "name": "Pålägg",
          "subSubCategories": [
            "Påläggskorv"
          ]
        }
      ]
    }
  },
  {
    "name": "Nötfärs Färsk 12% 1kg ICA",
    "weightText": "1 kg",
    "caPart": "",
    "weightValue": 1,
    "weightUnit": "kg",
    "comparePrice": "141,00 kr/kg",
    "currentPrice": 141,
    "attributes": [
      "Kött från Sverige"
    ],
    "imgUrl": "https://handlaprivatkund.ica.se/images-v3/bf7a00ca-390e-4769-865f-dc369586872e/fd5a1dfe-e8d3-47a6-b262-dc53607366c4/500x500.jpg",
    "productInformation": "Nötfärs med 12 % fetthalt från svenska gårdar.",
    "countryText": "",
    "companyText": "ICA",
    "ingrediensText": "Finmald färs av nöt**. **Fött, uppfött, slaktat och styckat i Sverige. Berett (malet) i Sverige 507.",
    "storage": "",
    "allergens": "",
    "usage": "",
    "nutrition": [
      {
        "Näringsvärde": "Energi (kcal)",
        "100 Gram": "184 kcal"
      },
      {
        "Näringsvärde": "Energi (kJ)",
        "100 Gram": "767 kJ"
      },
      {
        "Näringsvärde": "Fett",
        "100 Gram": "12 g"
      },
      {
        "Näringsvärde": "Varav mättat fett",
        "100 Gram": "5.3 g"
      },
      {
        "Näringsvärde": "Kolhydrat",
        "100 Gram": "0.5 g"
      },
      {
        "Näringsvärde": "Varav sockerarter",
        "100 Gram": "0.5 g"
      },
      {
        "Näringsvärde": "Protein",
        "100 Gram": "19 g"
      },
      {
        "Näringsvärde": "Salt",
        "100 Gram": "0.2 g"
      }
    ],
    "nutritionUnitText": "Näringsvärde per 100 gram",
    "categories": {
      "mainCategory": "Kött, Chark & Fågel",
      "subCategories": [
        {
          "name": "Köttfärs",
          "subSubCategories": [
            "Nötfärs"
          ]
        }
      ]
    }
  },
  {
    "name": "Nötfärs Färsk 12% 500g ICA",
    "weightText": "0.5 kg",
    "caPart": "",
    "weightValue": 0.5,
    "weightUnit": "kg",
    "comparePrice": "153,90 kr/kg",
    "currentPrice": 76.95,
    "attributes": [
      "Kött från Sverige"
    ],
    "imgUrl": "https://handlaprivatkund.ica.se/images-v3/bf7a00ca-390e-4769-865f-dc369586872e/0aa2bf8c-62de-473d-94ac-297b05286f22/500x500.jpg",
    "productInformation": "Nötfärs från svenska gårdar.",
    "countryText": "",
    "companyText": "ICA",
    "ingrediensText": "Finmald färs av nöt**. **Fött, uppfött, slaktat och styckat i Sverige. Berett (malet) i Sverige 507.",
    "storage": "Kylvara. Förvaras vid max 4°C. Lägsta förvaringstemperatur 0°C Högsta förvaringstemperatur 4°C",
    "allergens": "",
    "usage": "",
    "nutrition": [
      {
        "Näringsvärde": "Energi (kcal)",
        "100 Gram": "184 kcal"
      },
      {
        "Näringsvärde": "Energi (kJ)",
        "100 Gram": "767 kJ"
      },
      {
        "Näringsvärde": "Fett",
        "100 Gram": "12 g"
      },
      {
        "Näringsvärde": "Varav mättat fett",
        "100 Gram": "5.3 g"
      },
      {
        "Näringsvärde": "Kolhydrat",
        "100 Gram": "0.5 g"
      },
      {
        "Näringsvärde": "Varav sockerarter",
        "100 Gram": "0.5 g"
      },
      {
        "Näringsvärde": "Protein",
        "100 Gram": "19 g"
      },
      {
        "Näringsvärde": "Salt",
        "100 Gram": "0.2 g"
      }
    ],
    "nutritionUnitText": "Näringsvärde per 100 gram",
    "categories": {
      "mainCategory": "Kött, Chark & Fågel",
      "subCategories": [
        {
          "name": "Köttfärs",
          "subSubCategories": [
            "Nötfärs"
          ]
        }
      ]
    }
  },
  {
    "name": "Skinka Källarrökt i skivor ca 14g Scan",
    "weightText": "Ca 0.014 kg",
    "caPart": "Ca",
    "weightValue": 0.014,
    "weightUnit": "kg",
    "comparePrice": "329,50 kr/kg",
    "currentPrice": 4.61,
    "attributes": [
      "Ursprungsland Sverige"
    ],
    "imgUrl": "https://handlaprivatkund.ica.se/images-v3/bf7a00ca-390e-4769-865f-dc369586872e/4235ce37-90a0-4a5f-931a-fbdd24d7db57/500x500.jpg",
    "productInformation": "Skivad skinka rökt med bokved och enris. Passar till frukost, mellanmål eller på en hemlagad pizza tillsammans med tomatsås, oregano och ost.",
    "countryText": "Sverige",
    "companyText": "Scan",
    "ingrediensText": "INGREDIENSER: Svensk skinka 95% (helmuskel), salt, druvsocker, glukossirap, stabiliseringsmedel (E451), antioxidationsmedel (E301), konserveringsmedel (E250).",
    "storage": "Lägsta förvaringstemperatur 0°C Högsta förvaringstemperatur 8°C",
    "allergens": "",
    "usage": "",
    "nutrition": [],
    "nutritionUnitText": "",
    "categories": {
      "mainCategory": "Butikens egna varor",
      "subCategories": [
        {
          "name": "Egen delikatesschark",
          "subSubCategories": []
        }
      ]
    }
  },
  {
    "name": "Gourmetskinka Rökt Tunna Skivor 200g Pärsons",
    "weightText": "0.2 kg",
    "caPart": "",
    "weightValue": 0.2,
    "weightUnit": "kg",
    "comparePrice": "154,75 kr/kg",
    "currentPrice": 30.95,
    "attributes": [
      "Nyckelhålet",
      "Kött från Sverige",
      "Ursprungsland Sverige"
    ],
    "imgUrl": "https://handlaprivatkund.ica.se/images-v3/bf7a00ca-390e-4769-865f-dc369586872e/98df3024-d853-4817-825a-7cb9d6e39cd9/500x500.jpg",
    "productInformation": "Vår klassiska varmrökta gourmetskinka är Sveriges mest köpta – testa den och du förstår varför. Här kombineras en smakrik karaktär med en tunn och mjäll konsistens.",
    "countryText": "Sverige",
    "companyText": "Pärsons",
    "ingrediensText": "INGREDIENSER: Svensk skinka (skinkbitar 90%), koksalt, antioxidationsmedel (E326, E301, E331), druvsocker, socker, stabiliseringsmedel E452, konserveringsmedel E250, rökarom. Varmrökt.",
    "storage": "",
    "allergens": "",
    "usage": "",
    "nutrition": [],
    "nutritionUnitText": "Näringsvärde per styck",
    "categories": {
      "mainCategory": "Kött, Chark & Fågel",
      "subCategories": [
        {
          "name": "Pålägg",
          "subSubCategories": [
            "Skinka"
          ]
        }
      ]
    }
  },
  {
    "name": "Kycklingfilé Fryst 1kg Kronfågel",
    "weightText": "1 kg",
    "caPart": "",
    "weightValue": 1,
    "weightUnit": "kg",
    "comparePrice": "101,00 kr/kg",
    "currentPrice": 101,
    "attributes": [
      "Ursprungsland Sverige",
      "Svensk Fågel"
    ],
    "imgUrl": "https://handlaprivatkund.ica.se/images-v3/bf7a00ca-390e-4769-865f-dc369586872e/cf783a5c-a4bf-4d2f-a577-a73b71e1fa1a/500x500.jpg",
    "productInformation": "Mörad kycklingfilé från Kronfågel är den ädlaste delen på kycklingen. Med sin milda smak lämpar den sig för att marineras och kryddas i det oändliga. Tinas 6-7 timmar före tillagning. Kycklingfilé kan stekas i panna eller ugn samt serveras med potatisgratäng, pasta eller en fräsch sallad. 100 % svensk kyckling omsorgsfullt uppfödd på våra svenska gårdar, vilket innebär god djurhållning, högsta kvalitet och hälsosam, klimatsmart mat på tallriken.",
    "countryText": "Sverige",
    "companyText": "Kronfågel",
    "ingrediensText": "Kycklingbröstfilé 87%, vatten, salt. Ursprung kyckling: Född, uppväxt, slaktad i Sverige.",
    "storage": "",
    "allergens": "",
    "usage": "",
    "nutrition": [
      {
        "Näringsvärde": "Energi (kcal)",
        "100 Gram": "90 kcal"
      },
      {
        "Näringsvärde": "Energi (kJ)",
        "100 Gram": "400 kJ"
      },
      {
        "Näringsvärde": "Fett",
        "100 Gram": "1.5 g"
      },
      {
        "Näringsvärde": "Varav mättat fett",
        "100 Gram": "0.5 g"
      },
      {
        "Näringsvärde": "Kolhydrat",
        "100 Gram": "0.5 g"
      },
      {
        "Näringsvärde": "Varav sockerarter",
        "100 Gram": "0.5 g"
      },
      {
        "Näringsvärde": "Protein",
        "100 Gram": "19 g"
      },
      {
        "Näringsvärde": "Salt",
        "100 Gram": "0.6 g"
      }
    ],
    "nutritionUnitText": "Näringsvärde per 100 gram",
    "categories": {
      "mainCategory": "Kött, Chark & Fågel",
      "subCategories": [
        {
          "name": "Kyckling & Fågel",
          "subSubCategories": [
            "Kycklingfilé"
          ]
        }
      ]
    }
  },
  {
    "name": "Bacon 140g Scan",
    "weightText": "0.14 kg",
    "caPart": "",
    "weightValue": 0.14,
    "weightUnit": "kg",
    "comparePrice": "121,07 kr/kg",
    "currentPrice": 16.95,
    "attributes": [],
    "imgUrl": "https://handlaprivatkund.ica.se/images-v3/bf7a00ca-390e-4769-865f-dc369586872e/90e0200b-c09d-45b6-ac39-23535451f239/500x500.jpg",
    "productInformation": "Stek bacon och ät med äggröra och en frisk sallad, ha i ugnspannkaka eller toppa över en krämig pasta tillsammans med lite riven parmesan.",
    "countryText": "",
    "companyText": "Scan",
    "ingrediensText": "INGREDIENSER: Svenskt sidfläsk av gris (96%), koksalt, antioxidationsmedel E301, konserveringsmedel E250, rökarom.",
    "storage": "",
    "allergens": "",
    "usage": "",
    "nutrition": [],
    "nutritionUnitText": "Näringsvärde per styck",
    "categories": {
      "mainCategory": "Kött, Chark & Fågel",
      "subCategories": [
        {
          "name": "Matchark",
          "subSubCategories": [
            "Bacon & stekfläsk"
          ]
        }
      ]
    }
  },
  {
    "name": "Falukorv Ring 800g ICA",
    "weightText": "0.8 kg",
    "caPart": "",
    "weightValue": 0.8,
    "weightUnit": "kg",
    "comparePrice": "44,94 kr/kg",
    "currentPrice": 35.95,
    "attributes": [
      "Glutenfritt",
      "Kött från Sverige",
      "Ursprungsland Sverige",
      "Laktosfritt"
    ],
    "imgUrl": "https://handlaprivatkund.ica.se/images-v3/bf7a00ca-390e-4769-865f-dc369586872e/0a0ef888-14c8-4673-8646-2835f0cb2569/500x500.jpg",
    "productInformation": "ICA Falukorv Ring är gjord på svenskt kött och blir en bra start till en god middag eftersom den kan varieras i evigheter. En klassisk korv stroganoff ligger förstås nära till hands med den är också perfekt att gratinera i ugn eller varför inte bara steka upp och servera med pasta eller stuvad potatis.",
    "countryText": "Sverige",
    "companyText": "ICA",
    "ingrediensText": "Gris- och nötkött* 59%, vatten, fett från gris*, potatisstärkelse, salt, kryddor och kryddextrakt (muskot, svartpeppar, koriander, cayennepeppar), lökpulver, druvsocker, antioxidationsmedel (E300), konserveringsmedel (E250), rökarom. *Fött, uppfött och slaktat i Sverige.",
    "storage": "",
    "allergens": "",
    "usage": "Kylvara. Förvaras vid högst +8°C. Ej ätbart korvskinn",
    "nutrition": [
      {
        "Näringsvärde": "Energi (kcal)",
        "100 Gram": "260 kcal"
      },
      {
        "Näringsvärde": "Energi (kJ)",
        "100 Gram": "1100 kJ"
      },
      {
        "Näringsvärde": "Fett",
        "100 Gram": "23 g"
      },
      {
        "Näringsvärde": "Varav mättat fett",
        "100 Gram": "11 g"
      },
      {
        "Näringsvärde": "Kolhydrat",
        "100 Gram": "4.5 g"
      },
      {
        "Näringsvärde": "Varav sockerarter",
        "100 Gram": "0.5 g"
      },
      {
        "Näringsvärde": "Protein",
        "100 Gram": "8.8 g"
      },
      {
        "Näringsvärde": "Salt",
        "100 Gram": "1.7 g"
      }
    ],
    "nutritionUnitText": "Näringsvärde per 100 gram",
    "categories": {
      "mainCategory": "Kött, Chark & Fågel",
      "subCategories": [
        {
          "name": "Korv",
          "subSubCategories": [
            "Glutenfri korv"
          ]
        }
      ]
    }
  },
  {
    "name": "Bacon Skivat 3-p 420g ICA",
    "weightText": "0.42 kg",
    "caPart": "",
    "weightValue": 0.42,
    "weightUnit": "kg",
    "comparePrice": "96,43 kr/kg",
    "currentPrice": 40.5,
    "attributes": [
      "Kött från Sverige",
      "Ursprungsland Sverige"
    ],
    "imgUrl": "https://handlaprivatkund.ica.se/images-v3/bf7a00ca-390e-4769-865f-dc369586872e/87633e07-5d3e-48f2-bee8-a9a1bb5eb198/500x500.jpg",
    "productInformation": "ICA Bacon är ett smakrikt och bokspånsrökt bacon med tydlig sälta, tillverkat i Halmstad på svenskt kött. Det passar både till äggröran på morgonen, de amerikanska pannkakorna på brunchen och i pastasåsen till middagen. Du kan också steka det knaperstekt och smula över salladen för lite extra crunch och smak. Stek i het panna några minuter på varje sida och låt droppa av på lite hushållspapper.",
    "countryText": "Sverige",
    "companyText": "ICA",
    "ingrediensText": "Ingredienser: Griskött* 95%, salt, antioxidationsmedel (E301, E331), glukossirap, konserveringsmedel (E250). *Fött, uppfött och slaktat i Sverige.",
    "storage": "Lägsta förvaringstemperatur 0°C Högsta förvaringstemperatur 8°C",
    "allergens": "",
    "usage": "",
    "nutrition": [
      {
        "Näringsvärde": "Energi (kcal)",
        "100 Gram": "259 kcal"
      },
      {
        "Näringsvärde": "Energi (kJ)",
        "100 Gram": "1075 kJ"
      },
      {
        "Näringsvärde": "Fett",
        "100 Gram": "21 g"
      },
      {
        "Näringsvärde": "Varav mättat fett",
        "100 Gram": "8 g"
      },
      {
        "Näringsvärde": "Kolhydrat",
        "100 Gram": "0.5 g"
      },
      {
        "Näringsvärde": "Varav sockerarter",
        "100 Gram": "0.5 g"
      },
      {
        "Näringsvärde": "Protein",
        "100 Gram": "17 g"
      },
      {
        "Näringsvärde": "Salt",
        "100 Gram": "2.2 g"
      }
    ],
    "nutritionUnitText": "",
    "categories": {
      "mainCategory": "Kött, Chark & Fågel",
      "subCategories": [
        {
          "name": "Matchark",
          "subSubCategories": [
            "Bacon & stekfläsk"
          ]
        }
      ]
    }
  },
  {
    "name": "Bacon Skivat 3-pack 420g Scan",
    "weightText": "0.42 kg",
    "caPart": "",
    "weightValue": 0.42,
    "weightUnit": "kg",
    "comparePrice": "105,95 kr/kg",
    "currentPrice": 44.5,
    "attributes": [],
    "imgUrl": "https://handlaprivatkund.ica.se/images-v3/bf7a00ca-390e-4769-865f-dc369586872e/5671fdc0-c625-413c-aca3-3321fb4cff6b/500x500.jpg",
    "productInformation": "Bacon, som är rökt och rimmat sidfläsk, är en riktig svensk klassiker som alltid är lika populär. Just detta bacon tillhör vårt Scan Piggham-sortiment, vilket består av extra gott, saftigt och smakrikt kött. Och självklart innehåller alla våra produkter enbart kött från svenska gårdar.",
    "countryText": "",
    "companyText": "Scan",
    "ingrediensText": "INGREDIENSER: Svenskt sidfläsk av gris (96%), koksalt, antioxidationsmedel E301, konserveringsmedel E250, rökarom.",
    "storage": "Högsta förvaringstemperatur 8°C",
    "allergens": "",
    "usage": "",
    "nutrition": [
      {
        "Näringsvärde": "Energi (kcal)",
        "100 Gram": "300 kcal"
      },
      {
        "Näringsvärde": "Energi (kJ)",
        "100 Gram": "1250 kJ"
      },
      {
        "Näringsvärde": "Fett",
        "100 Gram": "28 g"
      },
      {
        "Näringsvärde": "Varav mättat fett",
        "100 Gram": "11 g"
      },
      {
        "Näringsvärde": "Kolhydrat",
        "100 Gram": "0 g"
      },
      {
        "Näringsvärde": "Varav sockerarter",
        "100 Gram": "0 g"
      },
      {
        "Näringsvärde": "Protein",
        "100 Gram": "13 g"
      },
      {
        "Näringsvärde": "Salt",
        "100 Gram": "2.2 g"
      },
      {
        "Näringsvärde": "Kalcium",
        "100 Gram": "7 mg"
      },
      {
        "Näringsvärde": "Järn",
        "100 Gram": "0.6 mg"
      },
      {
        "Näringsvärde": "Zink",
        "100 Gram": "1.15 mg"
      }
    ],
    "nutritionUnitText": "",
    "categories": {
      "mainCategory": "Kött, Chark & Fågel",
      "subCategories": [
        {
          "name": "Matchark",
          "subSubCategories": [
            "Bacon & stekfläsk"
          ]
        }
      ]
    }
  },
  {
    "name": "Blandfärs Färsk 21% 500g ICA",
    "weightText": "0.5 kg",
    "caPart": "",
    "weightValue": 0.5,
    "weightUnit": "kg",
    "comparePrice": "115,90 kr/kg",
    "currentPrice": 57.95,
    "attributes": [
      "Kött från Sverige"
    ],
    "imgUrl": "https://handlaprivatkund.ica.se/images-v3/bf7a00ca-390e-4769-865f-dc369586872e/6f641322-fafd-46da-b340-ec3b3e97bcd0/500x500.jpg",
    "productInformation": "Blandfärs med 21 % fetthalt från svenska gårdar.",
    "countryText": "",
    "companyText": "ICA",
    "ingrediensText": "Finmald färs av nöt** 50% och gris** 50%. **Fött, uppfött, slaktat och styckat i Sverige. Berett (malet) i Sverige 507.",
    "storage": "",
    "allergens": "",
    "usage": "",
    "nutrition": [
      {
        "Näringsvärde": "Energi (kcal)",
        "100 Gram": "265 kcal"
      },
      {
        "Näringsvärde": "Energi (kJ)",
        "100 Gram": "1100 kJ"
      },
      {
        "Näringsvärde": "Fett",
        "100 Gram": "21 g"
      },
      {
        "Näringsvärde": "Varav mättat fett",
        "100 Gram": "9.2 g"
      },
      {
        "Näringsvärde": "Kolhydrat",
        "100 Gram": "0.5 g"
      },
      {
        "Näringsvärde": "Varav sockerarter",
        "100 Gram": "0.5 g"
      },
      {
        "Näringsvärde": "Protein",
        "100 Gram": "19 g"
      },
      {
        "Näringsvärde": "Salt",
        "100 Gram": "0.2 g"
      }
    ],
    "nutritionUnitText": "Näringsvärde per 100 gram",
    "categories": {
      "mainCategory": "Kött, Chark & Fågel",
      "subCategories": [
        {
          "name": "Köttfärs",
          "subSubCategories": [
            "Blandfärs"
          ]
        }
      ]
    }
  },
  {
    "name": "Grillkorv Extra fin 75% Kötthalt 500g ICA",
    "weightText": "0.5 kg",
    "caPart": "",
    "weightValue": 0.5,
    "weightUnit": "kg",
    "comparePrice": "75,90 kr/kg",
    "currentPrice": 37.95,
    "attributes": [
      "Glutenfritt",
      "Kött från Sverige",
      "Ursprungsland Sverige",
      "Laktosfritt"
    ],
    "imgUrl": "https://handlaprivatkund.ica.se/images-v3/bf7a00ca-390e-4769-865f-dc369586872e/0b8ddd69-f97e-4373-b029-7e861a49d08e/500x500.jpg",
    "productInformation": "ICA Grillkorv är en extra fin svensk korv med hög kötthalt på 75%. Passar perfekt på grillen eller att steka upp. Skär ett par snitt i korven innan du börjar laga.",
    "countryText": "Sverige",
    "companyText": "ICA",
    "ingrediensText": "Gris*- och nötkött* 75%, vatten, potatismjöl, salt, fett från gris*, socker, kryddor (vitpeppar, lökpulver, paprikapulver), antioxidationsmedel (E300), konserveringsmedel (E250), rökarom, korven är skinnfri.*Fött, uppfött och slaktat i Sverige.",
    "storage": "Kylvara: Förvaras vid högst +8°C",
    "allergens": "",
    "usage": "",
    "nutrition": [
      {
        "Näringsvärde": "Energi (kcal)",
        "100 Gram": "265 kcal"
      },
      {
        "Näringsvärde": "Energi (kJ)",
        "100 Gram": "1098 kJ"
      },
      {
        "Näringsvärde": "Fett",
        "100 Gram": "23 g"
      },
      {
        "Näringsvärde": "Varav mättat fett",
        "100 Gram": "9.1 g"
      },
      {
        "Näringsvärde": "Kolhydrat",
        "100 Gram": "3.5 g"
      },
      {
        "Näringsvärde": "Varav sockerarter",
        "100 Gram": "0.7 g"
      },
      {
        "Näringsvärde": "Protein",
        "100 Gram": "11 g"
      },
      {
        "Näringsvärde": "Salt",
        "100 Gram": "1.9 g"
      }
    ],
    "nutritionUnitText": "Näringsvärde per 100 gram",
    "categories": {
      "mainCategory": "Kött, Chark & Fågel",
      "subCategories": [
        {
          "name": "Korv",
          "subSubCategories": [
            "Glutenfri korv"
          ]
        }
      ]
    }
  },
  {
    "name": "Blandfärs Färsk 50/50 1kg ICA",
    "weightText": "1 kg",
    "caPart": "",
    "weightValue": 1,
    "weightUnit": "kg",
    "comparePrice": "113,00 kr/kg",
    "currentPrice": 113,
    "attributes": [
      "Kött från Sverige"
    ],
    "imgUrl": "https://handlaprivatkund.ica.se/images-v3/bf7a00ca-390e-4769-865f-dc369586872e/425371e3-fa92-4937-ba2f-b173d0c3d5ac/500x500.jpg",
    "productInformation": "Blandfärs av 50 % nöt och 50 % fläsk med en fetthalt på 20 %. Från svenska gårdar.",
    "countryText": "",
    "companyText": "ICA",
    "ingrediensText": "Finmald färs av nöt** 50% och gris** 50%. **Fött, uppfött, slaktat och styckat i Sverige. Berett (malet) i Sverige 507.",
    "storage": "",
    "allergens": "",
    "usage": "",
    "nutrition": [
      {
        "Näringsvärde": "Energi (kcal)",
        "100 Gram": "265 kcal"
      },
      {
        "Näringsvärde": "Energi (kJ)",
        "100 Gram": "1100 kJ"
      },
      {
        "Näringsvärde": "Fett",
        "100 Gram": "21 g"
      },
      {
        "Näringsvärde": "Varav mättat fett",
        "100 Gram": "9.2 g"
      },
      {
        "Näringsvärde": "Kolhydrat",
        "100 Gram": "0.5 g"
      },
      {
        "Näringsvärde": "Varav sockerarter",
        "100 Gram": "0.5 g"
      },
      {
        "Näringsvärde": "Protein",
        "100 Gram": "19 g"
      },
      {
        "Näringsvärde": "Salt",
        "100 Gram": "0.2 g"
      }
    ],
    "nutritionUnitText": "Näringsvärde per 100 gram",
    "categories": {
      "mainCategory": "Kött, Chark & Fågel",
      "subCategories": [
        {
          "name": "Köttfärs",
          "subSubCategories": [
            "Blandfärs"
          ]
        }
      ]
    }
  },
  {
    "name": "Kalkon Rökt Tunna Skivor 200g Pärsons",
    "weightText": "0.2 kg",
    "caPart": "",
    "weightValue": 0.2,
    "weightUnit": "kg",
    "comparePrice": "184,75 kr/kg",
    "currentPrice": 36.95,
    "attributes": [
      "Nyckelhålet"
    ],
    "imgUrl": "https://handlaprivatkund.ica.se/images-v3/bf7a00ca-390e-4769-865f-dc369586872e/ae45966b-2153-462f-b815-8d8fa888a236/500x500.jpg",
    "productInformation": "Pärsons rökta kalkon är smak och fettsnålhet i ett! Pålägget är gjort på utvalda kalkonbröst som först saltas innan de röks. Mycket saftig konsistens. Endast 2% fett.",
    "countryText": "",
    "companyText": "Pärsons",
    "ingrediensText": "INGREDIENSER: Kalkonkött* 82%, vatten, koksalt, antioxidationsmedel (E326: E301), stabiliseringsmedel (E451), potatisstärkelse, druvsocker, potatisfiber, socker, konserveringsmedel (E250), rökarom. Varmrökt. *Ursprung: EU.",
    "storage": "",
    "allergens": "",
    "usage": "",
    "nutrition": [
      {
        "Näringsvärde": "Energi (kcal)",
        "100 Gram": "100 kcal"
      },
      {
        "Näringsvärde": "Energi (kJ)",
        "100 Gram": "410 kJ"
      },
      {
        "Näringsvärde": "Fett",
        "100 Gram": "2 g"
      },
      {
        "Näringsvärde": "Varav mättat fett",
        "100 Gram": "0.9 g"
      },
      {
        "Näringsvärde": "Kolhydrat",
        "100 Gram": "1 g"
      },
      {
        "Näringsvärde": "Varav sockerarter",
        "100 Gram": "0.4 g"
      },
      {
        "Näringsvärde": "Protein",
        "100 Gram": "19 g"
      },
      {
        "Näringsvärde": "Salt",
        "100 Gram": "2.2 g"
      }
    ],
    "nutritionUnitText": "Näringsvärde per 100 gram",
    "categories": {
      "mainCategory": "Kött, Chark & Fågel",
      "subCategories": [
        {
          "name": "Pålägg",
          "subSubCategories": [
            "Fågel"
          ]
        }
      ]
    }
  },
  {
    "name": "Fläskytterfilé Färsk Mörmarinerad ca 1kg ICA",
    "weightText": "Ca 1 kg",
    "caPart": "Ca",
    "weightValue": 1,
    "weightUnit": "kg",
    "comparePrice": "97,95 kr/kg",
    "currentPrice": 97.95,
    "attributes": [
      "Kött från Sverige",
      "Ursprungsland Sverige"
    ],
    "imgUrl": "https://handlaprivatkund.ica.se/images-v3/bf7a00ca-390e-4769-865f-dc369586872e/f94071f7-81e1-483d-a09b-3b1b792ecaa3/500x500.jpg",
    "productInformation": "ICA Fläskytterfilé är en mörad filébit från svenska gårdar. Den passar att helsteka i ugn, i pannan eller grilla men den blir också fantastisk att skära ner och låta ta plats i en pastasås eller gryta. Fläsk passar bra med lite sötma, så servera gärna med en cidersås eller varför inte späcka med plommon!",
    "countryText": "Sverige",
    "companyText": "ICA",
    "ingrediensText": "INGREDIENSER: Benfri kotlett av gris* 88%, vatten, salt, druvsocker, vinäger, naturliga aromer, glutenfri HAVREfiber. *Fött, uppfött, slaktat och styckat i Sverige.",
    "storage": "",
    "allergens": "",
    "usage": "",
    "nutrition": [
      {
        "Näringsvärde": "Energi (kcal)",
        "100 Gram": "122 kcal"
      },
      {
        "Näringsvärde": "Energi (kJ)",
        "100 Gram": "511 kJ"
      },
      {
        "Näringsvärde": "Fett",
        "100 Gram": "5.3 g"
      },
      {
        "Näringsvärde": "Varav mättat fett",
        "100 Gram": "2.3 g"
      },
      {
        "Näringsvärde": "Kolhydrat",
        "100 Gram": "0.8 g"
      },
      {
        "Näringsvärde": "Varav sockerarter",
        "100 Gram": "0.5 g"
      },
      {
        "Näringsvärde": "Protein",
        "100 Gram": "18 g"
      },
      {
        "Näringsvärde": "Salt",
        "100 Gram": "1 g"
      }
    ],
    "nutritionUnitText": "Näringsvärde per 100 gram",
    "categories": {
      "mainCategory": "Kött, Chark & Fågel",
      "subCategories": [
        {
          "name": "Kött",
          "subSubCategories": [
            "Fläsk",
            "Fläskytterfilé"
          ]
        }
      ]
    }
  },
  {
    "name": "Lantskinka Rökt 120g ICA",
    "weightText": "0.12 kg",
    "caPart": "",
    "weightValue": 0.12,
    "weightUnit": "kg",
    "comparePrice": "191,25 kr/kg",
    "currentPrice": 22.95,
    "attributes": [
      "Nyckelhålet",
      "Kött från Sverige",
      "Ursprungsland Sverige"
    ],
    "imgUrl": "https://handlaprivatkund.ica.se/images-v3/bf7a00ca-390e-4769-865f-dc369586872e/10494c42-0a4d-43e9-a53b-e42bbad49e03/500x500.jpg",
    "productInformation": "ICA Lantskinka Rökt är en svensk skinka som vi har rökt på alspån och enris för att få en saftig smak. God både på mackan, i pastasås eller på hemgjord pizza. \n \n Alspåns- och enrisrökt.",
    "countryText": "Sverige",
    "companyText": "ICA",
    "ingrediensText": "Ingredienser: Skinka av gris* (helmuskel) 95%, salt, stabiliseringsmedel (E451), potatismjöl, druvsocker, potatisfiber, socker**, antioxidationssmedel (E301), konserveringsmedel (E250). *Fött, uppfött och slaktat i Sverige.**Ursprung Sverige.",
    "storage": "Lägsta förvaringstemperatur 0°C Högsta förvaringstemperatur 8°C",
    "allergens": "",
    "usage": "",
    "nutrition": [
      {
        "Näringsvärde": "Energi (kcal)",
        "100 Gram": "91 kcal"
      },
      {
        "Näringsvärde": "Energi (kJ)",
        "100 Gram": "380 kJ"
      },
      {
        "Näringsvärde": "Fett",
        "100 Gram": "1.4 g"
      },
      {
        "Näringsvärde": "Varav mättat fett",
        "100 Gram": "0.5 g"
      },
      {
        "Näringsvärde": "Kolhydrat",
        "100 Gram": "1.5 g"
      },
      {
        "Näringsvärde": "Varav sockerarter",
        "100 Gram": "0.5 g"
      },
      {
        "Näringsvärde": "Protein",
        "100 Gram": "17 g"
      },
      {
        "Näringsvärde": "Salt",
        "100 Gram": "2.1 g"
      }
    ],
    "nutritionUnitText": "Näringsvärde per 100 gram",
    "categories": {
      "mainCategory": "Kött, Chark & Fågel",
      "subCategories": [
        {
          "name": "Pålägg",
          "subSubCategories": [
            "Skinka"
          ]
        }
      ]
    }
  },
  {
    "name": "Skinka Rökt Tunna Skivor 200g ICA",
    "weightText": "0.2 kg",
    "caPart": "",
    "weightValue": 0.2,
    "weightUnit": "kg",
    "comparePrice": "119,75 kr/kg",
    "currentPrice": 23.95,
    "attributes": [
      "Nyckelhålet",
      "Kött från Sverige",
      "Ursprungsland Sverige"
    ],
    "imgUrl": "https://handlaprivatkund.ica.se/images-v3/bf7a00ca-390e-4769-865f-dc369586872e/0d2d886a-5e5a-48b5-be2f-a86da0267bfe/500x500.jpg",
    "productInformation": "ICA Skinka Rökt är en svensk skivad skinka med mild, rökig smak. Passar perfekt på smörgåsen eller i en sallad tillsammans med en smakrik ost.",
    "countryText": "Sverige",
    "companyText": "ICA",
    "ingrediensText": "Ingredienser: Skinka av gris* (helmuskel) 88%, vatten, salt, stabiliseringsmedel (E451), potatismjöl, druvsocker, potatisfiber, socker, antioxidationsmedel (E301), konserveringsmedel (E250). *Fött, uppfött och slaktat i Sverige.",
    "storage": "Lägsta förvaringstemperatur 0°C Högsta förvaringstemperatur 8°C",
    "allergens": "",
    "usage": "",
    "nutrition": [
      {
        "Näringsvärde": "Energi (kcal)",
        "100 Gram": "90 kcal"
      },
      {
        "Näringsvärde": "Energi (kJ)",
        "100 Gram": "381 kJ"
      },
      {
        "Näringsvärde": "Fett",
        "100 Gram": "1.1 g"
      },
      {
        "Näringsvärde": "Varav mättat fett",
        "100 Gram": "0.4 g"
      },
      {
        "Näringsvärde": "Kolhydrat",
        "100 Gram": "2 g"
      },
      {
        "Näringsvärde": "Varav sockerarter",
        "100 Gram": "0.5 g"
      },
      {
        "Näringsvärde": "Protein",
        "100 Gram": "18 g"
      },
      {
        "Näringsvärde": "Salt",
        "100 Gram": "2.4 g"
      }
    ],
    "nutritionUnitText": "",
    "categories": {
      "mainCategory": "Kött, Chark & Fågel",
      "subCategories": [
        {
          "name": "Pålägg",
          "subSubCategories": [
            "Skinka"
          ]
        }
      ]
    }
  },
  {
    "name": "Köttbullar Mamma Scans 1kg Scan",
    "weightText": "1 kg",
    "caPart": "",
    "weightValue": 1,
    "weightUnit": "kg",
    "comparePrice": "78,95 kr/kg",
    "currentPrice": 78.95,
    "attributes": [
      "Kött från Sverige",
      "Ursprungsland Sverige"
    ],
    "imgUrl": "https://handlaprivatkund.ica.se/images-v3/bf7a00ca-390e-4769-865f-dc369586872e/cb32c975-450c-4de5-a422-e9f577ebe40d/500x500.jpg",
    "productInformation": "Mamma Scans köttbullar är en smakrik klassiker och mångas favorit. De har samma goda smak och har rullats med omsorg i Skara sedan 1970. De är enkla att värma, passar till det mesta och går hem hos de flesta. I våra produkter ingår endast kött från svenska gårdar. Finns i 350 och 1000 gram.",
    "countryText": "Sverige",
    "companyText": "Scan",
    "ingrediensText": "INGREDIENSER: Svenskt gris- och nötkött (73%)*, vatten, potatismjöl, fett från nötkött*, lök, salt jodberikat, mineralsalt med mindre natrium, potatisfiber, druvsocker, socker, kryddor, kryddextrakt. *Ursprung Sverige. Stekta i animaliskt fett.",
    "storage": "Lägsta förvaringstemperatur 0°C Högsta förvaringstemperatur 8°C",
    "allergens": "",
    "usage": "",
    "nutrition": [
      {
        "Näringsvärde": "Energi (kcal)",
        "100 Gram": "220 kcal"
      },
      {
        "Näringsvärde": "Energi (kJ)",
        "100 Gram": "900 kJ"
      },
      {
        "Näringsvärde": "Fett",
        "100 Gram": "15 g"
      },
      {
        "Näringsvärde": "Varav mättat fett",
        "100 Gram": "6 g"
      },
      {
        "Näringsvärde": "Kolhydrat",
        "100 Gram": "8 g"
      },
      {
        "Näringsvärde": "Varav sockerarter",
        "100 Gram": "1.5 g"
      },
      {
        "Näringsvärde": "Protein",
        "100 Gram": "13 g"
      },
      {
        "Näringsvärde": "Salt",
        "100 Gram": "1.4 g"
      }
    ],
    "nutritionUnitText": "Näringsvärde per 100 gram",
    "categories": {
      "mainCategory": "Kött, Chark & Fågel",
      "subCategories": [
        {
          "name": "Matchark",
          "subSubCategories": [
            "Köttbullar & färsprodukter",
            "Köttbullar & färsprodukter, färska"
          ]
        }
      ]
    }
  },
  {
    "name": "Bacon skivat 140g ICA",
    "weightText": "0.14 kg",
    "caPart": "",
    "weightValue": 0.14,
    "weightUnit": "kg",
    "comparePrice": "103,57 kr/kg",
    "currentPrice": 14.5,
    "attributes": [
      "Kött från Sverige",
      "Ursprungsland Sverige"
    ],
    "imgUrl": "https://handlaprivatkund.ica.se/images-v3/bf7a00ca-390e-4769-865f-dc369586872e/c136d1d2-66c6-4596-939c-ebe3bffef1aa/500x500.jpg",
    "productInformation": "ICA Bacon är ett smakrikt och bokspånsrökt bacon med tydlig sälta, tillverkat i Halmstad på svenskt kött. Det passar både till äggröran på morgonen, de amerikanska pannkakorna på brunchen och i pastasåsen till middagen. Du kan också steka det knaperstekt och smula över salladen för lite extra crunch och smak. Stek i het panna några minuter på varje sida och låt droppa av på lite hushållspapper.",
    "countryText": "Sverige",
    "companyText": "ICA",
    "ingrediensText": "Ingredienser: Griskött* 95%, salt, antioxidationsmedel (E301, E331), glukossirap, konserveringsmedel (E250). *Fött, uppfött och slaktat i Sverige.",
    "storage": "Lägsta förvaringstemperatur 0°C Högsta förvaringstemperatur 8°C",
    "allergens": "",
    "usage": "",
    "nutrition": [
      {
        "Näringsvärde": "Energi (kcal)",
        "100 Gram": "230 kcal"
      },
      {
        "Näringsvärde": "Energi (kJ)",
        "100 Gram": "1075 kJ"
      },
      {
        "Näringsvärde": "Fett",
        "100 Gram": "21 g"
      },
      {
        "Näringsvärde": "Varav mättat fett",
        "100 Gram": "8 g"
      },
      {
        "Näringsvärde": "Kolhydrat",
        "100 Gram": "0.5 g"
      },
      {
        "Näringsvärde": "Varav sockerarter",
        "100 Gram": "0.5 g"
      },
      {
        "Näringsvärde": "Protein",
        "100 Gram": "17 g"
      },
      {
        "Näringsvärde": "Salt",
        "100 Gram": "2.2 g"
      }
    ],
    "nutritionUnitText": "",
    "categories": {
      "mainCategory": "Kött, Chark & Fågel",
      "subCategories": [
        {
          "name": "Matchark",
          "subSubCategories": [
            "Bacon & stekfläsk"
          ]
        }
      ]
    }
  },
  {
    "name": "Blodpudding 500g Gea´s",
    "weightText": "0.5 kg",
    "caPart": "",
    "weightValue": 0.5,
    "weightUnit": "kg",
    "comparePrice": "21,90 kr/kg",
    "currentPrice": 10.95,
    "attributes": [],
    "imgUrl": "https://handlaprivatkund.ica.se/images-v3/bf7a00ca-390e-4769-865f-dc369586872e/5bc9322a-d279-412d-a209-a675aec1c986/500x500.jpg",
    "productInformation": "Geas blodpudding skivar du upp och steker till middag. Servera med stekt bacon, rårörda lingon och ett glas apelsinjuice till.",
    "countryText": "",
    "companyText": "Gea s",
    "ingrediensText": "Vatten, fullkornsmjöl av RÅG, VETEmjöl, rapsolja, blodpulver från gris och nöt, socker, salt, kryddor (bl.a. ingefära, kanel, koriander, nejlika,) lök, mejram, arom, konserveringsmedel (E250).",
    "storage": "Kylvara: Högst +8°C.",
    "allergens": "",
    "usage": "Öppnad förpackning förvaras högst +8°C 3-5 dagar.",
    "nutrition": [
      {
        "Näringsvärde": "Energi (kcal)",
        "100 Gram": "200 kcal"
      },
      {
        "Näringsvärde": "Energi (kJ)",
        "100 Gram": "800 kJ"
      },
      {
        "Näringsvärde": "Fett",
        "100 Gram": "8.5 g"
      },
      {
        "Näringsvärde": "Varav mättat fett",
        "100 Gram": "0.6 g"
      },
      {
        "Näringsvärde": "Kolhydrat",
        "100 Gram": "22 g"
      },
      {
        "Näringsvärde": "Varav sockerarter",
        "100 Gram": "5.7 g"
      },
      {
        "Näringsvärde": "Protein",
        "100 Gram": "7.5 g"
      },
      {
        "Näringsvärde": "Salt",
        "100 Gram": "1.8 g"
      },
      {
        "Näringsvärde": "Järn",
        "100 Gram": "16 mg",
        "% av DRI(*)": "114"
      }
    ],
    "nutritionUnitText": "Näringsvärde per 100 gram",
    "categories": {
      "mainCategory": "Kött, Chark & Fågel",
      "subCategories": [
        {
          "name": "Matchark",
          "subSubCategories": [
            "Blodpudding"
          ]
        }
      ]
    }
  },
  {
    "name": "Delikatessköttbullar 450g Scan",
    "weightText": "0.45 kg",
    "caPart": "",
    "weightValue": 0.45,
    "weightUnit": "kg",
    "comparePrice": "117,67 kr/kg",
    "currentPrice": 52.95,
    "attributes": [
      "Kött från Sverige",
      "Ursprungsland Sverige"
    ],
    "imgUrl": "https://handlaprivatkund.ica.se/images-v3/bf7a00ca-390e-4769-865f-dc369586872e/454f8a78-5f4b-47e2-8e6f-f0fadf210335/500x500.jpg",
    "productInformation": "Våra smakrika delikatessköttbullar är lite mindre köttbullar som är allergenfria och har en hög kötthalt som bjuder på en härligt god och fyllig smak. Och självklart kommer köttet enbart från djur på svenska gårdar.",
    "countryText": "Sverige",
    "companyText": "Scan",
    "ingrediensText": "INGREDIENSER: Svenskt gris- och nötkött (76%)*, vatten, potatismjöl, fett från nötkött*, lök, potatisfiber, salt jodberikat, salt med mindre natrium, kryddor (bl.a. svartpeppar, spiskummin) socker, dextros, kryddextrakt (bl.a. chili). Stekta i animaliskt fett. *Ursprung: Sverige.",
    "storage": "Lägsta förvaringstemperatur -40°C Högsta förvaringstemperatur -18°C",
    "allergens": "",
    "usage": "",
    "nutrition": [
      {
        "Näringsvärde": "Energi (kcal)",
        "100 Gram": "220 kcal"
      },
      {
        "Näringsvärde": "Energi (kJ)",
        "100 Gram": "900 kJ"
      },
      {
        "Näringsvärde": "Fett",
        "100 Gram": "15 g"
      },
      {
        "Näringsvärde": "Varav mättat fett",
        "100 Gram": "6 g"
      },
      {
        "Näringsvärde": "Kolhydrat",
        "100 Gram": "8.5 g"
      },
      {
        "Näringsvärde": "Varav sockerarter",
        "100 Gram": "1.5 g"
      },
      {
        "Näringsvärde": "Protein",
        "100 Gram": "13 g"
      },
      {
        "Näringsvärde": "Salt",
        "100 Gram": "1.5 g"
      }
    ],
    "nutritionUnitText": "",
    "categories": {
      "mainCategory": "Jul",
      "subCategories": [
        {
          "name": "Julmat",
          "subSubCategories": [
            "Korv, Köttbullar & Rödbetssallad",
            "Köttbullar & Rödbetssallad"
          ]
        }
      ]
    }
  },
  {
    "name": "Kyckling bröstfile Fryst mörad 1kg ICA",
    "weightText": "1 kg",
    "caPart": "",
    "weightValue": 1,
    "weightUnit": "kg",
    "comparePrice": "90,95 kr/kg",
    "currentPrice": 90.95,
    "attributes": [
      "Nyckelhålet",
      "Ursprungsland Sverige",
      "Svensk Fågel"
    ],
    "imgUrl": "https://handlaprivatkund.ica.se/images-v3/bf7a00ca-390e-4769-865f-dc369586872e/1a8affa1-bd8d-4cfa-ad98-d7046fdced52/500x500.jpg",
    "productInformation": "ICA Kycklingbröstfilé Mörad kommer från utvalda gårdar runtom i Sverige och är en mör och mångsidig styckdetalj som du i princip kan göra vad du vill med. Helstek, koka, grilla, marinera, banka, tärna, puttra… alla sätt är rätt. Om du helsteker filén bör den få en innertemperatur på 72 grader och tillaga den gärna långsamt på lite lägre värme (cirka 150 grader).",
    "countryText": "Sverige",
    "companyText": "ICA",
    "ingrediensText": "Kycklingbröstfilé* 87%, vatten, salt. *Född, uppfödd och slaktad i Sverige. Var observant på att det kan förekomma enstaka ben.",
    "storage": "Frysvara: Förvaras vid -18°C.",
    "allergens": "",
    "usage": "Bör ej frysas efter upptining.",
    "nutrition": [
      {
        "Näringsvärde": "Energi (kcal)",
        "100 Gram": "91 kcal"
      },
      {
        "Näringsvärde": "Energi (kJ)",
        "100 Gram": "386 kJ"
      },
      {
        "Näringsvärde": "Fett",
        "100 Gram": "1 g"
      },
      {
        "Näringsvärde": "Varav mättat fett",
        "100 Gram": "0.5 g"
      },
      {
        "Näringsvärde": "Kolhydrat",
        "100 Gram": "0.5 g"
      },
      {
        "Näringsvärde": "Varav sockerarter",
        "100 Gram": "0.5 g"
      },
      {
        "Näringsvärde": "Protein",
        "100 Gram": "20 g"
      },
      {
        "Näringsvärde": "Salt",
        "100 Gram": "0.5 g"
      }
    ],
    "nutritionUnitText": "Näringsvärde per 100 gram",
    "categories": {
      "mainCategory": "Kött, Chark & Fågel",
      "subCategories": [
        {
          "name": "Kyckling & Fågel",
          "subSubCategories": [
            "Kycklingfilé"
          ]
        }
      ]
    }
  },
  {
    "name": "Grillkorv Kyckling 400g ICA",
    "weightText": "0.4 kg",
    "caPart": "",
    "weightValue": 0.4,
    "weightUnit": "kg",
    "comparePrice": "56,25 kr/kg",
    "currentPrice": 22.5,
    "attributes": [
      "Från Sverige",
      "Glutenfritt",
      "Laktosfritt"
    ],
    "imgUrl": "https://handlaprivatkund.ica.se/images-v3/bf7a00ca-390e-4769-865f-dc369586872e/56847609-88b3-43a5-8f77-5924cca16c42/500x500.jpg",
    "productInformation": "ICA Grillkorv Kyckling är en svensk korv med mild rökig smak. Passar utmärkt att grilla eller steka och blir god i både bröd eller pytt i panna.",
    "countryText": "",
    "companyText": "ICA",
    "ingrediensText": "Maskinurbenat kycklingkött* 64%, vatten, potatismjöl, fett från kyckling*, salt, druvsocker, lökpulver, kryddor (ingefära, vitpeppar), kryddextrakt(svartpeppar, koriander), antioxidationsmedel (E300), konserveringsmedel (E250), rökarom.*Fött, uppfött och slaktat i Sverige.Korven är skinnfri.",
    "storage": "Kylvara; max +8°C",
    "allergens": "",
    "usage": "",
    "nutrition": [
      {
        "Näringsvärde": "Energi (kcal)",
        "100 Gram": "205 kcal"
      },
      {
        "Näringsvärde": "Energi (kJ)",
        "100 Gram": "855 kJ"
      },
      {
        "Näringsvärde": "Fett",
        "100 Gram": "14 g"
      },
      {
        "Näringsvärde": "Varav mättat fett",
        "100 Gram": "4.4 g"
      },
      {
        "Näringsvärde": "Kolhydrat",
        "100 Gram": "8.8 g"
      },
      {
        "Näringsvärde": "Varav sockerarter",
        "100 Gram": "0.6 g"
      },
      {
        "Näringsvärde": "Protein",
        "100 Gram": "11 g"
      },
      {
        "Näringsvärde": "Salt",
        "100 Gram": "1.8 g"
      }
    ],
    "nutritionUnitText": "Näringsvärde per 100 gram",
    "categories": {
      "mainCategory": "Kött, Chark & Fågel",
      "subCategories": [
        {
          "name": "Korv",
          "subSubCategories": [
            "Glutenfri korv"
          ]
        }
      ]
    }
  },
  {
    "name": "Lövbiff Innanlår ca 450g ICA",
    "weightText": "Ca 0.45 kg",
    "caPart": "Ca",
    "weightValue": 0.45,
    "weightUnit": "kg",
    "comparePrice": "229,00 kr/kg",
    "currentPrice": 103.05,
    "attributes": [
      "Nyckelhålet",
      "Kött från Sverige",
      "Ursprungsland Sverige"
    ],
    "imgUrl": "https://handlaprivatkund.ica.se/images-v3/bf7a00ca-390e-4769-865f-dc369586872e/beafa044-f238-4745-a692-5c326a071d7f/500x500.jpg",
    "productInformation": "ICA Lövbiff är tunna skivor av nötinnanlår som kräver lite passning vid spisen. Steks den för länge kan det bli lite segt. Den passar dock perfekt att steka snabbt på hög värme och servera med kryddsmör eller att göra rullader på.",
    "countryText": "Sverige",
    "companyText": "ICA",
    "ingrediensText": "",
    "storage": "",
    "allergens": "",
    "usage": "",
    "nutrition": [],
    "nutritionUnitText": "",
    "categories": {
      "mainCategory": "Kött, Chark & Fågel",
      "subCategories": [
        {
          "name": "Kött",
          "subSubCategories": [
            "Nötkött",
            "Lövbiff"
          ]
        }
      ]
    }
  },
  {
    "name": "Pastej Original Skivbar 250g Arboga",
    "weightText": "0.25 kg",
    "caPart": "",
    "weightValue": 0.25,
    "weightUnit": "kg",
    "comparePrice": "55,80 kr/kg",
    "currentPrice": 13.95,
    "attributes": [],
    "imgUrl": "https://handlaprivatkund.ica.se/images-v3/bf7a00ca-390e-4769-865f-dc369586872e/5c0b327a-c656-4fe9-9a79-cea5af994eb9/500x500.jpg",
    "productInformation": "Arbogapastej skivbar är en klassisker på frukostmackan och svenskarnas absoluta favorit bland skivbara pastejer. Mild smak av lever och härlig tryffered med svamp.",
    "countryText": "",
    "companyText": "Arboga",
    "ingrediensText": "Grislever* (31 %), fett från gris*, MJÖLK, vatten, VETEmjöl, potatismjöl, rapsolja, MJÖLKpulver, salt, socker, tryffelersättning (fårticka), kryddor och kryddextrakt (bl. a. ingefära, muskotnöt, nejlika), druvsocker, maltodextrin, antioxidationsmedel (E300), konserveringsmedel (E250). *Fött, uppfött och slaktat i Sverige och Finland.",
    "storage": "Kylvara: Förvaring högst +8°C",
    "allergens": "",
    "usage": "",
    "nutrition": [
      {
        "Näringsvärde": "Energi (kcal)",
        "100 Gram": "270 kcal"
      },
      {
        "Näringsvärde": "Energi (kJ)",
        "100 Gram": "1100 kJ"
      },
      {
        "Näringsvärde": "Fett",
        "100 Gram": "22 g"
      },
      {
        "Näringsvärde": "Varav mättat fett",
        "100 Gram": "8.8 g"
      },
      {
        "Näringsvärde": "Kolhydrat",
        "100 Gram": "8.5 g"
      },
      {
        "Näringsvärde": "Varav sockerarter",
        "100 Gram": "2.4 g"
      },
      {
        "Näringsvärde": "Protein",
        "100 Gram": "10 g"
      },
      {
        "Näringsvärde": "Salt",
        "100 Gram": "2 g"
      },
      {
        "Näringsvärde": "Järn",
        "100 Gram": "7 mg",
        "% av DRI(*)": "50"
      }
    ],
    "nutritionUnitText": "Näringsvärde per 100 gram",
    "categories": {
      "mainCategory": "Kött, Chark & Fågel",
      "subCategories": [
        {
          "name": "Pålägg",
          "subSubCategories": [
            "Pastej & paté",
            "Pastej"
          ]
        }
      ]
    }
  },
  {
    "name": "Kycklingbröstfilé Färsk 720g ICA Gott Liv",
    "weightText": "0.72 kg",
    "caPart": "",
    "weightValue": 0.72,
    "weightUnit": "kg",
    "comparePrice": "126,32 kr/kg",
    "currentPrice": 90.95,
    "attributes": [
      "Nyckelhålet",
      "Ursprungsland Sverige",
      "Svensk Fågel"
    ],
    "imgUrl": "https://images.ctfassets.net/l3dfc9zfaimi/qZc37LgTPPuZhIUMEbPJx/d4918e773827f51582d837109cfcb604/jul-25-produktdetaljbanner-insamlingen-desktop.jpg",
    "productInformation": "ICA Gott liv färsk kycklingbröstfilé, en favorit på middagsbordet. Stek, grilla eller tillaga i ugnen och servera med goda tillbehör.",
    "countryText": "Sverige",
    "companyText": "ICA Gott Liv",
    "ingrediensText": "Kycklingfilé av bröst.* *Född, uppfödd och slaktad i Sverige.",
    "storage": "Kylvara: Förvaras vid högst +4°C. Lägsta förvaringstemperatur 2°C Högsta förvaringstemperatur 4°C",
    "allergens": "",
    "usage": "",
    "nutrition": [
      {
        "Näringsvärde": "Energi (kcal)",
        "100 Gram": "105 kcal"
      },
      {
        "Näringsvärde": "Energi (kJ)",
        "100 Gram": "437 kJ"
      },
      {
        "Näringsvärde": "Fett",
        "100 Gram": "1.2 g"
      },
      {
        "Näringsvärde": "Varav mättat fett",
        "100 Gram": "0.38 g"
      },
      {
        "Näringsvärde": "Kolhydrat",
        "100 Gram": "0.5 g"
      },
      {
        "Näringsvärde": "Varav sockerarter",
        "100 Gram": "0.1 g"
      },
      {
        "Näringsvärde": "Protein",
        "100 Gram": "23.1 g"
      },
      {
        "Näringsvärde": "Salt",
        "100 Gram": "0.16 g"
      }
    ],
    "nutritionUnitText": "Näringsvärde per 100 gram",
    "categories": {
      "mainCategory": "Jul",
      "subCategories": [
        {
          "name": "Julens godaste varor",
          "subSubCategories": []
        }
      ]
    }
  },
  {
    "name": "Leverpastej Bredbar 200g Pastejköket",
    "weightText": "0.2 kg",
    "caPart": "",
    "weightValue": 0.2,
    "weightUnit": "kg",
    "comparePrice": "64,75 kr/kg",
    "currentPrice": 12.95,
    "attributes": [
      "Kött från Sverige",
      "Ursprungsland Sverige"
    ],
    "imgUrl": "https://handlaprivatkund.ica.se/images-v3/bf7a00ca-390e-4769-865f-dc369586872e/188c9b38-af26-4068-90ce-5fda8ee7f029/500x500.jpg",
    "productInformation": "Pastejköket bredbar leverpastej, favoriten på svenskarnas frukostbord sdan 1970. Krämig med en mild leversmak och bra källa till järn.",
    "countryText": "Sverige",
    "companyText": "Pastejköket",
    "ingrediensText": "Fett från gris*, grislever* (30%), MJÖLK*, vatten, potatismjöl, socker, salt, lök, maltodextrin, kryddor och kryddextrakt (bl.a. pomerans, ingefära, kryddpeppar, lagerblad, cayenne, kryddnejlika, muskotnöt, muskotblomma, svartpeppar), konserveringsmedel (E250).*Svensk råvara.",
    "storage": "Kylvara: Förvaras vid högst +8°C.",
    "allergens": "",
    "usage": "Öppnad förpackning högst +8°C , 5-7 dagar.",
    "nutrition": [],
    "nutritionUnitText": "Näringsvärde per styck",
    "categories": {
      "mainCategory": "Kött, Chark & Fågel",
      "subCategories": [
        {
          "name": "Pålägg",
          "subSubCategories": [
            "Pastej & paté",
            "Pastej"
          ]
        }
      ]
    }
  },
  {
    "name": "Emilskinka Rökt 120g Pärsons",
    "weightText": "0.12 kg",
    "caPart": "",
    "weightValue": 0.12,
    "weightUnit": "kg",
    "comparePrice": "241,25 kr/kg",
    "currentPrice": 28.95,
    "attributes": [
      "Nyckelhålet",
      "Kött från Sverige",
      "Ursprungsland Sverige"
    ],
    "imgUrl": "https://handlaprivatkund.ica.se/images-v3/bf7a00ca-390e-4769-865f-dc369586872e/10a68760-4ab9-417b-ad31-99b930912676/500x500.jpg",
    "productInformation": "Vår klassiska Emilskinka är en välputsad helmuskelskinka där endast de finaste delarna av skinkan används. Den är gjord för hand och röks varsamt på traditionellt sätt över flis. Emilskinkan har en fyllig och fin karaktär.",
    "countryText": "Sverige",
    "companyText": "Pärsons",
    "ingrediensText": "INGREDIENSER: Svensk skinka helmuskel 89%, vatten, koksalt, antioxidationsmedel (E326, E301), stabiliseringsmedel (E451), potatisstärkelse, druvsocker, potatisfiber, socker, konserveringsmedel (E250). Varmrökt.",
    "storage": "",
    "allergens": "",
    "usage": "",
    "nutrition": [
      {
        "Näringsvärde": "Energi (kcal)",
        "100 Gram": "105 kcal"
      },
      {
        "Näringsvärde": "Energi (kJ)",
        "100 Gram": "440 kJ"
      },
      {
        "Näringsvärde": "Fett",
        "100 Gram": "2.7 g"
      },
      {
        "Näringsvärde": "Varav mättat fett",
        "100 Gram": "0.9 g"
      },
      {
        "Näringsvärde": "Kolhydrat",
        "100 Gram": "0.9 g"
      },
      {
        "Näringsvärde": "Varav sockerarter",
        "100 Gram": "0.4 g"
      },
      {
        "Näringsvärde": "Fiber",
        "100 Gram": "1 g"
      },
      {
        "Näringsvärde": "Protein",
        "100 Gram": "19 g"
      },
      {
        "Näringsvärde": "Salt",
        "100 Gram": "2.4 g"
      },
      {
        "Näringsvärde": "Natrium",
        "100 Gram": "1.5 g"
      }
    ],
    "nutritionUnitText": "Näringsvärde per 100 gram",
    "categories": {
      "mainCategory": "Kött, Chark & Fågel",
      "subCategories": [
        {
          "name": "Pålägg",
          "subSubCategories": [
            "Skinka"
          ]
        }
      ]
    }
  },
  {
    "name": "Hamburgare 90g 6-p Scan",
    "weightText": "0.54 kg",
    "caPart": "",
    "weightValue": 0.54,
    "weightUnit": "kg",
    "comparePrice": "116,57 kr/kg",
    "currentPrice": 62.95,
    "attributes": [
      "Kött från Sverige",
      "Ursprungsland Sverige"
    ],
    "imgUrl": "https://handlaprivatkund.ica.se/images-v3/bf7a00ca-390e-4769-865f-dc369586872e/91748726-2be3-4637-a10c-9d809bd10e75/500x500.jpg",
    "productInformation": "En riktig favorit tillagad på svenskt nötkött som passar till såväl vardag som till helg. Våra smakrika hamburgare är enkla och går fort att tillaga. Alla våra produkter innehåller enbart kött från djur på svenska gårdar.",
    "countryText": "Sverige",
    "companyText": "Scan",
    "ingrediensText": "Ingredienser: Svenskt nötkött* (80%), vatten, potatis*, potatismjöl, salt, druvsocker, potatisfiber, svartpeppar, kryddextrakt (svartpeppar). *Ursprung: Sverige.",
    "storage": "Lägsta förvaringstemperatur -40°C Högsta förvaringstemperatur -18°C",
    "allergens": "",
    "usage": "",
    "nutrition": [
      {
        "Näringsvärde": "Energi (kcal)",
        "100 Gram": "240 kcal"
      },
      {
        "Näringsvärde": "Energi (kJ)",
        "100 Gram": "1000 kJ"
      },
      {
        "Näringsvärde": "Fett",
        "100 Gram": "18 g"
      },
      {
        "Näringsvärde": "Varav mättat fett",
        "100 Gram": "9 g"
      },
      {
        "Näringsvärde": "Kolhydrat",
        "100 Gram": "4 g"
      },
      {
        "Näringsvärde": "Varav sockerarter",
        "100 Gram": "1 g"
      },
      {
        "Näringsvärde": "Protein",
        "100 Gram": "15 g"
      },
      {
        "Näringsvärde": "Salt",
        "100 Gram": "1.5 g"
      }
    ],
    "nutritionUnitText": "",
    "categories": {
      "mainCategory": "Fryst",
      "subCategories": [
        {
          "name": "Fryst kött & burgare",
          "subSubCategories": [
            "Frysta hamburgare"
          ]
        }
      ]
    }
  },
  {
    "name": "Bacon Tärnad 140g ICA",
    "weightText": "0.14 kg",
    "caPart": "",
    "weightValue": 0.14,
    "weightUnit": "kg",
    "comparePrice": "117,86 kr/kg",
    "currentPrice": 16.5,
    "attributes": [
      "Kött från Sverige",
      "Ursprungsland Sverige"
    ],
    "imgUrl": "https://handlaprivatkund.ica.se/images-v3/bf7a00ca-390e-4769-865f-dc369586872e/0817ec78-6250-41ee-a87f-e41970a73004/500x500.jpg",
    "productInformation": "ICA Tärnat bacon är fina tärningar med rökig smak och tydlig sälta, tillverkat i Halmstad på svenskt kött. Stek och blanda som en extra krydda i sallader och pastarätter.",
    "countryText": "Sverige",
    "companyText": "ICA",
    "ingrediensText": "Ingredienser: Griskött* 95%, salt, antioxidationsmedel (E301, E331), glukossirap, konserveringsmedel (E250). *Fött, uppfött och slaktat i Sverige.",
    "storage": "Lägsta förvaringstemperatur 0°C Högsta förvaringstemperatur 8°C",
    "allergens": "",
    "usage": "",
    "nutrition": [
      {
        "Näringsvärde": "Energi (kcal)",
        "100 Gram": "259 kcal"
      },
      {
        "Näringsvärde": "Energi (kJ)",
        "100 Gram": "1075 kJ"
      },
      {
        "Näringsvärde": "Fett",
        "100 Gram": "21 g"
      },
      {
        "Näringsvärde": "Varav mättat fett",
        "100 Gram": "8 g"
      },
      {
        "Näringsvärde": "Kolhydrat",
        "100 Gram": "0.5 g"
      },
      {
        "Näringsvärde": "Varav sockerarter",
        "100 Gram": "0.5 g"
      },
      {
        "Näringsvärde": "Protein",
        "100 Gram": "17 g"
      },
      {
        "Näringsvärde": "Salt",
        "100 Gram": "2.2 g"
      }
    ],
    "nutritionUnitText": "",
    "categories": {
      "mainCategory": "Kött, Chark & Fågel",
      "subCategories": [
        {
          "name": "Matchark",
          "subSubCategories": [
            "Bacon & stekfläsk"
          ]
        }
      ]
    }
  },
  {
    "name": "Bacon Rökt Skivad 125g Tulip",
    "weightText": "0.125 kg",
    "caPart": "",
    "weightValue": 0.125,
    "weightUnit": "kg",
    "comparePrice": "151,60 kr/kg",
    "currentPrice": 18.95,
    "attributes": [
      "Ursprungsland Sverige"
    ],
    "imgUrl": "https://handlaprivatkund.ica.se/images-v3/bf7a00ca-390e-4769-865f-dc369586872e/719a7a3e-d39a-4bc0-b4e1-bd72129169c0/500x500.jpg",
    "productInformation": "Tulip bacon i skivor är rökt med bokspån. Passar till frukosten med äggröra, till potatisbullarna, i en kycklingsallad eller club sandwich.",
    "countryText": "Sverige",
    "companyText": "Tulip",
    "ingrediensText": "Ingredienser: Sidfläsk, salt, antioxidationsmedel (E 301), konserveringsmedel (E 250).",
    "storage": "Högsta förvaringstemperatur 8°C",
    "allergens": "",
    "usage": "",
    "nutrition": [
      {
        "Näringsvärde": "Energi (kcal)",
        "100 Gram": "290 kcal"
      },
      {
        "Näringsvärde": "Energi (kJ)",
        "100 Gram": "1200 kJ"
      },
      {
        "Näringsvärde": "Fett",
        "100 Gram": "26 g"
      },
      {
        "Näringsvärde": "Varav mättat fett",
        "100 Gram": "10 g"
      },
      {
        "Näringsvärde": "Kolhydrat",
        "100 Gram": "0 g"
      },
      {
        "Näringsvärde": "Varav sockerarter",
        "100 Gram": "0 g"
      },
      {
        "Näringsvärde": "Protein",
        "100 Gram": "14 g"
      },
      {
        "Näringsvärde": "Salt",
        "100 Gram": "2.5 g"
      }
    ],
    "nutritionUnitText": "Näringsvärde per 100 gram",
    "categories": {
      "mainCategory": "Kött, Chark & Fågel",
      "subCategories": [
        {
          "name": "Matchark",
          "subSubCategories": [
            "Bacon & stekfläsk"
          ]
        }
      ]
    }
  },
  {
    "name": "Skinka Kokt Tunna Skivor 200g ICA",
    "weightText": "0.2 kg",
    "caPart": "",
    "weightValue": 0.2,
    "weightUnit": "kg",
    "comparePrice": "119,75 kr/kg",
    "currentPrice": 23.95,
    "attributes": [
      "Nyckelhålet",
      "Kött från Sverige"
    ],
    "imgUrl": "https://handlaprivatkund.ica.se/images-v3/bf7a00ca-390e-4769-865f-dc369586872e/f69f2488-98ee-4b11-b3ab-3e5a7838f16c/500x500.jpg",
    "productInformation": "ICA Skinka Kokt är en svensk, kokt och skivad skinka som passar både på smörgåsen och i matlagningen. Den gör sig till exempel väldigt bra på den hemlagade pizzan eller i en omelett tillsammans med någon smakrik ost.",
    "countryText": "",
    "companyText": "ICA",
    "ingrediensText": "Ingredienser: Skinka av gris* (helmuskel) 88%, vatten, salt, stabiliseringsmedel (E451), potatis-mjöl, druvsocker, potatisfiber, socker, antioxidationsmedel (E301), konserveringsmedel (E250). *Fött, uppfött och slaktat i Sverige.",
    "storage": "Lägsta förvaringstemperatur 0°C Högsta förvaringstemperatur 8°C",
    "allergens": "",
    "usage": "",
    "nutrition": [
      {
        "Näringsvärde": "Energi (kcal)",
        "100 Gram": "91 kcal"
      },
      {
        "Näringsvärde": "Energi (kJ)",
        "100 Gram": "385 kJ"
      },
      {
        "Näringsvärde": "Fett",
        "100 Gram": "1.1 g"
      },
      {
        "Näringsvärde": "Varav mättat fett",
        "100 Gram": "0.4 g"
      },
      {
        "Näringsvärde": "Kolhydrat",
        "100 Gram": "2 g"
      },
      {
        "Näringsvärde": "Varav sockerarter",
        "100 Gram": "0.5 g"
      },
      {
        "Näringsvärde": "Protein",
        "100 Gram": "18 g"
      },
      {
        "Näringsvärde": "Salt",
        "100 Gram": "2.1 g"
      }
    ],
    "nutritionUnitText": "",
    "categories": {
      "mainCategory": "Kött, Chark & Fågel",
      "subCategories": [
        {
          "name": "Pålägg",
          "subSubCategories": [
            "Skinka"
          ]
        }
      ]
    }
  },
  {
    "name": "Falukorv Extra fin 71% Kötthalt 550g ICA",
    "weightText": "0.55 kg",
    "caPart": "",
    "weightValue": 0.55,
    "weightUnit": "kg",
    "comparePrice": "68,18 kr/kg",
    "currentPrice": 37.5,
    "attributes": [
      "Kött från Sverige",
      "Ursprungsland Sverige"
    ],
    "imgUrl": "https://handlaprivatkund.ica.se/images-v3/bf7a00ca-390e-4769-865f-dc369586872e/cf2d5f19-d2b9-481d-860b-f5973b0deea8/500x500.jpg",
    "productInformation": "ICA Extra fin Falukorv är gjord på svenskt kött och har en hög kötthalt på 71%. Ett bra val om du har barn hemma som svarar \"korv\" på varje fråga om vad de vill ha för middag. Baka den i ugn, stek eller gör korv stroganoff och servera med potatis, pasta, ris och/eller sallad. Vill du sätta lite guldkant på vardagsmiddagen kan du ju testa att göra egen ketchup till.",
    "countryText": "Sverige",
    "companyText": "ICA",
    "ingrediensText": "Gris*- och nötkött* 71 %, vatten, potatismjöl, salt, kryddor (lökpulver, ingefära, svartpeppar, vitpeppar, cayennepeppar), druvsocker, kryddextrakt (muskotnöt, svartpeppar), antioxidationsmedel (E300), konserveringsmedel (E250), rökarom. *Fött, uppfött och slaktat i Sverige. Ej ätbart korvskinn.",
    "storage": "Kylvara: Förvaras vid högst +8°C.",
    "allergens": "",
    "usage": "Ej ätbart korvskinn.",
    "nutrition": [
      {
        "Näringsvärde": "Energi (kcal)",
        "100 Gram": "220 kcal"
      },
      {
        "Näringsvärde": "Energi (kJ)",
        "100 Gram": "913 kJ"
      },
      {
        "Näringsvärde": "Fett",
        "100 Gram": "18 g"
      },
      {
        "Näringsvärde": "Varav mättat fett",
        "100 Gram": "7.5 g"
      },
      {
        "Näringsvärde": "Kolhydrat",
        "100 Gram": "3.5 g"
      },
      {
        "Näringsvärde": "Varav sockerarter",
        "100 Gram": "0.5 g"
      },
      {
        "Näringsvärde": "Protein",
        "100 Gram": "11 g"
      },
      {
        "Näringsvärde": "Salt",
        "100 Gram": "1.6 g"
      }
    ],
    "nutritionUnitText": "Näringsvärde per 100 gram",
    "categories": {
      "mainCategory": "Kött, Chark & Fågel",
      "subCategories": [
        {
          "name": "Korv",
          "subSubCategories": [
            "Falukorv"
          ]
        }
      ]
    }
  },
  {
    "name": "Falukorv Extra fin 71% kötthalt 800g ICA",
    "weightText": "0.8 kg",
    "caPart": "",
    "weightValue": 0.8,
    "weightUnit": "kg",
    "comparePrice": "66,19 kr/kg",
    "currentPrice": 52.95,
    "attributes": [
      "Glutenfritt",
      "Kött från Sverige",
      "Ursprungsland Sverige",
      "Laktosfritt"
    ],
    "imgUrl": "https://handlaprivatkund.ica.se/images-v3/bf7a00ca-390e-4769-865f-dc369586872e/4ff1c4b1-4b67-4778-b0cb-81f09ef1d849/500x500.jpg",
    "productInformation": "ICA Extra fin Falukorv är gjord på svenskt kött och har en hög kötthalt på 71%. Ett bra val om du har barn hemma som svarar \"korv\" på varje fråga om vad de vill ha för middag. Baka den i ugn, stek eller gör korv stroganoff och servera med potatis, pasta, ris och/eller sallad. Vill du sätta lite guldkant på vardagsmiddagen kan du ju testa att göra egen ketchup till.",
    "countryText": "Sverige",
    "companyText": "ICA",
    "ingrediensText": "Gris*- och nötkött* 71 %, vatten, potatismjöl, salt, kryddor (lökpulver, ingefära, svartpeppar, vitpeppar, cayennepeppar), druvsocker, kryddextrakt (muskotnöt, svartpeppar), antioxidationsmedel (E300), konserveringsmedel (E250), rökarom. *Fött, uppfött och slaktat i Sverige. Ej ätbart korvskinn.",
    "storage": "",
    "allergens": "",
    "usage": "Kylvara. Förvaras vid högst +8°C. Ej ätbart korvskinn.",
    "nutrition": [
      {
        "Näringsvärde": "Energi (kcal)",
        "100 Gram": "220 kcal"
      },
      {
        "Näringsvärde": "Energi (kJ)",
        "100 Gram": "913 kJ"
      },
      {
        "Näringsvärde": "Fett",
        "100 Gram": "18 g"
      },
      {
        "Näringsvärde": "Varav mättat fett",
        "100 Gram": "7.5 g"
      },
      {
        "Näringsvärde": "Kolhydrat",
        "100 Gram": "3.5 g"
      },
      {
        "Näringsvärde": "Varav sockerarter",
        "100 Gram": "0.5 g"
      },
      {
        "Näringsvärde": "Protein",
        "100 Gram": "11 g"
      },
      {
        "Näringsvärde": "Salt",
        "100 Gram": "1.6 g"
      }
    ],
    "nutritionUnitText": "Näringsvärde per 100 gram",
    "categories": {
      "mainCategory": "Kött, Chark & Fågel",
      "subCategories": [
        {
          "name": "Korv",
          "subSubCategories": [
            "Falukorv"
          ]
        }
      ]
    }
  },
  {
    "name": "Bacon Tärnat 140g Scan",
    "weightText": "0.14 kg",
    "caPart": "",
    "weightValue": 0.14,
    "weightUnit": "kg",
    "comparePrice": "135,36 kr/kg",
    "currentPrice": 18.95,
    "attributes": [],
    "imgUrl": "https://handlaprivatkund.ica.se/images-v3/bf7a00ca-390e-4769-865f-dc369586872e/0605890d-f188-4ef3-8f86-454d9fffbc1a/500x500.jpg",
    "productInformation": "Scan Piggham är ett sortiment bestående av extra gott, saftigt och smakrikt kött. Med vår goda tärnade bacon kombinerar vi kvalitet med enkelhet. Bitarna är i lagom storlek och passar utmärkt till exempelvis pasta carbonara.",
    "countryText": "",
    "companyText": "Scan",
    "ingrediensText": "INGREDIENSER: Svenskt griskött, salt, antioxidationsmedel (E301), konserveringsmedel (E250), rökarom. Bacon är en rå produkt som ska tillagas före användning.",
    "storage": "",
    "allergens": "",
    "usage": "",
    "nutrition": [
      {
        "Näringsvärde": "Energi (kcal)",
        "100 Gram": "300 kcal"
      },
      {
        "Näringsvärde": "Energi (kJ)",
        "100 Gram": "1250 kJ"
      },
      {
        "Näringsvärde": "Fett",
        "100 Gram": "28 g"
      },
      {
        "Näringsvärde": "Varav mättat fett",
        "100 Gram": "11 g"
      },
      {
        "Näringsvärde": "Kolhydrat",
        "100 Gram": "0 g"
      },
      {
        "Näringsvärde": "Varav sockerarter",
        "100 Gram": "0 g"
      },
      {
        "Näringsvärde": "Protein",
        "100 Gram": "13 g"
      },
      {
        "Näringsvärde": "Salt",
        "100 Gram": "2.4 g"
      }
    ],
    "nutritionUnitText": "Näringsvärde per 100 gram",
    "categories": {
      "mainCategory": "Kött, Chark & Fågel",
      "subCategories": [
        {
          "name": "Matchark",
          "subSubCategories": [
            "Bacon & stekfläsk"
          ]
        }
      ]
    }
  },
  {
    "name": "Kalkon Rökt 120g ICA",
    "weightText": "0.12 kg",
    "caPart": "",
    "weightValue": 0.12,
    "weightUnit": "kg",
    "comparePrice": "216,25 kr/kg",
    "currentPrice": 25.95,
    "attributes": [
      "Från Sverige",
      "Nyckelhålet",
      "Ursprungsland Sverige"
    ],
    "imgUrl": "https://handlaprivatkund.ica.se/images-v3/bf7a00ca-390e-4769-865f-dc369586872e/57915064-ca5c-4180-83d8-cba3ecb6f92c/500x500.jpg",
    "productInformation": "ICA Kalkon Rökt är en svensk kalkon som har fått sin smak från att ha blivit rökt över alpspån och enris. Den är skuren i tunna skivor. Den milda smaken gör sig till det mesta, till exempel en lyxig frukost, smarrig lunchmacka eller varför inte på hemgjorda pizzan? \n \n Alspåns- och enrisrökt.",
    "countryText": "Sverige",
    "companyText": "ICA",
    "ingrediensText": "Ingredienser: Kalkonbröst* 87%, vatten, salt, antioxidationsmedel (E301, E331), stabiliseringsmedel (E450), socker**, konserveringsmedel (E250). *Fött, uppfött och slaktat i Sverige. **Ursprung Sverige.",
    "storage": "Lägsta förvaringstemperatur 0°C Högsta förvaringstemperatur 8°C",
    "allergens": "",
    "usage": "",
    "nutrition": [
      {
        "Näringsvärde": "Energi (kcal)",
        "100 Gram": "98 kcal"
      },
      {
        "Näringsvärde": "Energi (kJ)",
        "100 Gram": "410 kJ"
      },
      {
        "Näringsvärde": "Fett",
        "100 Gram": "1.1 g"
      },
      {
        "Näringsvärde": "Varav mättat fett",
        "100 Gram": "0.4 g"
      },
      {
        "Näringsvärde": "Kolhydrat",
        "100 Gram": "0.9 g"
      },
      {
        "Näringsvärde": "Varav sockerarter",
        "100 Gram": "0.8 g"
      },
      {
        "Näringsvärde": "Protein",
        "100 Gram": "20 g"
      },
      {
        "Näringsvärde": "Salt",
        "100 Gram": "2 g"
      }
    ],
    "nutritionUnitText": "Näringsvärde per 100 gram",
    "categories": {
      "mainCategory": "Kött, Chark & Fågel",
      "subCategories": [
        {
          "name": "Pålägg",
          "subSubCategories": [
            "Fågel"
          ]
        }
      ]
    }
  },
  {
    "name": "Leverpastej Ugnsbakad 200g Scan",
    "weightText": "0.2 kg",
    "caPart": "",
    "weightValue": 0.2,
    "weightUnit": "kg",
    "comparePrice": "74,75 kr/kg",
    "currentPrice": 14.95,
    "attributes": [
      "Kött från Sverige",
      "Ursprungsland Sverige"
    ],
    "imgUrl": "https://handlaprivatkund.ica.se/images-v3/bf7a00ca-390e-4769-865f-dc369586872e/ece7cf4a-c353-458d-8479-351092639677/500x500.jpg",
    "productInformation": "En lite elegantare pastej med fin färg och smidig konsistens. Med sin välbalanserade krydd- och leversmak har den en härlig smak som passar till det mesta. Alla våra produkter innehåller enbart kött från djur på svenska gårdar.",
    "countryText": "Sverige",
    "companyText": "Scan",
    "ingrediensText": "INGREDIENSER: Svenskt fett fläsk, svensk grislever (31%), vatten, potatismjöl, socker, salt, lök, kryddor, druvsocker, arom, antioxidationsmedel E300, konserveringsmedel E250.",
    "storage": "",
    "allergens": "",
    "usage": "",
    "nutrition": [
      {
        "Näringsvärde": "Energi (kcal)",
        "100 Gram": "300 kcal"
      },
      {
        "Näringsvärde": "Energi (kJ)",
        "100 Gram": "1250 kJ"
      },
      {
        "Näringsvärde": "Fett",
        "100 Gram": "23 g"
      },
      {
        "Näringsvärde": "Varav mättat fett",
        "100 Gram": "15 g"
      },
      {
        "Näringsvärde": "Kolhydrat",
        "100 Gram": "12 g"
      },
      {
        "Näringsvärde": "Varav sockerarter",
        "100 Gram": "2.6 g"
      },
      {
        "Näringsvärde": "Protein",
        "100 Gram": "11 g"
      },
      {
        "Näringsvärde": "Salt",
        "100 Gram": "1.9 g"
      },
      {
        "Näringsvärde": "Järn",
        "100 Gram": "7 mg"
      }
    ],
    "nutritionUnitText": "Näringsvärde per 100 gram",
    "categories": {
      "mainCategory": "Kött, Chark & Fågel",
      "subCategories": [
        {
          "name": "Pålägg",
          "subSubCategories": [
            "Pastej & paté",
            "Pastej"
          ]
        }
      ]
    }
  },
  {
    "name": "Köttbullar Stekta Färska 1kg ICA",
    "weightText": "1 kg",
    "caPart": "",
    "weightValue": 1,
    "weightUnit": "kg",
    "comparePrice": "71,95 kr/kg",
    "currentPrice": 71.95,
    "attributes": [
      "Kött från Sverige"
    ],
    "imgUrl": "https://handlaprivatkund.ica.se/images-v3/bf7a00ca-390e-4769-865f-dc369586872e/0e3af387-00b2-489e-9234-36a9c85ded27/500x500.jpg",
    "productInformation": "ICA Köttbullar färska 1 kg är klassiska köttbullar med fyllig smak och mild sälta. De passar både till vardag och till fest. Köttet kommer från våra svenska gårdar.",
    "countryText": "",
    "companyText": "ICA",
    "ingrediensText": "INGREDIENSER: Gris*- och nötkött* 73%, vatten, potatismjöl, fett från nötkött*, potatis, potatisflingor, druvsocker, joderat salt, potatisfiber, lök, pepparextrakt, svartpeppar. Friterade i animaliskt fett. *Fött, uppfött och slaktat i Sverige.",
    "storage": "",
    "allergens": "",
    "usage": "",
    "nutrition": [
      {
        "Näringsvärde": "Energi (kcal)",
        "100 Gram": "250 kcal"
      },
      {
        "Näringsvärde": "Energi (kJ)",
        "100 Gram": "1050 kJ"
      },
      {
        "Näringsvärde": "Fett",
        "100 Gram": "18 g"
      },
      {
        "Näringsvärde": "Varav mättat fett",
        "100 Gram": "7 g"
      },
      {
        "Näringsvärde": "Kolhydrat",
        "100 Gram": "9 g"
      },
      {
        "Näringsvärde": "Varav sockerarter",
        "100 Gram": "1.8 g"
      },
      {
        "Näringsvärde": "Protein",
        "100 Gram": "12 g"
      },
      {
        "Näringsvärde": "Salt",
        "100 Gram": "1.5 g"
      }
    ],
    "nutritionUnitText": "Näringsvärde per 100 gram",
    "categories": {
      "mainCategory": "Jul",
      "subCategories": [
        {
          "name": "Julmat",
          "subSubCategories": [
            "Korv, Köttbullar & Rödbetssallad",
            "Köttbullar & Rödbetssallad"
          ]
        }
      ]
    }
  },
  {
    "name": "Pulled pork med BBQ glaze 550g ICA",
    "weightText": "0.55 kg",
    "caPart": "",
    "weightValue": 0.55,
    "weightUnit": "kg",
    "comparePrice": "121,73 kr/kg",
    "currentPrice": 66.95,
    "attributes": [
      "Kött från Sverige",
      "Ursprungsland Sverige"
    ],
    "imgUrl": "https://handlaprivatkund.ica.se/images-v3/bf7a00ca-390e-4769-865f-dc369586872e/08d4deeb-7f9c-4025-9f7c-c22f50314fc3/500x500.jpg",
    "productInformation": "ICA Pulled pork låter dig få smaken av äkta tex-mex, utan besväret att koka kött i timtal. Du värmer helt enkelt upp den i ugnen, eller mikron, tillsammans med den tillhörande såsen och serverar i ett tortilliabröd tillsammans med en sallad. Toppa med syrad grädde, färsk koriander och lite färsk lime och du kan känna smaken av Mexiko!",
    "countryText": "Sverige",
    "companyText": "ICA",
    "ingrediensText": "Ingredienser:Pulled Pork: Griskött*, kryddor (paprika, chilipeppar, spiskummin, oregano, cayennepeppar, libbsticka), rapsolja, farinsocker, salt, lök, vitlök, socker, kryddextrakt (chilipeppar), rökextrakt (hickory). *Fött, uppfött och slaktat i Sverige.BBQ-sås: Vatten, socker, äppeljuicekoncentrat, tomatpuré, salt, senap (vatten, ättiksprit, SENAPSFRÖ, socker, salt, kryddor), modifierad stärkelse (E1442), krydda, lök, invertsockersirap, vitvinvinäger, färgämne (E150c, E150a), rökarom, ättiksprit, förtjockningsmedel (E415), konserveringsmedel (E202, E211), kryddextrakt (paprika, gurkmeja), arom, surhetsreglerande medel (E296), citronjuicepulver",
    "storage": "Lägsta förvaringstemperatur 0°C Högsta förvaringstemperatur 8°C",
    "allergens": "",
    "usage": "",
    "nutrition": [
      {
        "Näringsvärde": "Energi (kcal)",
        "100 Gram": "150 kcal"
      },
      {
        "Näringsvärde": "Energi (kJ)",
        "100 Gram": "600 kJ"
      },
      {
        "Näringsvärde": "Fett",
        "100 Gram": "5.8 g"
      },
      {
        "Näringsvärde": "Varav mättat fett",
        "100 Gram": "1.8 g"
      },
      {
        "Näringsvärde": "Kolhydrat",
        "100 Gram": "7.9 g"
      },
      {
        "Näringsvärde": "Varav sockerarter",
        "100 Gram": "6.5 g"
      },
      {
        "Näringsvärde": "Protein",
        "100 Gram": "16 g"
      },
      {
        "Näringsvärde": "Salt",
        "100 Gram": "1.3 g"
      }
    ],
    "nutritionUnitText": "Näringsvärde per 100 gram",
    "categories": {
      "mainCategory": "Kött, Chark & Fågel",
      "subCategories": [
        {
          "name": "Kött",
          "subSubCategories": [
            "Fläsk",
            "Färdigkryddat fläskkött"
          ]
        }
      ]
    }
  },
  {
    "name": "Kycklingkebab 275g Schysst käk",
    "weightText": "0.275 kg",
    "caPart": "",
    "weightValue": 0.275,
    "weightUnit": "kg",
    "comparePrice": "188,91 kr/kg",
    "currentPrice": 51.95,
    "attributes": [
      "Kött från Sverige",
      "Ursprungsland Sverige"
    ],
    "imgUrl": "https://handlaprivatkund.ica.se/images-v3/bf7a00ca-390e-4769-865f-dc369586872e/9cd4d0fe-ed78-4644-a1cf-89a48dd80f14/500x500.jpg",
    "productInformation": "Saftig och färsk Kycklingkebab där kyckling omsorgsfullt varvats med kryddor, lager på lager för att du ska kunna käka den godaste kycklingkebaben hemma!",
    "countryText": "Sverige",
    "companyText": "Schysst käk",
    "ingrediensText": "Kyckling* (90 %), vatten, salt, kryddor, potatisfiber, potatisstärkelse, lök, socker, jästextrakter, vitlök, druvsocker, örtkryddor, tomat, maltodextrin, kryddextrakter, konserveringsmedel (E262, E301), stabiliseringsmedel (E450, E451) , surhetsreglerandemedel (E270, E327, E330). *Ursprung: Sverige",
    "storage": "Förvaras kylt. +2°C - +8°C Lägsta förvaringstemperatur 2°C Högsta förvaringstemperatur 8°C",
    "allergens": "",
    "usage": "",
    "nutrition": [
      {
        "Näringsvärde": "Energi (kcal)",
        "100 Gram": "200 kcal"
      },
      {
        "Näringsvärde": "Energi (kJ)",
        "100 Gram": "850 kJ"
      },
      {
        "Näringsvärde": "Fett",
        "100 Gram": "13 g"
      },
      {
        "Näringsvärde": "Varav mättat fett",
        "100 Gram": "3.4 g"
      },
      {
        "Näringsvärde": "Kolhydrat",
        "100 Gram": "2.1 g"
      },
      {
        "Näringsvärde": "Varav sockerarter",
        "100 Gram": "0.9 g"
      },
      {
        "Näringsvärde": "Protein",
        "100 Gram": "18 g"
      },
      {
        "Näringsvärde": "Salt",
        "100 Gram": "2.6 g"
      }
    ],
    "nutritionUnitText": "Näringsvärde per 100 gram",
    "categories": {
      "mainCategory": "Kött, Chark & Fågel",
      "subCategories": [
        {
          "name": "Kyckling & Fågel",
          "subSubCategories": [
            "Kycklingdelar",
            "Kycklingdelar, färsk"
          ]
        }
      ]
    }
  },
  {
    "name": "Gourmetskinka Kokt Tunna Skivor 200g Pärsons",
    "weightText": "0.2 kg",
    "caPart": "",
    "weightValue": 0.2,
    "weightUnit": "kg",
    "comparePrice": "154,75 kr/kg",
    "currentPrice": 30.95,
    "attributes": [
      "Nyckelhålet",
      "Kött från Sverige",
      "Ursprungsland Sverige"
    ],
    "imgUrl": "https://handlaprivatkund.ica.se/images-v3/bf7a00ca-390e-4769-865f-dc369586872e/d762b321-0ee7-4d7f-a10d-750a08b182a4/500x500.jpg",
    "productInformation": "Varför ändra något som redan är bra? Så har vi resonerat under åren när vår kokta gourmetskinka kommit på tal. Denna svenska klassiker är en av våra mest sålda produkter. Och det är inte så konstigt, skinkan saltas och kokas mycket varsamt för att bli precis så mild och mager som du och vi vill ha den.",
    "countryText": "Sverige",
    "companyText": "Pärsons",
    "ingrediensText": "INGREDIENSER: Svensk skinka (skinkbitar 90%), koksalt, antioxidationsmedel (E326: E301: E331), druvsocker, socker, stabiliseringsmedel (E452), konserveringsmedel (E250).",
    "storage": "",
    "allergens": "",
    "usage": "",
    "nutrition": [
      {
        "Näringsvärde": "Energi (kcal)",
        "100 Gram": "90 kcal"
      },
      {
        "Näringsvärde": "Energi (kJ)",
        "100 Gram": "390 kJ"
      },
      {
        "Näringsvärde": "Fett",
        "100 Gram": "3 g"
      },
      {
        "Näringsvärde": "Varav mättat fett",
        "100 Gram": "1.4 g"
      },
      {
        "Näringsvärde": "Kolhydrat",
        "100 Gram": "1 g"
      },
      {
        "Näringsvärde": "Varav sockerarter",
        "100 Gram": "0.8 g"
      },
      {
        "Näringsvärde": "Protein",
        "100 Gram": "18 g"
      },
      {
        "Näringsvärde": "Salt",
        "100 Gram": "2.4 g"
      }
    ],
    "nutritionUnitText": "Näringsvärde per 100 gram",
    "categories": {
      "mainCategory": "Kött, Chark & Fågel",
      "subCategories": [
        {
          "name": "Pålägg",
          "subSubCategories": [
            "Skinka"
          ]
        }
      ]
    }
  },
  {
    "name": "Salami Milano 120g ICA",
    "weightText": "0.12 kg",
    "caPart": "",
    "weightValue": 0.12,
    "weightUnit": "kg",
    "comparePrice": "232,92 kr/kg",
    "currentPrice": 27.95,
    "attributes": [],
    "imgUrl": "https://handlaprivatkund.ica.se/images-v3/bf7a00ca-390e-4769-865f-dc369586872e/a162cf6d-bfac-4997-9f4e-21bc5f8c5b1e/500x500.jpg",
    "productInformation": "ICA Salami Milano är en smakrik och kryddig korv som har fått torka i den italienska solen. Perfekt på en matig lunchmacka eller på buffébordet tillsammans med andra italienska delikatesser.",
    "countryText": "",
    "companyText": "ICA",
    "ingrediensText": "Ingredienser: Griskött*, salt, druv-socker, kryddor (vitpeppar, kanel, muskot,muskotblomma, koriander, kryddnejlilka,stjärnanis, enbär, rosmarin, kummin, lagerblad), antioxidationsmedel (E301), konserveringsmedel (E252, E250), torkadvitlök, mjölksyrakultur. Till 100 g färdig produkt har 143 g köttråvara använts.*Fött, uppfött och slaktat i Italien.",
    "storage": "Lägsta förvaringstemperatur 0°C Högsta förvaringstemperatur 8°C",
    "allergens": "",
    "usage": "",
    "nutrition": [
      {
        "Näringsvärde": "Energi (kcal)",
        "100 Gram": "358 kcal"
      },
      {
        "Näringsvärde": "Energi (kJ)",
        "100 Gram": "1485 kJ"
      },
      {
        "Näringsvärde": "Fett",
        "100 Gram": "28 g"
      },
      {
        "Näringsvärde": "Varav mättat fett",
        "100 Gram": "9.8 g"
      },
      {
        "Näringsvärde": "Kolhydrat",
        "100 Gram": "0.5 g"
      },
      {
        "Näringsvärde": "Varav sockerarter",
        "100 Gram": "0.5 g"
      },
      {
        "Näringsvärde": "Protein",
        "100 Gram": "27 g"
      },
      {
        "Näringsvärde": "Salt",
        "100 Gram": "3.9 g"
      }
    ],
    "nutritionUnitText": "",
    "categories": {
      "mainCategory": "Kött, Chark & Fågel",
      "subCategories": [
        {
          "name": "Pålägg",
          "subSubCategories": [
            "Salami"
          ]
        }
      ]
    }
  },
  {
    "name": "Lindösalami Peppar i skivor ca 3g Lönneberga",
    "weightText": "Ca 0.003 kg",
    "caPart": "Ca",
    "weightValue": 0.003,
    "weightUnit": "kg",
    "comparePrice": "329,50 kr/kg",
    "currentPrice": 0.99,
    "attributes": [],
    "imgUrl": "https://handlaprivatkund.ica.se/images-v3/bf7a00ca-390e-4769-865f-dc369586872e/2bb6605f-9ce4-44b0-a405-5f600a5b0074/500x500.jpg",
    "productInformation": "En mager salami, tillverkad av fint fläsk- och nötkött, som röks i en hel vecka. Salamin får hänga och lufttorka i ytterligare 5-6 veckor för att smaken ska kunna mogna fram i lugn och ro. Till sist får salamin ett pikant hölje av peppar.",
    "countryText": "",
    "companyText": "Lönneberga",
    "ingrediensText": "Griskött*, nötkött*, salt, svartpeppar (2,2%), gelatin, druvsocker, kryddor (koriander, vitpeppar, vitlök), surhetsreglerande medel (E575), antioxidationsmedel (E300, E301), konserveringsmedel (E250). *Fött, uppfött och slaktat i Sverige. Till 100g färdig produkt har använts 130g köttråvara.",
    "storage": "Förvaring: Rumstemperatur",
    "allergens": "",
    "usage": "",
    "nutrition": [],
    "nutritionUnitText": "",
    "categories": {
      "mainCategory": "Butikens egna varor",
      "subCategories": [
        {
          "name": "Egen delikatesschark",
          "subSubCategories": [
            "Salami"
          ]
        }
      ]
    }
  },
  {
    "name": "Grillad kyckling 120g ICA",
    "weightText": "0.12 kg",
    "caPart": "",
    "weightValue": 0.12,
    "weightUnit": "kg",
    "comparePrice": "216,25 kr/kg",
    "currentPrice": 25.95,
    "attributes": [
      "Från Sverige",
      "Nyckelhålet",
      "Ursprungsland Sverige"
    ],
    "imgUrl": "https://handlaprivatkund.ica.se/images-v3/bf7a00ca-390e-4769-865f-dc369586872e/1d8bb64d-d223-46a1-9e1d-8c8e5e04d240/500x500.jpg",
    "productInformation": "ICA Grillad kyckling är omsorgsfullt grillad för att få saftig smak och fin konsistens. Den passar både på smörgåsen, pizzan eller i en sallad. Dessutom lyfter den snabbt mellanmålsknäcket till en ny nivå tillsammans med lite cottage cheese och någon skiva paprika. Smarrigt och enkelt!",
    "countryText": "Sverige",
    "companyText": "ICA",
    "ingrediensText": "Ingredienser: Kyckling* 95%, salt, grillkrydda (salt, glukossirap, lök, druvsocker, socker**, vitlök, kryddextrakt, antioxidationsmedel (E330)), socker**, antioxidationsmedel (E331, E301), stabiliseringsmedel (E450), konserveringsmedel (E250).*Fött, uppfött och slaktat i Sverige.**Ursprung Sverige.",
    "storage": "Lägsta förvaringstemperatur 0°C Högsta förvaringstemperatur 8°C",
    "allergens": "",
    "usage": "",
    "nutrition": [
      {
        "Näringsvärde": "Energi (kcal)",
        "100 Gram": "92 kcal"
      },
      {
        "Näringsvärde": "Energi (kJ)",
        "100 Gram": "390 kJ"
      },
      {
        "Näringsvärde": "Fett",
        "100 Gram": "1.5 g"
      },
      {
        "Näringsvärde": "Varav mättat fett",
        "100 Gram": "0.5 g"
      },
      {
        "Näringsvärde": "Kolhydrat",
        "100 Gram": "2.2 g"
      },
      {
        "Näringsvärde": "Varav sockerarter",
        "100 Gram": "0.8 g"
      },
      {
        "Näringsvärde": "Protein",
        "100 Gram": "17 g"
      },
      {
        "Näringsvärde": "Salt",
        "100 Gram": "2.5 g"
      }
    ],
    "nutritionUnitText": "Näringsvärde per 100 gram",
    "categories": {
      "mainCategory": "Kött, Chark & Fågel",
      "subCategories": [
        {
          "name": "Pålägg",
          "subSubCategories": [
            "Fågel"
          ]
        }
      ]
    }
  },
  {
    "name": "Chicken nuggets Fryst 1kg ICA Basic",
    "weightText": "1 kg",
    "caPart": "",
    "weightValue": 1,
    "weightUnit": "kg",
    "comparePrice": "42,95 kr/kg",
    "currentPrice": 42.95,
    "attributes": [],
    "imgUrl": "https://handlaprivatkund.ica.se/images-v3/bf7a00ca-390e-4769-865f-dc369586872e/86be73ff-9926-4015-9e63-e4026c0619e0/500x500.jpg",
    "productInformation": "Goda och krispiga chicken nuggets som alla gillar. Servera med till exempel ris eller potatis samt valfri dipsås. Halal.",
    "countryText": "Tyskland",
    "companyText": "ICA Basic",
    "ingrediensText": "Maskinurbenat kycklingkött* (44%), panering (VETEMJÖL, vatten, modifierad VETESTÄRKELSE, majsmjöl, salt, bakpulver, jäst, druvsocker), rapsolja, vatten, VETEMJÖL, VETESTÄRKELSE, salt, jästextrakt, druvsocker, jäst. *Fött, uppfött och slaktat i Tyskland.",
    "storage": "Lägsta förvaringstemperatur -25°C Högsta förvaringstemperatur -18°C",
    "allergens": "Innehåller Spannmål som innehåller gluten Innehåller Vete",
    "usage": "",
    "nutrition": [
      {
        "Näringsvärde": "Energi (kcal)",
        "100 Gram": "238 kcal"
      },
      {
        "Näringsvärde": "Energi (kJ)",
        "100 Gram": "995 kJ"
      },
      {
        "Näringsvärde": "Fett",
        "100 Gram": "12 g"
      },
      {
        "Näringsvärde": "Varav mättat fett",
        "100 Gram": "1.8 g"
      },
      {
        "Näringsvärde": "Kolhydrat",
        "100 Gram": "22 g"
      },
      {
        "Näringsvärde": "Varav sockerarter",
        "100 Gram": "0.6 g"
      },
      {
        "Näringsvärde": "Protein",
        "100 Gram": "10 g"
      },
      {
        "Näringsvärde": "Salt",
        "100 Gram": "1.1 g"
      }
    ],
    "nutritionUnitText": "Näringsvärde per 100 gram",
    "categories": {
      "mainCategory": "Fryst",
      "subCategories": [
        {
          "name": "Fryst fågel",
          "subSubCategories": [
            "Fryst kyckling färdigmat"
          ]
        }
      ]
    }
  },
  {
    "name": "Leverpastej Original Bredbar 200g ICA",
    "weightText": "0.2 kg",
    "caPart": "",
    "weightValue": 0.2,
    "weightUnit": "kg",
    "comparePrice": "64,75 kr/kg",
    "currentPrice": 12.95,
    "attributes": [
      "Kött från Sverige",
      "Ursprungsland Sverige"
    ],
    "imgUrl": "https://handlaprivatkund.ica.se/images-v3/bf7a00ca-390e-4769-865f-dc369586872e/7be75f97-5169-446b-9828-a555a543a160/500x500.jpg",
    "productInformation": "ICA Leverpastej passar perfekt på frukostmackan med smörgåsgurka eller varför inte i smörgåstårtan. Leverpastej är en källa till järn.",
    "countryText": "Sverige",
    "companyText": "ICA",
    "ingrediensText": "Grislever* (30%), fett från gris*, vatten, potatismjöl, MJÖLK**, socker, salt, rapsolja, lökpulver, lökpulver, kryddor (ingefära, kardemumma), kryddextrakt (muskotnöt, nejlika, svartpeppar, timjan), antioxidationsmedel (E300), konserveringsmedel (E250). *Fött, uppfött och slaktat i Sverige. **Ursprung Sverige.",
    "storage": "Kylvara högst +8°CBäst före: datumstämpel på sidan.Bäst före-datum avser oöppnad förpackning.",
    "allergens": "",
    "usage": "",
    "nutrition": [
      {
        "Näringsvärde": "Energi (kcal)",
        "100 Gram": "274 kcal"
      },
      {
        "Näringsvärde": "Energi (kJ)",
        "100 Gram": "1135 kJ"
      },
      {
        "Näringsvärde": "Fett",
        "100 Gram": "23 g"
      },
      {
        "Näringsvärde": "Varav mättat fett",
        "100 Gram": "8.7 g"
      },
      {
        "Näringsvärde": "Kolhydrat",
        "100 Gram": "8.1 g"
      },
      {
        "Näringsvärde": "Varav sockerarter",
        "100 Gram": "2.5 g"
      },
      {
        "Näringsvärde": "Protein",
        "100 Gram": "8.6 g"
      },
      {
        "Näringsvärde": "Salt",
        "100 Gram": "1.4 g"
      },
      {
        "Näringsvärde": "Järn",
        "100 Gram": "5.6 mg",
        "% av DRI(*)": "40"
      }
    ],
    "nutritionUnitText": "Näringsvärde per 100 gram",
    "categories": {
      "mainCategory": "Kött, Chark & Fågel",
      "subCategories": [
        {
          "name": "Pålägg",
          "subSubCategories": [
            "Pastej & paté",
            "Pastej"
          ]
        }
      ]
    }
  },
  {
    "name": "Leverpastej Bredbar 2x75g Pastejköket",
    "weightText": "0.15 kg",
    "caPart": "",
    "weightValue": 0.15,
    "weightUnit": "kg",
    "comparePrice": "93,00 kr/kg",
    "currentPrice": 13.95,
    "attributes": [
      "Kött från Sverige",
      "Ursprungsland Sverige"
    ],
    "imgUrl": "https://handlaprivatkund.ica.se/images-v3/bf7a00ca-390e-4769-865f-dc369586872e/3cc0fc2e-f731-4b6e-8a81-bd30e17af42a/500x500.jpg",
    "productInformation": "Pastejköket bredbar leverpastej, favoriten på svenskarnas frukostbord sdan 1970. Krämig med en mild leversmak och bra källa till järn. Denna variant i vår populära duopack för den som vill spara lite till ett senare tillfälle.",
    "countryText": "Sverige",
    "companyText": "Pastejköket",
    "ingrediensText": "Fett från gris*, grislever* (30%), MJÖLK*, vatten, potatismjöl, socker, salt, lök, maltodextrin, kryddor och kryddextrakt (bl.a. pomerans, ingefära, kryddpeppar, lagerblad, cayenne, kryddnejlika, muskotnöt, muskotblomma, svartpeppar), konserveringsmedel (E250). *Svensk råvara.",
    "storage": "Kylvara: Förvaras vid högst +8°C.",
    "allergens": "",
    "usage": "Öppnad förpackning högst +8°C , 5-7 dagar.",
    "nutrition": [
      {
        "Näringsvärde": "Energi (kcal)",
        "100 Gram": "280 kcal"
      },
      {
        "Näringsvärde": "Energi (kJ)",
        "100 Gram": "1200 kJ"
      },
      {
        "Näringsvärde": "Fett",
        "100 Gram": "24 g"
      },
      {
        "Näringsvärde": "Varav mättat fett",
        "100 Gram": "9.4 g"
      },
      {
        "Näringsvärde": "Kolhydrat",
        "100 Gram": "9 g"
      },
      {
        "Näringsvärde": "Varav sockerarter",
        "100 Gram": "4 g"
      },
      {
        "Näringsvärde": "Protein",
        "100 Gram": "9 g"
      },
      {
        "Näringsvärde": "Salt",
        "100 Gram": "2 g"
      },
      {
        "Näringsvärde": "Järn",
        "100 Gram": "5.6 mg",
        "% av DRI(*)": "40"
      }
    ],
    "nutritionUnitText": "Näringsvärde per 100 gram",
    "categories": {
      "mainCategory": "Kött, Chark & Fågel",
      "subCategories": [
        {
          "name": "Pålägg",
          "subSubCategories": [
            "Pastej & paté",
            "Pastej"
          ]
        }
      ]
    }
  },
  {
    "name": "Lantskinka Kokt 120g ICA",
    "weightText": "0.12 kg",
    "caPart": "",
    "weightValue": 0.12,
    "weightUnit": "kg",
    "comparePrice": "191,25 kr/kg",
    "currentPrice": 22.95,
    "attributes": [
      "Nyckelhålet",
      "Kött från Sverige",
      "Ursprungsland Sverige"
    ],
    "imgUrl": "https://handlaprivatkund.ica.se/images-v3/bf7a00ca-390e-4769-865f-dc369586872e/45ad4d1a-6391-4a5f-b292-2f9e9e779110/500x500.jpg",
    "productInformation": "ICA Lantskinka Kokt är en svensk skinka med mild och fin smak. Den passar till det mesta, både på frukostmackan och i maten.",
    "countryText": "Sverige",
    "companyText": "ICA",
    "ingrediensText": "Ingredienser: Skinka av gris* (helmuskel) 95%, salt, stabiliseringsmedel (E451), potatismjöl, druvsocker, potatisfiber, socker**, antioxidationssmedel (E301), konserveringsmedel (E250).*Fött uppfött och slaktat i Sverige.**Ursprung Sverige.",
    "storage": "Lägsta förvaringstemperatur 0°C Högsta förvaringstemperatur 8°C",
    "allergens": "",
    "usage": "",
    "nutrition": [
      {
        "Näringsvärde": "Energi (kcal)",
        "100 Gram": "96 kcal"
      },
      {
        "Näringsvärde": "Energi (kJ)",
        "100 Gram": "400 kJ"
      },
      {
        "Näringsvärde": "Fett",
        "100 Gram": "1.9 g"
      },
      {
        "Näringsvärde": "Varav mättat fett",
        "100 Gram": "0.4 g"
      },
      {
        "Näringsvärde": "Kolhydrat",
        "100 Gram": "1 g"
      },
      {
        "Näringsvärde": "Varav sockerarter",
        "100 Gram": "0.5 g"
      },
      {
        "Näringsvärde": "Protein",
        "100 Gram": "18 g"
      },
      {
        "Näringsvärde": "Salt",
        "100 Gram": "2.1 g"
      }
    ],
    "nutritionUnitText": "Näringsvärde per 100 gram",
    "categories": {
      "mainCategory": "Kött, Chark & Fågel",
      "subCategories": [
        {
          "name": "Pålägg",
          "subSubCategories": [
            "Skinka"
          ]
        }
      ]
    }
  },
  {
    "name": "Nötfärs Färsk 15% 500g KRAV ICA I love eco",
    "weightText": "0.5 kg",
    "caPart": "",
    "weightValue": 0.5,
    "weightUnit": "kg",
    "comparePrice": "165,90 kr/kg",
    "currentPrice": 82.95,
    "attributes": [
      "EU Ekologiskt",
      "Kött från Sverige",
      "Ekologiskt",
      "KRAV"
    ],
    "imgUrl": "https://handlaprivatkund.ica.se/images-v3/bf7a00ca-390e-4769-865f-dc369586872e/8eedd6b5-9e4e-48f3-954e-68b8424e4d9c/500x500.jpg",
    "productInformation": "KRAV-märkt nötfärs med 15 % fetthalt från svenska gårdar.",
    "countryText": "",
    "companyText": "ICA I love eco",
    "ingrediensText": "Finmald färs av nöt**. **Fött, uppfött, slaktat och styckat i Sverige. Berett (malet) i Sverige 507.",
    "storage": "",
    "allergens": "",
    "usage": "",
    "nutrition": [
      {
        "Näringsvärde": "Energi (kcal)",
        "100 Gram": "213 kcal"
      },
      {
        "Näringsvärde": "Energi (kJ)",
        "100 Gram": "884 kJ"
      },
      {
        "Näringsvärde": "Fett",
        "100 Gram": "15 g"
      },
      {
        "Näringsvärde": "Varav mättat fett",
        "100 Gram": "6.6 g"
      },
      {
        "Näringsvärde": "Kolhydrat",
        "100 Gram": "0.5 g"
      },
      {
        "Näringsvärde": "Varav sockerarter",
        "100 Gram": "0.5 g"
      },
      {
        "Näringsvärde": "Protein",
        "100 Gram": "19 g"
      },
      {
        "Näringsvärde": "Salt",
        "100 Gram": "0.2 g"
      }
    ],
    "nutritionUnitText": "Näringsvärde per 100 gram",
    "categories": {
      "mainCategory": "Kött, Chark & Fågel",
      "subCategories": [
        {
          "name": "Köttfärs",
          "subSubCategories": [
            "Nötfärs"
          ]
        }
      ]
    }
  },
  {
    "name": "Skinka Extrarökt Tunna Skivor 200g ICA",
    "weightText": "0.2 kg",
    "caPart": "",
    "weightValue": 0.2,
    "weightUnit": "kg",
    "comparePrice": "119,75 kr/kg",
    "currentPrice": 23.95,
    "attributes": [
      "Nyckelhålet",
      "Kött från Sverige"
    ],
    "imgUrl": "https://handlaprivatkund.ica.se/images-v3/bf7a00ca-390e-4769-865f-dc369586872e/b2ef2dd8-56c7-4272-8d2a-601633fd5314/500x500.jpg",
    "productInformation": "ICA Extrarökt Skinka är skivad och har tydlig röksmak. Skinkan passar på smörgås och gärna i en broccolipaj med lagrad smakrik ost.",
    "countryText": "",
    "companyText": "ICA",
    "ingrediensText": "Ingredienser: Skinka av gris* (helmuskel) 88%, vatten, salt, stabiliseringsmedel (E451), potatismjöl, druvsocker, potatisfiber, socker, antioxidationsmedel (E301), konserveringsmedel (E250). *Fött, uppfött och slaktat i Sverige.",
    "storage": "Lägsta förvaringstemperatur 0°C Högsta förvaringstemperatur 8°C",
    "allergens": "",
    "usage": "",
    "nutrition": [
      {
        "Näringsvärde": "Energi (kcal)",
        "100 Gram": "90 kcal"
      },
      {
        "Näringsvärde": "Energi (kJ)",
        "100 Gram": "381 kJ"
      },
      {
        "Näringsvärde": "Fett",
        "100 Gram": "1.1 g"
      },
      {
        "Näringsvärde": "Varav mättat fett",
        "100 Gram": "0.4 g"
      },
      {
        "Näringsvärde": "Kolhydrat",
        "100 Gram": "2 g"
      },
      {
        "Näringsvärde": "Varav sockerarter",
        "100 Gram": "0.5 g"
      },
      {
        "Näringsvärde": "Protein",
        "100 Gram": "18 g"
      },
      {
        "Näringsvärde": "Salt",
        "100 Gram": "2.1 g"
      }
    ],
    "nutritionUnitText": "",
    "categories": {
      "mainCategory": "Kött, Chark & Fågel",
      "subCategories": [
        {
          "name": "Pålägg",
          "subSubCategories": [
            "Skinka"
          ]
        }
      ]
    }
  },
  {
    "name": "Chorizo Cayenne Paprika 75% Kötthalt 300g Scan",
    "weightText": "0.3 kg",
    "caPart": "",
    "weightValue": 0.3,
    "weightUnit": "kg",
    "comparePrice": "116,50 kr/kg",
    "currentPrice": 34.95,
    "attributes": [
      "Glutenfritt",
      "Kött från Sverige",
      "Ursprungsland Sverige",
      "Laktosfritt"
    ],
    "imgUrl": "https://handlaprivatkund.ica.se/images-v3/bf7a00ca-390e-4769-865f-dc369586872e/fb738536-a5d7-4af9-bc26-22c5e1aa65c8/500x500.jpg",
    "productInformation": "Chorizo är en kryddstarkare varmrökt korv som är smaksatt med vitlök, cayenne och paprika. En favorit bland våra kryddiga korvar. Perfekt på grillen på sommaren eller i stekpannan till hösten. Våra korvar innehåller bara svenskt kött från våra gårdar. Denna korv är fri från gluten, laktos, ägg-, soja-, mjölk- och ärtprotein",
    "countryText": "Sverige",
    "companyText": "Scan",
    "ingrediensText": "INGREDIENSER: Svenskt gris- och nötkött (75%)*, vatten, potatismjöl, salt, fett från nötkött*, kryddor, druvsocker, paprika, cayennepeppar, vitlök, lök, kryddextrakt (rosmarin), arom, stabiliseringsmedel E450, antioxidationsmedel E300, konserveringsmedel E250, grisfjälster, rökarom. *Ursprung: Sverige.",
    "storage": "",
    "allergens": "",
    "usage": "",
    "nutrition": [
      {
        "Näringsvärde": "Energi (kcal)",
        "100 Gram": "250 kcal"
      },
      {
        "Näringsvärde": "Energi (kJ)",
        "100 Gram": "1050 kJ"
      },
      {
        "Näringsvärde": "Fett",
        "100 Gram": "21 g"
      },
      {
        "Näringsvärde": "Varav mättat fett",
        "100 Gram": "7.5 g"
      },
      {
        "Näringsvärde": "Kolhydrat",
        "100 Gram": "4.9 g"
      },
      {
        "Näringsvärde": "Varav sockerarter",
        "100 Gram": "0.6 g"
      },
      {
        "Näringsvärde": "Protein",
        "100 Gram": "12 g"
      },
      {
        "Näringsvärde": "Salt",
        "100 Gram": "1.8 g"
      }
    ],
    "nutritionUnitText": "Näringsvärde per 100 gram",
    "categories": {
      "mainCategory": "Kött, Chark & Fågel",
      "subCategories": [
        {
          "name": "Korv",
          "subSubCategories": [
            "Kryddkorv"
          ]
        }
      ]
    }
  },
  {
    "name": "Kycklingfärs 500g ICA Gott Liv",
    "weightText": "0.5 kg",
    "caPart": "",
    "weightValue": 0.5,
    "weightUnit": "kg",
    "comparePrice": "97,00 kr/kg",
    "currentPrice": 48.5,
    "attributes": [
      "Nyckelhålet",
      "Ursprungsland Sverige",
      "Svensk Fågel"
    ],
    "imgUrl": "https://images.ctfassets.net/l3dfc9zfaimi/qZc37LgTPPuZhIUMEbPJx/d4918e773827f51582d837109cfcb604/jul-25-produktdetaljbanner-insamlingen-desktop.jpg",
    "productInformation": "Kycklingfärs passar att använda på samma sätt som vanlig köttfärs, gör till exempel en kycklngfärssås eller prova biffar på kycklingfärs!",
    "countryText": "Sverige",
    "companyText": "ICA Gott Liv",
    "ingrediensText": "Kycklingfärs av 100% kycklingkött*Fetthalt lägre än 7%.Förhållandet mellan kollagen och köttprotein lägre än 12%.*Född, uppfödd och slaktad i Sverige.",
    "storage": "Kylvara förvaras i max 4° C.",
    "allergens": "",
    "usage": "Sista förbrukningsdag gäller obruten förpackning.",
    "nutrition": [
      {
        "Näringsvärde": "Energi (kcal)",
        "100 Gram": "110 kcal"
      },
      {
        "Näringsvärde": "Energi (kJ)",
        "100 Gram": "480 kJ"
      },
      {
        "Näringsvärde": "Fett",
        "100 Gram": "4 g"
      },
      {
        "Näringsvärde": "Varav mättat fett",
        "100 Gram": "1.1 g"
      },
      {
        "Näringsvärde": "Kolhydrat",
        "100 Gram": "0.5 g"
      },
      {
        "Näringsvärde": "Varav sockerarter",
        "100 Gram": "0.5 g"
      },
      {
        "Näringsvärde": "Protein",
        "100 Gram": "19 g"
      },
      {
        "Näringsvärde": "Salt",
        "100 Gram": "0.2 g"
      }
    ],
    "nutritionUnitText": "Näringsvärde per 100 gram",
    "categories": {
      "mainCategory": "Jul",
      "subCategories": [
        {
          "name": "Julens godaste varor",
          "subSubCategories": []
        }
      ]
    }
  },
  {
    "name": "Rostbiff 100g ICA",
    "weightText": "0.1 kg",
    "caPart": "",
    "weightValue": 0.1,
    "weightUnit": "kg",
    "comparePrice": "345,00 kr/kg",
    "currentPrice": 34.5,
    "attributes": [
      "Nyckelhålet",
      "Kött från Sverige",
      "Ursprungsland Sverige"
    ],
    "imgUrl": "https://handlaprivatkund.ica.se/images-v3/bf7a00ca-390e-4769-865f-dc369586872e/dfce483b-1c1c-4db7-be0a-a849194239d9/500x500.jpg",
    "productInformation": "ICA Rostbiff har den klassiska kryddningen som för tankarna till sommarens picknickar, där den är i gott sällskap av en krämig potatissallad. Men rostbiff har så många fler användningsområden än så. Den blir till exempel perfekt på ett smörrebröd som du enkelt gör på en skiva danskt rågbröd tillsammans med äpple, rostad lök och en handfull hackad persilja. Den passar också utmärkt att servera till en potatisgratäng och sallad.",
    "countryText": "Sverige",
    "companyText": "ICA",
    "ingrediensText": "Ingredienser: Nötkött* 95%, salt, kryddor (svartpeppar, chilipulver, spiskummin, vitlök) kryddextrakt (libbsticka), stabiliseringsmedel (E451), potatismjöl, druvsocker, potatisfiber, antioxidationsmedel (E301), socker**. *Fött, uppfött och slaktat i Sverige.**Ursprung Sverige.",
    "storage": "Lägsta förvaringstemperatur 0°C Högsta förvaringstemperatur 8°C",
    "allergens": "",
    "usage": "",
    "nutrition": [
      {
        "Näringsvärde": "Energi (kcal)",
        "100 Gram": "130 kcal"
      },
      {
        "Näringsvärde": "Energi (kJ)",
        "100 Gram": "540 kJ"
      },
      {
        "Näringsvärde": "Fett",
        "100 Gram": "1.2 g"
      },
      {
        "Näringsvärde": "Varav mättat fett",
        "100 Gram": "0.5 g"
      },
      {
        "Näringsvärde": "Kolhydrat",
        "100 Gram": "0.5 g"
      },
      {
        "Näringsvärde": "Varav sockerarter",
        "100 Gram": "0.5 g"
      },
      {
        "Näringsvärde": "Protein",
        "100 Gram": "27 g"
      },
      {
        "Näringsvärde": "Salt",
        "100 Gram": "1.7 g"
      }
    ],
    "nutritionUnitText": "Näringsvärde per 100 gram",
    "categories": {
      "mainCategory": "Kött, Chark & Fågel",
      "subCategories": [
        {
          "name": "Pålägg",
          "subSubCategories": [
            "Rostbiff & pastrami"
          ]
        }
      ]
    }
  },
  {
    "name": "Prosciutto Crudo 120g ICA",
    "weightText": "0.12 kg",
    "caPart": "",
    "weightValue": 0.12,
    "weightUnit": "kg",
    "comparePrice": "507,92 kr/kg",
    "currentPrice": 60.95,
    "attributes": [],
    "imgUrl": "https://handlaprivatkund.ica.se/images-v3/bf7a00ca-390e-4769-865f-dc369586872e/1bb5af29-4aef-4c82-a396-77769cdd1404/500x500.jpg",
    "productInformation": "ICA Prosciutto Crudo är en lufttorkad och lagrad skinka som nästan är ett måste på charkbrickan. Duka fram den rumstempererad på en bricka tillsammans med andra italienska delikatesser och förrätten är klar. Använd det som blir över som topping på pizzan, i salladen eller till helgens lyxiga frukost.",
    "countryText": "Italien",
    "companyText": "ICA",
    "ingrediensText": "Ingredienser: Skinka av gris (helmuskel)*, salt. *Fött, uppfött och slaktat i Danmark. Till 100 g färdig produkt har 140 g köttråvara använts.",
    "storage": "",
    "allergens": "",
    "usage": "",
    "nutrition": [],
    "nutritionUnitText": "Näringsvärde per 100 gram",
    "categories": {
      "mainCategory": "Kött, Chark & Fågel",
      "subCategories": [
        {
          "name": "Delikatesschark",
          "subSubCategories": [
            "Lufttorkad skinka"
          ]
        }
      ]
    }
  },
  {
    "name": "Kycklingbröstfilé grillad skivad 200g Guldfågeln",
    "weightText": "0.2 kg",
    "caPart": "",
    "weightValue": 0.2,
    "weightUnit": "kg",
    "comparePrice": "227,50 kr/kg",
    "currentPrice": 45.5,
    "attributes": [
      "Nyckelhålet",
      "Svensk Fågel"
    ],
    "imgUrl": "https://handlaprivatkund.ica.se/images-v3/bf7a00ca-390e-4769-865f-dc369586872e/ab83b345-3087-4027-83bb-0daa6a35aea3/500x500.jpg",
    "productInformation": "",
    "countryText": "",
    "companyText": "Guldfågeln",
    "ingrediensText": "Kycklingbröstfilé, potatisstärkelse, salt, kryddor och kryddextrakter (cayenne, ingefära, koriander, lagerblad, muskotnöt, paprika, peppar, rosmarin, spiskummin, vitlök), rapsolja, glukossirap, lök, vinäger, kycklingbuljong, stabiliseringsmedel (E451, E450), jästextrakt, antioxidationsmedel (E301). Till 100 g produkt har använts 100 g kycklingbröstfilé.",
    "storage": "",
    "allergens": "",
    "usage": "",
    "nutrition": [
      {
        "Näringsvärde": "Energi (kcal)",
        "100 Gram": "140 kcal"
      },
      {
        "Näringsvärde": "Energi (kJ)",
        "100 Gram": "600 kJ"
      },
      {
        "Näringsvärde": "Fett",
        "100 Gram": "3.5 g"
      },
      {
        "Näringsvärde": "Varav mättat fett",
        "100 Gram": "1.1 g"
      },
      {
        "Näringsvärde": "Kolhydrat",
        "100 Gram": "3.4 g"
      },
      {
        "Näringsvärde": "Varav sockerarter",
        "100 Gram": "0.5 g"
      },
      {
        "Näringsvärde": "Protein",
        "100 Gram": "23 g"
      },
      {
        "Näringsvärde": "Salt",
        "100 Gram": "1.7 g"
      }
    ],
    "nutritionUnitText": "Näringsvärde per 100 gram",
    "categories": {
      "mainCategory": "Kött, Chark & Fågel",
      "subCategories": [
        {
          "name": "Kyckling & Fågel",
          "subSubCategories": [
            "Förberedd fågel",
            "Grillad fågel"
          ]
        }
      ]
    }
  },
  {
    "name": "Köttbullar Delikatess Stekta 75% Kötthalt 450g Scan",
    "weightText": "0.45 kg",
    "caPart": "",
    "weightValue": 0.45,
    "weightUnit": "kg",
    "comparePrice": "151,00 kr/kg",
    "currentPrice": 67.95,
    "attributes": [
      "Kött från Sverige",
      "Ursprungsland Sverige"
    ],
    "imgUrl": "https://handlaprivatkund.ica.se/images-v3/bf7a00ca-390e-4769-865f-dc369586872e/ed4c23e7-ca62-42b0-a362-91947059a16e/500x500.jpg",
    "productInformation": "Våra smakrika delikatessköttbullar är lite mindre köttbullar som har en extra hög kötthalt och bjuder på en härligt god och fyllig smak. Och självklart kommer köttet enbart från djur på svenska gårdar.",
    "countryText": "Sverige",
    "companyText": "Scan",
    "ingrediensText": "INGREDIENSER: Svenskt nöt- och griskött (75%), potatis, lök, ÄGG, MJÖLKPULVER, VASSLEPULVER, salt, kryddor, arom. Stekta i animaliskt fett. *Ursprung: Sverige.",
    "storage": "",
    "allergens": "",
    "usage": "",
    "nutrition": [
      {
        "Näringsvärde": "Energi (kcal)",
        "100 Gram": "250 kcal"
      },
      {
        "Näringsvärde": "Energi (kJ)",
        "100 Gram": "1000 kJ"
      },
      {
        "Näringsvärde": "Fett",
        "100 Gram": "18 g"
      },
      {
        "Näringsvärde": "Varav mättat fett",
        "100 Gram": "8 g"
      },
      {
        "Näringsvärde": "Kolhydrat",
        "100 Gram": "5 g"
      },
      {
        "Näringsvärde": "Varav sockerarter",
        "100 Gram": "0.5 g"
      },
      {
        "Näringsvärde": "Protein",
        "100 Gram": "15 g"
      },
      {
        "Näringsvärde": "Salt",
        "100 Gram": "2 g"
      }
    ],
    "nutritionUnitText": "Näringsvärde per 100 gram",
    "categories": {
      "mainCategory": "Jul",
      "subCategories": [
        {
          "name": "Julmat",
          "subSubCategories": [
            "Korv, Köttbullar & Rödbetssallad",
            "Köttbullar & Rödbetssallad"
          ]
        }
      ]
    }
  },
  {
    "name": "Grillkorv Bacon & Ost 59% Kötthalt 480g Scan",
    "weightText": "0.48 kg",
    "caPart": "",
    "weightValue": 0.48,
    "weightUnit": "kg",
    "comparePrice": "99,90 kr/kg",
    "currentPrice": 47.95,
    "attributes": [],
    "imgUrl": "https://handlaprivatkund.ica.se/images-v3/bf7a00ca-390e-4769-865f-dc369586872e/1297e74b-daff-4c16-9cb3-0630060b7151/500x500.jpg",
    "productInformation": "Grillkorv som innehåller bacon och ost. Passar för grill och stekpanna. Gör en pastasallad med grillad korv och stekt bacon, parmesan och grönsaker.",
    "countryText": "",
    "companyText": "Scan",
    "ingrediensText": "INGREDIENSER: Svenskt gris-och nötkött (54%), OST (11%), vatten, potatismjöl, fett från gris- och nötkött, bacon (5%), salt, lök, kryddor, baconarom, koriander, bockhornsklöverfrö, kryddextrakt, jästextrakt, druvsocker, socker, köttextrakt, vegetabiliskt koncentrat, balsamvinäger, surhetsreglerande medel E330, antioxidationsmedel E326:E300, konserveringsmedel E261:E250, kollagentarm, rökarom.",
    "storage": "",
    "allergens": "",
    "usage": "",
    "nutrition": [
      {
        "Näringsvärde": "Energi (kcal)",
        "100 Gram": "270 kcal"
      },
      {
        "Näringsvärde": "Energi (kJ)",
        "100 Gram": "1140 kJ"
      },
      {
        "Näringsvärde": "Fett",
        "100 Gram": "22 g"
      },
      {
        "Näringsvärde": "Varav mättat fett",
        "100 Gram": "9 g"
      },
      {
        "Näringsvärde": "Kolhydrat",
        "100 Gram": "7 g"
      },
      {
        "Näringsvärde": "Varav sockerarter",
        "100 Gram": "0.5 g"
      },
      {
        "Näringsvärde": "Protein",
        "100 Gram": "12 g"
      },
      {
        "Näringsvärde": "Salt",
        "100 Gram": "2.1 g"
      }
    ],
    "nutritionUnitText": "Näringsvärde per 100 gram",
    "categories": {
      "mainCategory": "Kött, Chark & Fågel",
      "subCategories": [
        {
          "name": "Korv",
          "subSubCategories": [
            "Grillkorv"
          ]
        }
      ]
    }
  },
  {
    "name": "Kalkon Rökt Tunna Skivor 200g ICA",
    "weightText": "0.2 kg",
    "caPart": "",
    "weightValue": 0.2,
    "weightUnit": "kg",
    "comparePrice": "199,75 kr/kg",
    "currentPrice": 39.95,
    "attributes": [
      "Från Sverige",
      "Nyckelhålet"
    ],
    "imgUrl": "https://handlaprivatkund.ica.se/images-v3/bf7a00ca-390e-4769-865f-dc369586872e/e264f027-41c2-40fb-ac28-24cfb2ea105b/500x500.jpg",
    "productInformation": "ICA Kalkonbröst är svensk, rökt och skivad kalkon som passar både på smörgåsen och i matlagning. Testa till exempel att ha den i en pastasås eller på den hemgjorda pizzan.",
    "countryText": "",
    "companyText": "ICA",
    "ingrediensText": "Ingredienser:Kalkonbröst* 81%, vatten, salt, antioxidationsmedel (E331, E301), socker, stabiliseringsmedel (E450), konserveringsmedel (E250). *Fött, uppfött och slaktat i Sverige.",
    "storage": "Lägsta förvaringstemperatur 0°C Högsta förvaringstemperatur 8°C",
    "allergens": "",
    "usage": "",
    "nutrition": [
      {
        "Näringsvärde": "Energi (kcal)",
        "100 Gram": "100 kcal"
      },
      {
        "Näringsvärde": "Energi (kJ)",
        "100 Gram": "422 kJ"
      },
      {
        "Näringsvärde": "Fett",
        "100 Gram": "1.1 g"
      },
      {
        "Näringsvärde": "Varav mättat fett",
        "100 Gram": "0.3 g"
      },
      {
        "Näringsvärde": "Kolhydrat",
        "100 Gram": "1.2 g"
      },
      {
        "Näringsvärde": "Varav sockerarter",
        "100 Gram": "0.7 g"
      },
      {
        "Näringsvärde": "Protein",
        "100 Gram": "21 g"
      },
      {
        "Näringsvärde": "Salt",
        "100 Gram": "2.2 g"
      }
    ],
    "nutritionUnitText": "",
    "categories": {
      "mainCategory": "Kött, Chark & Fågel",
      "subCategories": [
        {
          "name": "Pålägg",
          "subSubCategories": [
            "Fågel"
          ]
        }
      ]
    }
  },
  {
    "name": "Kycklingbröstfilé 2kg ICA Basic",
    "weightText": "2 kg",
    "caPart": "",
    "weightValue": 2,
    "weightUnit": "kg",
    "comparePrice": "64,50 kr/kg",
    "currentPrice": 129,
    "attributes": [],
    "imgUrl": "https://handlaprivatkund.ica.se/images-v3/bf7a00ca-390e-4769-865f-dc369586872e/5e10a99f-1c91-4d23-a4b4-0a7fcb164cb6/500x500.jpg",
    "productInformation": "Vardagsfavoriter i storpack, enkla att tillaga i stekpanna eller ugn.",
    "countryText": "Danmark",
    "companyText": "ICA Basic",
    "ingrediensText": "Kycklingbröstfilé* 87%, vatten, salt. *Fött, uppfött, slaktat i Danmark.",
    "storage": "I frysutrymme (–18°C eller kallare). Bör ej frysas om efter upptining.",
    "allergens": "",
    "usage": "",
    "nutrition": [
      {
        "Näringsvärde": "Energi (kcal)",
        "100 Gram": "95 kcal"
      },
      {
        "Näringsvärde": "Energi (kJ)",
        "100 Gram": "400 kJ"
      },
      {
        "Näringsvärde": "Fett",
        "100 Gram": "1 g"
      },
      {
        "Näringsvärde": "Varav mättat fett",
        "100 Gram": "0.3 g"
      },
      {
        "Näringsvärde": "Kolhydrat",
        "100 Gram": "0 g"
      },
      {
        "Näringsvärde": "Varav sockerarter",
        "100 Gram": "0 g"
      },
      {
        "Näringsvärde": "Protein",
        "100 Gram": "21 g"
      },
      {
        "Näringsvärde": "Salt",
        "100 Gram": "0.43 g"
      }
    ],
    "nutritionUnitText": "Näringsvärde per 100 gram",
    "categories": {
      "mainCategory": "Kött, Chark & Fågel",
      "subCategories": [
        {
          "name": "Kyckling & Fågel",
          "subSubCategories": [
            "Kycklingfilé",
            "Kycklingfilé, fryst"
          ]
        }
      ]
    }
  },
  {
    "name": "Salami Milano 70g ICA",
    "weightText": "0.07 kg",
    "caPart": "",
    "weightValue": 0.07,
    "weightUnit": "kg",
    "comparePrice": "335,71 kr/kg",
    "currentPrice": 23.5,
    "attributes": [],
    "imgUrl": "https://handlaprivatkund.ica.se/images-v3/bf7a00ca-390e-4769-865f-dc369586872e/49fca817-1fd0-490e-b847-0ac658093f6c/500x500.jpg",
    "productInformation": "ICA Salami Milano är en smakrik och kryddig korv som har fått torka i den italienska solen. Perfekt på en matig lunchmacka eller på buffébordet tillsammans med andra italienska delikatesser.Kylvara. 0 - +8°C",
    "countryText": "Italien",
    "companyText": "ICA",
    "ingrediensText": "Griskött*, salt, druvsocker, kryddor (vitpeppar, kanel, muskot, muskotblomma, koriander, kryddnejlilka, stjärnanis, enbär, rosmarin, kummin, lagerblad), antioxidationsmedel (E301), konserveringsmedel (E252, E250), torkad vitlök, mjölksyrakultur. *Fött, uppfött och slaktat i Italien. Till 100g färdig produkt har 146g köttråvara använts.",
    "storage": "",
    "allergens": "",
    "usage": "",
    "nutrition": [],
    "nutritionUnitText": "",
    "categories": {
      "mainCategory": "Kött, Chark & Fågel",
      "subCategories": [
        {
          "name": "Delikatesschark",
          "subSubCategories": [
            "Salami delikatess"
          ]
        }
      ]
    }
  },
  {
    "name": "Grillad kyckling i skivor 170g ICA",
    "weightText": "0.17 kg",
    "caPart": "",
    "weightValue": 0.17,
    "weightUnit": "kg",
    "comparePrice": "217,35 kr/kg",
    "currentPrice": 36.95,
    "attributes": [
      "Från Sverige",
      "Nyckelhålet"
    ],
    "imgUrl": "https://handlaprivatkund.ica.se/images-v3/bf7a00ca-390e-4769-865f-dc369586872e/3c4fb5d3-e338-4f7c-858c-7396cd4f1166/500x500.jpg",
    "productInformation": "ICA Grillad kyckling passar både på smörgåsen eller i en matig sallad. Dessutom lyfter den snabbt mellanmålsknäcket till en ny nivå tillsammans med lite cottage cheese och någon skiva paprika. Smarrigt och enkelt!",
    "countryText": "",
    "companyText": "ICA",
    "ingrediensText": "Ingredienser: Kycklingbröst* 95%, salt, kryddor (lök, vitlök), glukossirap, druvsocker, socker, kryddextrakt, anti-oxidationsmedel (E330, E331, E301), stabiliseringsmedel (E450), konserveringsmedel (E250).*Uppfött och slaktat i Sverige.",
    "storage": "Lägsta förvaringstemperatur 0°C Högsta förvaringstemperatur 8°C",
    "allergens": "",
    "usage": "",
    "nutrition": [
      {
        "Näringsvärde": "Energi (kcal)",
        "100 Gram": "94 kcal"
      },
      {
        "Näringsvärde": "Energi (kJ)",
        "100 Gram": "398 kJ"
      },
      {
        "Näringsvärde": "Fett",
        "100 Gram": "1.1 g"
      },
      {
        "Näringsvärde": "Varav mättat fett",
        "100 Gram": "0.4 g"
      },
      {
        "Näringsvärde": "Kolhydrat",
        "100 Gram": "2 g"
      },
      {
        "Näringsvärde": "Varav sockerarter",
        "100 Gram": "0.5 g"
      },
      {
        "Näringsvärde": "Protein",
        "100 Gram": "19 g"
      },
      {
        "Näringsvärde": "Salt",
        "100 Gram": "2.4 g"
      }
    ],
    "nutritionUnitText": "",
    "categories": {
      "mainCategory": "Kött, Chark & Fågel",
      "subCategories": [
        {
          "name": "Pålägg",
          "subSubCategories": [
            "Fågel"
          ]
        }
      ]
    }
  },
  {
    "name": "Lantskinka Extrarökt 120g ICA",
    "weightText": "0.12 kg",
    "caPart": "",
    "weightValue": 0.12,
    "weightUnit": "kg",
    "comparePrice": "191,25 kr/kg",
    "currentPrice": 22.95,
    "attributes": [
      "Nyckelhålet",
      "Kött från Sverige",
      "Ursprungsland Sverige"
    ],
    "imgUrl": "https://handlaprivatkund.ica.se/images-v3/bf7a00ca-390e-4769-865f-dc369586872e/3736014c-d757-4d11-944c-aa75141342f1/500x500.jpg",
    "productInformation": "ICA Lantskinka Extrarökt är en svensk skinka som är perfekt för dig som gillar en kraftig, rökig smak. Den har fått sin smak av alspån och enris och är god på en frukost- eller lunchmacka men också som plockmat tillsammans med ett saftigt päron, gräddig ädelost och valnötter. \n \n Alspåns- och enrisrökt.",
    "countryText": "Sverige",
    "companyText": "ICA",
    "ingrediensText": "Ingredienser: Skinka av gris* (helmuskel) 95%, salt, stabiliseringsmedel (E451), potatismjöl, druvsocker, potatisfiber, socker**, antioxidationssmedel (E301), konserveringsmedel (E250). *Fött, uppfött och slaktat i Sverige.**Ursprung Sverige.",
    "storage": "Lägsta förvaringstemperatur 0°C Högsta förvaringstemperatur 8°C",
    "allergens": "",
    "usage": "",
    "nutrition": [
      {
        "Näringsvärde": "Energi (kcal)",
        "100 Gram": "91 kcal"
      },
      {
        "Näringsvärde": "Energi (kJ)",
        "100 Gram": "380 kJ"
      },
      {
        "Näringsvärde": "Fett",
        "100 Gram": "2.1 g"
      },
      {
        "Näringsvärde": "Varav mättat fett",
        "100 Gram": "0.8 g"
      },
      {
        "Näringsvärde": "Kolhydrat",
        "100 Gram": "1.1 g"
      },
      {
        "Näringsvärde": "Varav sockerarter",
        "100 Gram": "0.5 g"
      },
      {
        "Näringsvärde": "Protein",
        "100 Gram": "17 g"
      },
      {
        "Näringsvärde": "Salt",
        "100 Gram": "2.1 g"
      }
    ],
    "nutritionUnitText": "Näringsvärde per 100 gram",
    "categories": {
      "mainCategory": "Kött, Chark & Fågel",
      "subCategories": [
        {
          "name": "Pålägg",
          "subSubCategories": [
            "Skinka"
          ]
        }
      ]
    }
  },
  {
    "name": "Kabanoss Smal 89% kötthalt 225g ICA",
    "weightText": "0.225 kg",
    "caPart": "",
    "weightValue": 0.225,
    "weightUnit": "kg",
    "comparePrice": "150,89 kr/kg",
    "currentPrice": 33.95,
    "attributes": [
      "Kött från Sverige",
      "Ursprungsland Sverige"
    ],
    "imgUrl": "https://handlaprivatkund.ica.se/images-v3/bf7a00ca-390e-4769-865f-dc369586872e/8fbbef5f-cefa-432f-8f96-80bfd98152f5/500x500.jpg",
    "productInformation": "ICA Kabanoss Smal är en tunn och smakrik korv som är gjord på svenskt kött. Den är kryddad med paprika, peppar och vitlök, vilket gör att den får tillräckligt med karaktär för att ge smak åt en pytt i panna, serveras till en italiensk brödsallad eller tillsammans med lyxigt mos. Men för den som vill ha lite extra smak funkar den lika bra som grillad i bröd.",
    "countryText": "Sverige",
    "companyText": "ICA",
    "ingrediensText": "Ingredienser: Griskött* 89 %, vatten, potatisstärkelse, fett från gris*, salt, kryddor (paprika, vitpeppar, svartpeppar, cayennepeppar, kryddpeppar, chilipulver, spiskummin, kryddnejlika), stabiliseringsmedel (E452), druvsocker, vitlök, antioxidationsmedel (E300), konserveringsmedel (E250). Stoppad i naturtarm från får. *Uppfött och slaktat i Sverige.",
    "storage": "",
    "allergens": "",
    "usage": "",
    "nutrition": [
      {
        "Näringsvärde": "Energi (kcal)",
        "100 Gram": "270 kcal"
      },
      {
        "Näringsvärde": "Energi (kJ)",
        "100 Gram": "1100 kJ"
      },
      {
        "Näringsvärde": "Fett",
        "100 Gram": "22 g"
      },
      {
        "Näringsvärde": "Varav mättat fett",
        "100 Gram": "9.7 g"
      },
      {
        "Näringsvärde": "Kolhydrat",
        "100 Gram": "5 g"
      },
      {
        "Näringsvärde": "Varav sockerarter",
        "100 Gram": "1.4 g"
      },
      {
        "Näringsvärde": "Protein",
        "100 Gram": "13 g"
      },
      {
        "Näringsvärde": "Salt",
        "100 Gram": "2 g"
      },
      {
        "Näringsvärde": "Natrium",
        "100 Gram": "0.8 g"
      }
    ],
    "nutritionUnitText": "Näringsvärde per 100 gram",
    "categories": {
      "mainCategory": "Kött, Chark & Fågel",
      "subCategories": [
        {
          "name": "Korv",
          "subSubCategories": [
            "Kryddkorv"
          ]
        }
      ]
    }
  },
  {
    "name": "Chorizo 300g ICA",
    "weightText": "0.3 kg",
    "caPart": "",
    "weightValue": 0.3,
    "weightUnit": "kg",
    "comparePrice": "101,67 kr/kg",
    "currentPrice": 30.5,
    "attributes": [
      "Kött från Sverige",
      "Ursprungsland Sverige"
    ],
    "imgUrl": "https://handlaprivatkund.ica.se/images-v3/bf7a00ca-390e-4769-865f-dc369586872e/207eccaa-259e-4b2b-b0f1-347edbf40fa3/500x500.jpg",
    "productInformation": "ICA Chorizo är en kryddstark korv som är gjord på svenskt kött. Den har smak av chili och paprika och passar både i en pytt i panna eller grillad med bröd. Skär några snitt i korven och stek på medelvärme i cirka 12 minuter.",
    "countryText": "Sverige",
    "companyText": "ICA",
    "ingrediensText": "Ingredienser: Gris*- och nötkött* 78%, vatten, potatisstärkelse, salt, kryddor (paprika, lök, druvsocker, tomat, vitlök, svartpeppar, cayennepeppar), kryddextrakt (paprika), antioxidationsmedel (E300), konserveringsmedel (E250). Alspånsrökt. Stoppad i naturtarm från gris. *Fött, uppfött och slaktat i Sverige.",
    "storage": "",
    "allergens": "",
    "usage": "Kylvara: Förvaras vid högst +8°C",
    "nutrition": [
      {
        "Näringsvärde": "Energi (kcal)",
        "100 Gram": "250 kcal"
      },
      {
        "Näringsvärde": "Energi (kJ)",
        "100 Gram": "1050 kJ"
      },
      {
        "Näringsvärde": "Fett",
        "100 Gram": "21 g"
      },
      {
        "Näringsvärde": "Varav mättat fett",
        "100 Gram": "7 g"
      },
      {
        "Näringsvärde": "Kolhydrat",
        "100 Gram": "4 g"
      },
      {
        "Näringsvärde": "Varav sockerarter",
        "100 Gram": "1.8 g"
      },
      {
        "Näringsvärde": "Protein",
        "100 Gram": "12 g"
      },
      {
        "Näringsvärde": "Salt",
        "100 Gram": "1.9 g"
      }
    ],
    "nutritionUnitText": "Näringsvärde per 100 gram",
    "categories": {
      "mainCategory": "Kött, Chark & Fågel",
      "subCategories": [
        {
          "name": "Korv",
          "subSubCategories": [
            "Kryddkorv"
          ]
        }
      ]
    }
  },
  {
    "name": "Strimlad Skinka Rökt 500g ICA",
    "weightText": "0.5 kg",
    "caPart": "",
    "weightValue": 0.5,
    "weightUnit": "kg",
    "comparePrice": "117,90 kr/kg",
    "currentPrice": 58.95,
    "attributes": [
      "Nyckelhålet",
      "Kött från Sverige"
    ],
    "imgUrl": "https://handlaprivatkund.ica.se/images-v3/bf7a00ca-390e-4769-865f-dc369586872e/6989b470-690e-4bd2-8299-e1b9cbf4872e/500x500.jpg",
    "productInformation": "ICA Strimlad rökt skinka gjord på svensk råvara i ett storpack på 500 g. Strimlad skinka kan kombineras på många sätt – i en sallad, i pastasås eller toppa på pizzan. Det är bara fantasin som sätter gränser. \n \n Alspånsrökt.",
    "countryText": "",
    "companyText": "ICA",
    "ingrediensText": "Ingredienser: Skinka av gris* 95% (skinkbitar),salt, antioxidationsmedel (E331, E301), stabiliseringsmedel (E450), socker**, konserveringsmedel (E250). *Fött, uppfött och slaktat i Sverige. **Ursprung Sverige.",
    "storage": "Lägsta förvaringstemperatur 0°C Högsta förvaringstemperatur 8°C",
    "allergens": "",
    "usage": "",
    "nutrition": [
      {
        "Näringsvärde": "Energi (kcal)",
        "100 Gram": "100 kcal"
      },
      {
        "Näringsvärde": "Energi (kJ)",
        "100 Gram": "421 kJ"
      },
      {
        "Näringsvärde": "Fett",
        "100 Gram": "2.3 g"
      },
      {
        "Näringsvärde": "Varav mättat fett",
        "100 Gram": "0.7 g"
      },
      {
        "Näringsvärde": "Kolhydrat",
        "100 Gram": "0.5 g"
      },
      {
        "Näringsvärde": "Varav sockerarter",
        "100 Gram": "0.5 g"
      },
      {
        "Näringsvärde": "Protein",
        "100 Gram": "19 g"
      },
      {
        "Näringsvärde": "Salt",
        "100 Gram": "2 g"
      }
    ],
    "nutritionUnitText": "Näringsvärde per 100 gram",
    "categories": {
      "mainCategory": "Kött, Chark & Fågel",
      "subCategories": [
        {
          "name": "Kött",
          "subSubCategories": [
            "Fläsk",
            "Strimlat fläskkött"
          ]
        }
      ]
    }
  },
  {
    "name": "Skinka Basturökt 120g Pärsons",
    "weightText": "0.12 kg",
    "caPart": "",
    "weightValue": 0.12,
    "weightUnit": "kg",
    "comparePrice": "241,25 kr/kg",
    "currentPrice": 28.95,
    "attributes": [
      "Nyckelhålet",
      "Kött från Sverige",
      "Ursprungsland Sverige"
    ],
    "imgUrl": "https://handlaprivatkund.ica.se/images-v3/bf7a00ca-390e-4769-865f-dc369586872e/f73e2068-9428-4e2e-925f-086b2a3e841b/500x500.jpg",
    "productInformation": "Rökt skinka av helmuskel. Smörgåspålägg som passar till frukost, varma mackor eller på en hemgjord pizza med tomatsås, oregano och ost.",
    "countryText": "Sverige",
    "companyText": "Pärsons",
    "ingrediensText": "INGREDIENSER: Svensk skinka helmuskel 89%, vatten, koksalt, antioxidationsmedel (E326, E301), stabiliseringsmedel (E451), potatisstärkelse, druvsocker, potatisfiber, socker, konserveringsmedel (E250). Varmrökt.",
    "storage": "",
    "allergens": "",
    "usage": "",
    "nutrition": [
      {
        "Näringsvärde": "Energi (kcal)",
        "100 Gram": "105 kcal"
      },
      {
        "Näringsvärde": "Energi (kJ)",
        "100 Gram": "440 kJ"
      },
      {
        "Näringsvärde": "Fett",
        "100 Gram": "2.7 g"
      },
      {
        "Näringsvärde": "Varav mättat fett",
        "100 Gram": "0.9 g"
      },
      {
        "Näringsvärde": "Kolhydrat",
        "100 Gram": "0.9 g"
      },
      {
        "Näringsvärde": "Varav sockerarter",
        "100 Gram": "0.4 g"
      },
      {
        "Näringsvärde": "Fiber",
        "100 Gram": "1 g"
      },
      {
        "Näringsvärde": "Protein",
        "100 Gram": "19 g"
      },
      {
        "Näringsvärde": "Salt",
        "100 Gram": "2.4 g"
      },
      {
        "Näringsvärde": "Natrium",
        "100 Gram": "1.5 g"
      }
    ],
    "nutritionUnitText": "Näringsvärde per 100 gram",
    "categories": {
      "mainCategory": "Kött, Chark & Fågel",
      "subCategories": [
        {
          "name": "Pålägg",
          "subSubCategories": [
            "Skinka"
          ]
        }
      ]
    }
  },
  {
    "name": "Lindösalami Vitlök i skivor ca 3g Lönneberga",
    "weightText": "Ca 0.003 kg",
    "caPart": "Ca",
    "weightValue": 0.003,
    "weightUnit": "kg",
    "comparePrice": "329,50 kr/kg",
    "currentPrice": 0.99,
    "attributes": [],
    "imgUrl": "https://handlaprivatkund.ica.se/images-v3/bf7a00ca-390e-4769-865f-dc369586872e/cafdac52-8c58-4127-a76e-547a842148e1/500x500.jpg",
    "productInformation": "",
    "countryText": "",
    "companyText": "Lönneberga",
    "ingrediensText": "Griskött*, nötkött*, salt, vitlök (3,1%), gelatin, druvsocker, kryddor (koriander, vitpeppar), surhetsreglerande medel (E575), antioxidationsmedel (E300, E301), konserveringsmedel (E250). *Fött, uppfött och slaktat i Sverige. Till 100g färdig produkt har använts 130g köttråvara.",
    "storage": "Förvaring: Rumstemperatur",
    "allergens": "",
    "usage": "",
    "nutrition": [],
    "nutritionUnitText": "Näringsvärde per styck",
    "categories": {
      "mainCategory": "Butikens egna varor",
      "subCategories": [
        {
          "name": "Egen delikatesschark",
          "subSubCategories": [
            "Salami"
          ]
        }
      ]
    }
  },
  {
    "name": "Kycklingklubba Fryst 1kg Kronfågel",
    "weightText": "1 kg",
    "caPart": "",
    "weightValue": 1,
    "weightUnit": "kg",
    "comparePrice": "38,50 kr/kg",
    "currentPrice": 38.5,
    "attributes": [
      "Ursprungsland Sverige",
      "Svensk Fågel"
    ],
    "imgUrl": "https://handlaprivatkund.ica.se/images-v3/bf7a00ca-390e-4769-865f-dc369586872e/18bba2e0-beba-45ef-afc2-068964e2ca58/500x500.jpg",
    "productInformation": "Mörad kycklingklubba från Kronfågel har en härlig smak som passar perfekt till grillade grönsaker, pasta eller sallad. Kycklingen tinas i kylskåp 10?12 timmar innan tillagning. Stek eller grilla och servera med valfria tillbehör. 100 % svensk kyckling omsorgsfullt uppfödd på våra svenska gårdar, vilket innebär god djurhållning, högsta kvalitet och hälsosam, klimatsmart mat på tallriken.",
    "countryText": "Sverige",
    "companyText": "Kronfågel",
    "ingrediensText": "Kycklingklubba med del av ryggben 87%, vatten, salt.",
    "storage": "",
    "allergens": "",
    "usage": "",
    "nutrition": [
      {
        "Näringsvärde": "Energi (kcal)",
        "100 Gram": "190 kcal"
      },
      {
        "Näringsvärde": "Energi (kJ)",
        "100 Gram": "800 kJ"
      },
      {
        "Näringsvärde": "Fett",
        "100 Gram": "14 g"
      },
      {
        "Näringsvärde": "Varav mättat fett",
        "100 Gram": "4 g"
      },
      {
        "Näringsvärde": "Kolhydrat",
        "100 Gram": "0.5 g"
      },
      {
        "Näringsvärde": "Varav sockerarter",
        "100 Gram": "0.5 g"
      },
      {
        "Näringsvärde": "Protein",
        "100 Gram": "16 g"
      },
      {
        "Näringsvärde": "Salt",
        "100 Gram": "0.6 g"
      }
    ],
    "nutritionUnitText": "Näringsvärde per 100 gram",
    "categories": {
      "mainCategory": "Fryst",
      "subCategories": [
        {
          "name": "Fryst fågel",
          "subSubCategories": [
            "Frysta kycklingdelar"
          ]
        }
      ]
    }
  },
  {
    "name": "Wienerkorv 15-pack 66% Kötthalt 750g Lithells",
    "weightText": "0.75 kg",
    "caPart": "",
    "weightValue": 0.75,
    "weightUnit": "kg",
    "comparePrice": "97,27 kr/kg",
    "currentPrice": 72.95,
    "attributes": [
      "Glutenfritt",
      "Kött från Sverige",
      "Laktosfritt"
    ],
    "imgUrl": "https://handlaprivatkund.ica.se/images-v3/bf7a00ca-390e-4769-865f-dc369586872e/062c9b6d-1358-47ee-a174-b2449e1ddb87/500x500.jpg",
    "productInformation": "En alspånsrökt legendar med lång korvtradition och gjord på svenskt kött.",
    "countryText": "",
    "companyText": "Lithells",
    "ingrediensText": "Gris*- och nötkött* (66%), vatten, fett från gris*, potatismjöl, salt, druvsocker, lökpulver, kryddor och kryddextrakt (svartpeppar, vitpeppar, cayennepeppar, ingefära, muskotnöt, koriander, paprika), arom, antioxidationsmedel (E300), konserveringsmedel (E250). Stoppad i kollagentarm. *Fött, uppfött och slaktat i Sverige.",
    "storage": "Kylvara: max +8°C.",
    "allergens": "",
    "usage": "Öppnad förpackning: max +8°C, 3-5 dagar.",
    "nutrition": [
      {
        "Näringsvärde": "Energi (kcal)",
        "100 Gram": "280 kcal"
      },
      {
        "Näringsvärde": "Energi (kJ)",
        "100 Gram": "1200 kJ"
      },
      {
        "Näringsvärde": "Fett",
        "100 Gram": "25 g"
      },
      {
        "Näringsvärde": "Varav mättat fett",
        "100 Gram": "9.8 g"
      },
      {
        "Näringsvärde": "Kolhydrat",
        "100 Gram": "6 g"
      },
      {
        "Näringsvärde": "Varav sockerarter",
        "100 Gram": "0.9 g"
      },
      {
        "Näringsvärde": "Protein",
        "100 Gram": "9.8 g"
      },
      {
        "Näringsvärde": "Salt",
        "100 Gram": "2.1 g"
      }
    ],
    "nutritionUnitText": "Näringsvärde per 100 gram",
    "categories": {
      "mainCategory": "Kött, Chark & Fågel",
      "subCategories": [
        {
          "name": "Korv",
          "subSubCategories": [
            "Varmkorv"
          ]
        }
      ]
    }
  },
  {
    "name": "Grillkorv Klassisk 640g Scan",
    "weightText": "0.64 kg",
    "caPart": "",
    "weightValue": 0.64,
    "weightUnit": "kg",
    "comparePrice": "81,17 kr/kg",
    "currentPrice": 51.95,
    "attributes": [
      "Kött från Sverige",
      "Ursprungsland Sverige"
    ],
    "imgUrl": "https://handlaprivatkund.ica.se/images-v3/bf7a00ca-390e-4769-865f-dc369586872e/55228145-877d-42cf-80c4-0e4a1bba53d2/500x500.jpg",
    "productInformation": "Härligt smakrika grillkorvar med tunt skinn som passar perfekt på grillen på sommaren eller i stekpannan till hösten. Våra korvar innehåller bara svenskt kött från våra gårdar.",
    "countryText": "Sverige",
    "companyText": "Scan",
    "ingrediensText": "INGREDIENSER: Svenskt gris- och nötkött (57%)*, vatten, potatismjöl, fett från gris- och nötkött*, salt, bindväv från gris*, lök, kryddor, koriander, bockhornsklöverfrö, kryddextrakt, jästextrakt, druvsocker, socker, köttextrakt, vegetabiliskt koncentrat, balsamvinäger, surhetsreglerande medel (E330), antioxidationsmedel (E326:E300), konserveringsmedel (E261:E250), kollagentarm, rökarom. *Ursprung: Sverige.",
    "storage": "",
    "allergens": "",
    "usage": "",
    "nutrition": [
      {
        "Näringsvärde": "Energi (kcal)",
        "100 Gram": "250 kcal"
      },
      {
        "Näringsvärde": "Energi (kJ)",
        "100 Gram": "1050 kJ"
      },
      {
        "Näringsvärde": "Fett",
        "100 Gram": "20 g"
      },
      {
        "Näringsvärde": "Varav mättat fett",
        "100 Gram": "7.3 g"
      },
      {
        "Näringsvärde": "Kolhydrat",
        "100 Gram": "9.8 g"
      },
      {
        "Näringsvärde": "Varav sockerarter",
        "100 Gram": "0.5 g"
      },
      {
        "Näringsvärde": "Protein",
        "100 Gram": "9.5 g"
      },
      {
        "Näringsvärde": "Salt",
        "100 Gram": "2.2 g"
      }
    ],
    "nutritionUnitText": "Näringsvärde per 100 gram",
    "categories": {
      "mainCategory": "Kött, Chark & Fågel",
      "subCategories": [
        {
          "name": "Korv",
          "subSubCategories": [
            "Grillkorv"
          ]
        }
      ]
    }
  },
  {
    "name": "Blodpudding Färdigskivad 380g Gea's",
    "weightText": "0.38 kg",
    "caPart": "",
    "weightValue": 0.38,
    "weightUnit": "kg",
    "comparePrice": "39,34 kr/kg",
    "currentPrice": 14.95,
    "attributes": [],
    "imgUrl": "https://handlaprivatkund.ica.se/images-v3/bf7a00ca-390e-4769-865f-dc369586872e/346a8d65-705e-45a9-8d08-007027178e66/500x500.jpg",
    "productInformation": "Gea´s klassiska blodpudding, redan färdigskivad och klar att steka. Tack vare de färdigskurna jämna skivorna blir tillagningen både smidigare och tar mindre tid - samma goda smak som originalet och alltid med ett perfekt resultat.",
    "countryText": "",
    "companyText": "Gea s",
    "ingrediensText": "Vatten, fullkornsmjöl av RÅG, VETEmjöl, rapsolja, blodpulver från gris*, socker, salt, kryddor och örtkryddor (ingefära, kanel, koriander, kryddpeppar, nejlika, peppar, mejram), lökpulver, arom, konserveringsmedel (E250).*EU-råvara.",
    "storage": "Kylvara: Förvaras vid högst +8°C.Öppnad förpackning förvaras högst +8°C 3-5 dagar.",
    "allergens": "",
    "usage": "",
    "nutrition": [
      {
        "Näringsvärde": "Energi (kcal)",
        "100 Gram": "190 kcal"
      },
      {
        "Näringsvärde": "Energi (kJ)",
        "100 Gram": "800 kJ"
      },
      {
        "Näringsvärde": "Fett",
        "100 Gram": "8.4 g"
      },
      {
        "Näringsvärde": "Varav mättat fett",
        "100 Gram": "0.6 g"
      },
      {
        "Näringsvärde": "Kolhydrat",
        "100 Gram": "22 g"
      },
      {
        "Näringsvärde": "Varav sockerarter",
        "100 Gram": "5.8 g"
      },
      {
        "Näringsvärde": "Protein",
        "100 Gram": "7.3 g"
      },
      {
        "Näringsvärde": "Salt",
        "100 Gram": "1.9 g"
      },
      {
        "Näringsvärde": "Järn",
        "100 Gram": "16 mg",
        "% av DRI(*)": "114"
      }
    ],
    "nutritionUnitText": "Näringsvärde per 100 gram",
    "categories": {
      "mainCategory": "Kött, Chark & Fågel",
      "subCategories": [
        {
          "name": "Matchark",
          "subSubCategories": [
            "Blodpudding"
          ]
        }
      ]
    }
  },
  {
    "name": "Leverpastej Bredbar 200g Arboga",
    "weightText": "0.2 kg",
    "caPart": "",
    "weightValue": 0.2,
    "weightUnit": "kg",
    "comparePrice": "74,75 kr/kg",
    "currentPrice": 14.95,
    "attributes": [],
    "imgUrl": "https://handlaprivatkund.ica.se/images-v3/bf7a00ca-390e-4769-865f-dc369586872e/fd00169a-65bf-483e-8507-d21049a9d904/500x500.jpg",
    "productInformation": "Arboga Bredbar är en bredbar leverpastej som passar på mackan med några skivor smörgåsgurka eller som ingrediens i smörgåstårta.",
    "countryText": "",
    "companyText": "Arboga",
    "ingrediensText": "Fett från gris, grislever (30%), MJÖLK, vatten, potatismjöl, socker, koksalt, tryffelersättning (champinjoner, fårticka), kryddor och kryddextrakt (bl.a ingefära, muskotnöt, nejlika), lök, timjan, druvsocker, maltodextrin, antioxidationsmedel (E300), konserveringsmedel (E250).",
    "storage": "",
    "allergens": "",
    "usage": "",
    "nutrition": [
      {
        "Näringsvärde": "Energi (kcal)",
        "100 Gram": "280 kcal"
      },
      {
        "Näringsvärde": "Energi (kJ)",
        "100 Gram": "1150 kJ"
      },
      {
        "Näringsvärde": "Fett",
        "100 Gram": "23 g"
      },
      {
        "Näringsvärde": "Varav mättat fett",
        "100 Gram": "12 g"
      },
      {
        "Näringsvärde": "Kolhydrat",
        "100 Gram": "9 g"
      },
      {
        "Näringsvärde": "Varav sockerarter",
        "100 Gram": "4.1 g"
      },
      {
        "Näringsvärde": "Protein",
        "100 Gram": "9 g"
      },
      {
        "Näringsvärde": "Salt",
        "100 Gram": "2 g"
      },
      {
        "Näringsvärde": "Järn",
        "100 Gram": "7 mg",
        "% av DRI(*)": "50"
      }
    ],
    "nutritionUnitText": "Näringsvärde per 100 gram",
    "categories": {
      "mainCategory": "Kött, Chark & Fågel",
      "subCategories": [
        {
          "name": "Pålägg",
          "subSubCategories": [
            "Pastej & paté",
            "Pastej"
          ]
        }
      ]
    }
  },
  {
    "name": "Grillkorv Hot Dogs Orginal 500g Scan",
    "weightText": "0.5 kg",
    "caPart": "",
    "weightValue": 0.5,
    "weightUnit": "kg",
    "comparePrice": "57,90 kr/kg",
    "currentPrice": 28.95,
    "attributes": [
      "Glutenfritt",
      "Kött från Sverige",
      "Ursprungsland Sverige",
      "Laktosfritt"
    ],
    "imgUrl": "https://handlaprivatkund.ica.se/images-v3/bf7a00ca-390e-4769-865f-dc369586872e/71275366-0e2b-4cc1-ba2a-f57ce66c0a4a/500x500.jpg",
    "productInformation": "",
    "countryText": "Sverige",
    "companyText": "Scan",
    "ingrediensText": "INGREDIENSER: Svenskt gris- och nötkött (34%), vatten, potatismjöl, potatisfiber, lök, kryddor, salt, druvsocker, bindväv från gris, fett från gris, örtkryddor, kryddextrakt, blodprotein från gris och nöt, vegetabilisk buljong, antioxidationsmedel E326:E300, konserveringsmedel E261:E250, rökarom.",
    "storage": "Lägsta förvaringstemperatur 0°C Högsta förvaringstemperatur 8°C",
    "allergens": "",
    "usage": "",
    "nutrition": [
      {
        "Näringsvärde": "Energi (kcal)",
        "100 Gram": "220 kcal"
      },
      {
        "Näringsvärde": "Energi (kJ)",
        "100 Gram": "930 kJ"
      },
      {
        "Näringsvärde": "Fett",
        "100 Gram": "15 g"
      },
      {
        "Näringsvärde": "Varav mättat fett",
        "100 Gram": "6 g"
      },
      {
        "Näringsvärde": "Kolhydrat",
        "100 Gram": "14 g"
      },
      {
        "Näringsvärde": "Varav sockerarter",
        "100 Gram": "1 g"
      },
      {
        "Näringsvärde": "Protein",
        "100 Gram": "8 g"
      },
      {
        "Näringsvärde": "Salt",
        "100 Gram": "1.9 g"
      }
    ],
    "nutritionUnitText": "Näringsvärde per 100 gram",
    "categories": {
      "mainCategory": "Kött, Chark & Fågel",
      "subCategories": [
        {
          "name": "Korv",
          "subSubCategories": [
            "Grillkorv"
          ]
        }
      ]
    }
  },
  {
    "name": "Salsiccia vitlök och örter 300g ICA Selection",
    "weightText": "0.3 kg",
    "caPart": "",
    "weightValue": 0.3,
    "weightUnit": "kg",
    "comparePrice": "159,83 kr/kg",
    "currentPrice": 47.95,
    "attributes": [
      "Kött från Sverige",
      "Ursprungsland Sverige"
    ],
    "imgUrl": "https://handlaprivatkund.ica.se/images-v3/bf7a00ca-390e-4769-865f-dc369586872e/1ed223d3-9c71-4e1e-9857-a5067d4bc1f1/500x500.jpg",
    "productInformation": "Förvaras kylt",
    "countryText": "Sverige",
    "companyText": "ICA Selection",
    "ingrediensText": "Ingredienser: Kött av gris** 90%, vatten, salt, vitlök, kryddor (svartpeppar, rosmarin, basilika, mejram, koriander), antioxidationsmedel (E 300, E 325), konserveringsmedel (E 250). **Fött i, uppfött i, slaktat i, styckat i Sverige",
    "storage": "Lägsta förvaringstemperatur 0°C Högsta förvaringstemperatur 4°C",
    "allergens": "",
    "usage": "",
    "nutrition": [
      {
        "Näringsvärde": "Energi (kcal)",
        "100 Gram": "280 kcal"
      },
      {
        "Näringsvärde": "Energi (kJ)",
        "100 Gram": "1200 kJ"
      },
      {
        "Näringsvärde": "Fett",
        "100 Gram": "25 g"
      },
      {
        "Näringsvärde": "Varav mättat fett",
        "100 Gram": "9.9 g"
      },
      {
        "Näringsvärde": "Kolhydrat",
        "100 Gram": "1.4 g"
      },
      {
        "Näringsvärde": "Varav sockerarter",
        "100 Gram": "0.5 g"
      },
      {
        "Näringsvärde": "Protein",
        "100 Gram": "14 g"
      },
      {
        "Näringsvärde": "Salt",
        "100 Gram": "2.1 g"
      }
    ],
    "nutritionUnitText": "",
    "categories": {
      "mainCategory": "Kött, Chark & Fågel",
      "subCategories": [
        {
          "name": "Korv",
          "subSubCategories": [
            "Färsk korv"
          ]
        }
      ]
    }
  },
  {
    "name": "Kycklinglårfilé Färsk 720g ICA Gott Liv",
    "weightText": "0.72 kg",
    "caPart": "",
    "weightValue": 0.72,
    "weightUnit": "kg",
    "comparePrice": "136,04 kr/kg",
    "currentPrice": 97.95,
    "attributes": [
      "Nyckelhålet",
      "Svensk Fågel"
    ],
    "imgUrl": "https://handlaprivatkund.ica.se/images-v3/bf7a00ca-390e-4769-865f-dc369586872e/2c64ab88-3e13-491e-9b64-ec4b0438e7a3/500x500.jpg",
    "productInformation": "Färsk kycklinglårfilé som du kan tillaga i stekpanna, ugn eller på grillen. Passar också bra i asiatiska rätter som exempelvis wok. Född, uppfödd och slaktad i Sverige.",
    "countryText": "",
    "companyText": "ICA Gott Liv",
    "ingrediensText": "Kycklinglårfilé.* * Född, uppfödd och slaktad i Sverige",
    "storage": "Kylvara: Förvaras vid högst +4°C. Lägsta förvaringstemperatur 2°C Högsta förvaringstemperatur 4°C",
    "allergens": "",
    "usage": "",
    "nutrition": [
      {
        "Näringsvärde": "Energi (kcal)",
        "100 Gram": "134 kcal"
      },
      {
        "Näringsvärde": "Energi (kJ)",
        "100 Gram": "563 kJ"
      },
      {
        "Näringsvärde": "Fett",
        "100 Gram": "6.4 g"
      },
      {
        "Näringsvärde": "Varav mättat fett",
        "100 Gram": "1.6 g"
      },
      {
        "Näringsvärde": "Kolhydrat",
        "100 Gram": "0.5 g"
      },
      {
        "Näringsvärde": "Varav sockerarter",
        "100 Gram": "0 g"
      },
      {
        "Näringsvärde": "Protein",
        "100 Gram": "19 g"
      },
      {
        "Näringsvärde": "Salt",
        "100 Gram": "0.2 g"
      }
    ],
    "nutritionUnitText": "Näringsvärde per 100 gram",
    "categories": {
      "mainCategory": "Kött, Chark & Fågel",
      "subCategories": [
        {
          "name": "Kyckling & Fågel",
          "subSubCategories": [
            "Kycklingfilé",
            "Kycklingfilé, färsk"
          ]
        }
      ]
    }
  },
  {
    "name": "Onsalakorv Original Bit 300g Onsala",
    "weightText": "0.3 kg",
    "caPart": "",
    "weightValue": 0.3,
    "weightUnit": "kg",
    "comparePrice": "129,83 kr/kg",
    "currentPrice": 38.95,
    "attributes": [],
    "imgUrl": "https://handlaprivatkund.ica.se/images-v3/bf7a00ca-390e-4769-865f-dc369586872e/926ad91a-13ff-4408-9584-20b110619be5/500x500.jpg",
    "productInformation": "Onsalakorv har rökig och lite syrlig smak. Skiva i valfri tjocklek och lägg på smörgåsen eller ät den som den är. Passar att tärna ner i en fläskfilé gryta.",
    "countryText": "",
    "companyText": "Onsala",
    "ingrediensText": "Griskött 36%, fett från gris, nötkött 15%, potatisflingor, vatten, nöthjärta, mjölkpulver, koksalt, druvsocker (majs), lök, socker, blodprotein från gris, vitpeppar, antioxidationsmedel (E300, E301), konserveringsmedel (E250). Köttmängd: 51% Fetthalt: 31%",
    "storage": "Kylvara, bör förvaras vid högst +8°C",
    "allergens": "",
    "usage": "",
    "nutrition": [
      {
        "Näringsvärde": "Energi (kcal)",
        "100 Gram": "360 kcal"
      },
      {
        "Näringsvärde": "Energi (kJ)",
        "100 Gram": "1500 kJ"
      },
      {
        "Näringsvärde": "Fett",
        "100 Gram": "31 g"
      },
      {
        "Näringsvärde": "Varav mättat fett",
        "100 Gram": "12.4 g"
      },
      {
        "Näringsvärde": "Kolhydrat",
        "100 Gram": "9 g"
      },
      {
        "Näringsvärde": "Varav sockerarter",
        "100 Gram": "0.4 g"
      },
      {
        "Näringsvärde": "Protein",
        "100 Gram": "12 g"
      },
      {
        "Näringsvärde": "Salt",
        "100 Gram": "3 g"
      }
    ],
    "nutritionUnitText": "Näringsvärde per 100 gram",
    "categories": {
      "mainCategory": "Kött, Chark & Fågel",
      "subCategories": [
        {
          "name": "Pålägg",
          "subSubCategories": [
            "Påläggskorv"
          ]
        }
      ]
    }
  },
  {
    "name": "Kycklingbröstfiléer Fryst 1kg Guldfågeln",
    "weightText": "1 kg",
    "caPart": "",
    "weightValue": 1,
    "weightUnit": "kg",
    "comparePrice": "109,00 kr/kg",
    "currentPrice": 109,
    "attributes": [
      "Ursprungsland Sverige",
      "Svensk Fågel"
    ],
    "imgUrl": "https://handlaprivatkund.ica.se/images-v3/bf7a00ca-390e-4769-865f-dc369586872e/22178355-23c1-4b9a-999f-063527d140c5/500x500.jpg",
    "productInformation": "Styckfrysta, mörade kycklingbröstfiléer. Stek eller grilla filéerna inlindade i bacon. Servera med klyft- eller bakpotatis, grönsaker och en god sås.",
    "countryText": "Sverige",
    "companyText": "Guldfågeln",
    "ingrediensText": "INGREDIENSER:Kycklingbröstfilé (87%), vatten, salt, socker.",
    "storage": "",
    "allergens": "",
    "usage": "",
    "nutrition": [
      {
        "Näringsvärde": "Energi (kcal)",
        "100 Gram": "100 kcal"
      },
      {
        "Näringsvärde": "Energi (kJ)",
        "100 Gram": "430 kJ"
      },
      {
        "Näringsvärde": "Fett",
        "100 Gram": "2 g"
      },
      {
        "Näringsvärde": "Varav mättat fett",
        "100 Gram": "0.7 g"
      },
      {
        "Näringsvärde": "Kolhydrat",
        "100 Gram": "0.5 g"
      },
      {
        "Näringsvärde": "Varav sockerarter",
        "100 Gram": "0.5 g"
      },
      {
        "Näringsvärde": "Protein",
        "100 Gram": "21 g"
      },
      {
        "Näringsvärde": "Salt",
        "100 Gram": "0.7 g"
      }
    ],
    "nutritionUnitText": "Näringsvärde per 100 gram",
    "categories": {
      "mainCategory": "Kött, Chark & Fågel",
      "subCategories": [
        {
          "name": "Kyckling & Fågel",
          "subSubCategories": [
            "Kycklingfilé"
          ]
        }
      ]
    }
  },
  {
    "name": "Prickigkorv 100g Scan",
    "weightText": "0.1 kg",
    "caPart": "",
    "weightValue": 0.1,
    "weightUnit": "kg",
    "comparePrice": "175,00 kr/kg",
    "currentPrice": 17.5,
    "attributes": [
      "Kött från Sverige"
    ],
    "imgUrl": "https://handlaprivatkund.ica.se/images-v3/bf7a00ca-390e-4769-865f-dc369586872e/07f91f59-9f92-4378-802d-f3a41e154050/500x500.jpg",
    "productInformation": "",
    "countryText": "",
    "companyText": "Scan",
    "ingrediensText": "INGREDIENSER: Svenskt gris- och nötkött (79%), fett från gris, salt, kryddextrakt, cayennepeppar, potatisflingor, gelatin, antioxidations- medel E300, konserveringsmedel E250.",
    "storage": "",
    "allergens": "",
    "usage": "",
    "nutrition": [
      {
        "Näringsvärde": "Energi (kcal)",
        "100 Gram": "320 kcal"
      },
      {
        "Näringsvärde": "Energi (kJ)",
        "100 Gram": "1350 kJ"
      },
      {
        "Näringsvärde": "Fett",
        "100 Gram": "30 g"
      },
      {
        "Näringsvärde": "Varav mättat fett",
        "100 Gram": "12 g"
      },
      {
        "Näringsvärde": "Kolhydrat",
        "100 Gram": "1.7 g"
      },
      {
        "Näringsvärde": "Varav sockerarter",
        "100 Gram": "0.8 g"
      },
      {
        "Näringsvärde": "Protein",
        "100 Gram": "14 g"
      },
      {
        "Näringsvärde": "Salt",
        "100 Gram": "2.9 g"
      }
    ],
    "nutritionUnitText": "Näringsvärde per 100 gram",
    "categories": {
      "mainCategory": "Kött, Chark & Fågel",
      "subCategories": [
        {
          "name": "Pålägg",
          "subSubCategories": [
            "Påläggskorv"
          ]
        }
      ]
    }
  },
  {
    "name": "Picksalami i skivor ca 3g Pick",
    "weightText": "Ca 0.003 kg",
    "caPart": "Ca",
    "weightValue": 0.003,
    "weightUnit": "kg",
    "comparePrice": "599,50 kr/kg",
    "currentPrice": 1.8,
    "attributes": [],
    "imgUrl": "https://handlaprivatkund.ica.se/images-v3/bf7a00ca-390e-4769-865f-dc369586872e/92689c60-130b-477d-be6a-19d174ac9e36/500x500.jpg",
    "productInformation": "",
    "countryText": "",
    "companyText": "Pick",
    "ingrediensText": "Griskött, grisspäck, salt, kryddor, socker, konserveringsmedel E250.Till 100g färdig vara har använts 156g griskött. Korvskinnet ej ätbart",
    "storage": "",
    "allergens": "",
    "usage": "",
    "nutrition": [],
    "nutritionUnitText": "Näringsvärde per styck",
    "categories": {
      "mainCategory": "Butikens egna varor",
      "subCategories": [
        {
          "name": "Egen delikatesschark",
          "subSubCategories": [
            "Salami"
          ]
        }
      ]
    }
  },
  {
    "name": "Pilsnerkorv 455g Bullens",
    "weightText": "0.25 kg",
    "caPart": "",
    "weightValue": 0.25,
    "weightUnit": "kg",
    "comparePrice": "107,80 kr/kg",
    "currentPrice": 26.95,
    "attributes": [
      "Glutenfritt",
      "Kött från Sverige",
      "Laktosfritt"
    ],
    "imgUrl": "https://handlaprivatkund.ica.se/images-v3/bf7a00ca-390e-4769-865f-dc369586872e/92e599e0-de34-4e1e-a6f5-fff04112a759/500x500.jpg",
    "productInformation": "",
    "countryText": "",
    "companyText": "Bullens",
    "ingrediensText": "Ingredienser: Svenskt gris- och nötkött (33%)*, vatten, nöthjärta*, nötlunga*, potatismjöl, fett från gris*, bindväv från gris*, salt, blodprotein av nöt och gris, potatisfiber, modifierad majsstärkelse, socker, kryddextrakt, arom, koriander, antioxidationsmedel E300, konserveringsmedel E250, fårfjälster, rökarom. * Ursprung: Sverige.",
    "storage": "Högsta förvaringstemperatur 20°C",
    "allergens": "",
    "usage": "",
    "nutrition": [
      {
        "Näringsvärde": "Energi (kcal)",
        "100 Gram": "200 kcal"
      },
      {
        "Näringsvärde": "Energi (kJ)",
        "100 Gram": "800 kJ"
      },
      {
        "Näringsvärde": "Fett",
        "100 Gram": "14 g"
      },
      {
        "Näringsvärde": "Varav mättat fett",
        "100 Gram": "5 g"
      },
      {
        "Näringsvärde": "Kolhydrat",
        "100 Gram": "6 g"
      },
      {
        "Näringsvärde": "Varav sockerarter",
        "100 Gram": "0.8 g"
      },
      {
        "Näringsvärde": "Protein",
        "100 Gram": "10 g"
      },
      {
        "Näringsvärde": "Salt",
        "100 Gram": "2.3 g"
      }
    ],
    "nutritionUnitText": "",
    "categories": {
      "mainCategory": "Kött, Chark & Fågel",
      "subCategories": [
        {
          "name": "Korv",
          "subSubCategories": [
            "Varmkorv"
          ]
        }
      ]
    }
  },
  {
    "name": "Chicken drumsticks Grillkrydda Fryst 500g Guldfågeln",
    "weightText": "0.5 kg",
    "caPart": "",
    "weightValue": 0.5,
    "weightUnit": "kg",
    "comparePrice": "81,90 kr/kg",
    "currentPrice": 40.95,
    "attributes": [
      "Ursprungsland Sverige",
      "Svensk Fågel"
    ],
    "imgUrl": "https://handlaprivatkund.ica.se/images-v3/bf7a00ca-390e-4769-865f-dc369586872e/b9508cab-bd56-47a9-917a-bc77992ab352/500x500.jpg",
    "productInformation": "",
    "countryText": "Sverige",
    "companyText": "Guldfågeln",
    "ingrediensText": "INGREDIENSER:Kycklingben, salt, kryddor och kryddextrakter (cayenne, koriander, ingefära, paprika, peppar, spiskummin,vitlök), rapsolja, lök, kycklingbuljong, socker, glukossirap, jästextrakt.Till 100g produkt har använts 120g kycklingben",
    "storage": "",
    "allergens": "",
    "usage": "",
    "nutrition": [
      {
        "Näringsvärde": "Energi (kcal)",
        "100 Gram": "190 kcal"
      },
      {
        "Näringsvärde": "Energi (kJ)",
        "100 Gram": "800 kJ"
      },
      {
        "Näringsvärde": "Fett",
        "100 Gram": "10 g"
      },
      {
        "Näringsvärde": "Varav mättat fett",
        "100 Gram": "3.3 g"
      },
      {
        "Näringsvärde": "Kolhydrat",
        "100 Gram": "3 g"
      },
      {
        "Näringsvärde": "Varav sockerarter",
        "100 Gram": "1.5 g"
      },
      {
        "Näringsvärde": "Protein",
        "100 Gram": "21 g"
      },
      {
        "Näringsvärde": "Salt",
        "100 Gram": "2 g"
      }
    ],
    "nutritionUnitText": "Näringsvärde per 100 gram",
    "categories": {
      "mainCategory": "Kött, Chark & Fågel",
      "subCategories": [
        {
          "name": "Kyckling & Fågel",
          "subSubCategories": [
            "Förberedd fågel",
            "Förberedd fågel, fryst"
          ]
        }
      ]
    }
  },
  {
    "name": "Kycklingbröstfilé 900g ICA Basic",
    "weightText": "0.9 kg",
    "caPart": "",
    "weightValue": 0.9,
    "weightUnit": "kg",
    "comparePrice": "74,39 kr/kg",
    "currentPrice": 66.95,
    "attributes": [],
    "imgUrl": "https://handlaprivatkund.ica.se/images-v3/bf7a00ca-390e-4769-865f-dc369586872e/f3251222-5334-4807-ad96-cd58d73e3283/500x500.jpg",
    "productInformation": "Bra kycklingfiléer till hela veckan. Enkla att tillaga i stekpanna eller ugn.",
    "countryText": "Danmark",
    "companyText": "ICA Basic",
    "ingrediensText": "Kycklingbröstfilé* 87%, vatten, salt. *Fött, uppfött och slaktat i Danmark.",
    "storage": "I frysutrymme (–18°C eller kallare). Bör ej frysas om efter upptining.",
    "allergens": "",
    "usage": "",
    "nutrition": [
      {
        "Näringsvärde": "Energi (kcal)",
        "100 Gram": "95 kcal"
      },
      {
        "Näringsvärde": "Energi (kJ)",
        "100 Gram": "400 kJ"
      },
      {
        "Näringsvärde": "Fett",
        "100 Gram": "1 g"
      },
      {
        "Näringsvärde": "Varav mättat fett",
        "100 Gram": "0.3 g"
      },
      {
        "Näringsvärde": "Kolhydrat",
        "100 Gram": "0 g"
      },
      {
        "Näringsvärde": "Varav sockerarter",
        "100 Gram": "0 g"
      },
      {
        "Näringsvärde": "Protein",
        "100 Gram": "21 g"
      },
      {
        "Näringsvärde": "Salt",
        "100 Gram": "0.43 g"
      }
    ],
    "nutritionUnitText": "Näringsvärde per 100 gram",
    "categories": {
      "mainCategory": "Fryst",
      "subCategories": [
        {
          "name": "Fryst fågel",
          "subSubCategories": [
            "Fryst kycklingfilé"
          ]
        }
      ]
    }
  },
  {
    "name": "Köttbullar 1kg ICA Basic",
    "weightText": "1 kg",
    "caPart": "",
    "weightValue": 1,
    "weightUnit": "kg",
    "comparePrice": "53,95 kr/kg",
    "currentPrice": 53.95,
    "attributes": [],
    "imgUrl": "https://handlaprivatkund.ica.se/images-v3/bf7a00ca-390e-4769-865f-dc369586872e/7ae45b23-775f-45ea-9302-440e6d5438aa/500x500.jpg",
    "productInformation": "ICA Köttbullar 1 kg passar perfekt till makaronerna mitt i veckan eller varför inte till potatismos med brunsås och lingonsylt.",
    "countryText": "",
    "companyText": "ICA Basic",
    "ingrediensText": "Gris* - och nötkött* 63 %, lök, potatismjöl, potatis, potatisflingor, salt, potatisfiber,druvsocker, naturliga aromer.Stekta i rapsolja.*Fött, uppfött och slaktat i EU.",
    "storage": "",
    "allergens": "",
    "usage": "",
    "nutrition": [
      {
        "Näringsvärde": "Energi (kcal)",
        "100 Gram": "228 kcal"
      },
      {
        "Näringsvärde": "Energi (kJ)",
        "100 Gram": "949 kJ"
      },
      {
        "Näringsvärde": "Fett",
        "100 Gram": "16 g"
      },
      {
        "Näringsvärde": "Varav mättat fett",
        "100 Gram": "6.2 g"
      },
      {
        "Näringsvärde": "Kolhydrat",
        "100 Gram": "11 g"
      },
      {
        "Näringsvärde": "Varav sockerarter",
        "100 Gram": "1 g"
      },
      {
        "Näringsvärde": "Protein",
        "100 Gram": "10 g"
      },
      {
        "Näringsvärde": "Salt",
        "100 Gram": "1.4 g"
      }
    ],
    "nutritionUnitText": "Näringsvärde per 100 gram",
    "categories": {
      "mainCategory": "Kött, Chark & Fågel",
      "subCategories": [
        {
          "name": "Matchark",
          "subSubCategories": [
            "Köttbullar & färsprodukter",
            "Köttbullar & färsprodukter, färska"
          ]
        }
      ]
    }
  },
  {
    "name": "Stekfläsk Skivat 375g ICA",
    "weightText": "0.375 kg",
    "caPart": "",
    "weightValue": 0.375,
    "weightUnit": "kg",
    "comparePrice": "114,53 kr/kg",
    "currentPrice": 42.95,
    "attributes": [
      "Kött från Sverige"
    ],
    "imgUrl": "https://handlaprivatkund.ica.se/images-v3/bf7a00ca-390e-4769-865f-dc369586872e/47ea3b29-6ebd-458a-91ca-a2e80b3ae562/500x500.jpg",
    "productInformation": "ICA klassiskt rimmat Stekfläsk är skivat utan svål med fyllig smak och fin sälta. Tillverkat i Halmstad av svenskt kött.",
    "countryText": "",
    "companyText": "ICA",
    "ingrediensText": "Ingredienser: Griskött* 95%, salt, antioxidationsmedel (E301), konserveringsmedel(E250). Fött uppfött och slaktat i Sverige*",
    "storage": "Lägsta förvaringstemperatur 0°C Högsta förvaringstemperatur 8°C",
    "allergens": "",
    "usage": "",
    "nutrition": [
      {
        "Näringsvärde": "Energi (kcal)",
        "100 Gram": "264 kcal"
      },
      {
        "Näringsvärde": "Energi (kJ)",
        "100 Gram": "1095 kJ"
      },
      {
        "Näringsvärde": "Fett",
        "100 Gram": "22 g"
      },
      {
        "Näringsvärde": "Varav mättat fett",
        "100 Gram": "9 g"
      },
      {
        "Näringsvärde": "Kolhydrat",
        "100 Gram": "0.5 g"
      },
      {
        "Näringsvärde": "Varav sockerarter",
        "100 Gram": "0.5 g"
      },
      {
        "Näringsvärde": "Protein",
        "100 Gram": "16 g"
      },
      {
        "Näringsvärde": "Salt",
        "100 Gram": "2 g"
      },
      {
        "Näringsvärde": "Järn",
        "100 Gram": "0 mg"
      },
      {
        "Näringsvärde": "Natrium",
        "100 Gram": "0 mg"
      }
    ],
    "nutritionUnitText": "",
    "categories": {
      "mainCategory": "Kött, Chark & Fågel",
      "subCategories": [
        {
          "name": "Matchark",
          "subSubCategories": [
            "Bacon & stekfläsk"
          ]
        }
      ]
    }
  },
  {
    "name": "Grillade kycklingfiléer Grillkrydda Fryst 540g Guldfågeln",
    "weightText": "0.54 kg",
    "caPart": "",
    "weightValue": 0.54,
    "weightUnit": "kg",
    "comparePrice": "190,74 kr/kg",
    "currentPrice": 103,
    "attributes": [
      "Nyckelhålet",
      "Ursprungsland Sverige",
      "Svensk Fågel"
    ],
    "imgUrl": "https://handlaprivatkund.ica.se/images-v3/bf7a00ca-390e-4769-865f-dc369586872e/fe85fc94-04b5-4090-b18f-4f25744b17ac/500x500.jpg",
    "productInformation": "",
    "countryText": "Sverige",
    "companyText": "Guldfågeln",
    "ingrediensText": "INGREDIENSER: Kycklingbröstfilé, potatisstärkelse, salt, rapsolja, kryddor och kryddextrakter (cayenne, koriander, ingefära, paprika, peppar, spiskummin, vitlök), glukossirap, lök, stabiliseringsmedel (E451, E450), kycklingbuljong, jästextrakt, antioxidationsmedel (E301).Till 100 g produkt har använts 100 g kycklingbröstfilé.",
    "storage": "",
    "allergens": "",
    "usage": "",
    "nutrition": [
      {
        "Näringsvärde": "Energi (kcal)",
        "100 Gram": "140 kcal"
      },
      {
        "Näringsvärde": "Energi (kJ)",
        "100 Gram": "600 kJ"
      },
      {
        "Näringsvärde": "Fett",
        "100 Gram": "3.5 g"
      },
      {
        "Näringsvärde": "Varav mättat fett",
        "100 Gram": "1.1 g"
      },
      {
        "Näringsvärde": "Kolhydrat",
        "100 Gram": "2.7 g"
      },
      {
        "Näringsvärde": "Varav sockerarter",
        "100 Gram": "0.5 g"
      },
      {
        "Näringsvärde": "Protein",
        "100 Gram": "23 g"
      },
      {
        "Näringsvärde": "Salt",
        "100 Gram": "1.5 g"
      }
    ],
    "nutritionUnitText": "Näringsvärde per 100 gram",
    "categories": {
      "mainCategory": "Fryst",
      "subCategories": [
        {
          "name": "Fryst fågel",
          "subSubCategories": [
            "Fryst kyckling färdigmat"
          ]
        }
      ]
    }
  },
  {
    "name": "Husmorspastej Grädd Bakad 200g Lindbergs",
    "weightText": "0.2 kg",
    "caPart": "",
    "weightValue": 0.2,
    "weightUnit": "kg",
    "comparePrice": "87,50 kr/kg",
    "currentPrice": 17.5,
    "attributes": [],
    "imgUrl": "https://handlaprivatkund.ica.se/images-v3/bf7a00ca-390e-4769-865f-dc369586872e/00d4ebc3-aed0-4482-bc1e-2e57bc5705ef/500x500.jpg",
    "productInformation": "",
    "countryText": "",
    "companyText": "Lindbergs",
    "ingrediensText": "Grislever (36%), fett från gris, MJÖLK, VETEmjöl, socker, koksalt, GRÄDDpulver, kryddextrakt, MJÖLKpulver, förtjockningsmedel (E412), lök, muskotnöt, antioxidationsmedel (E301), konserveringsmedel (E250).",
    "storage": "",
    "allergens": "",
    "usage": "",
    "nutrition": [
      {
        "Näringsvärde": "Energi (kcal)",
        "100 Gram": "320 kcal"
      },
      {
        "Näringsvärde": "Energi (kJ)",
        "100 Gram": "1300 kJ"
      },
      {
        "Näringsvärde": "Fett",
        "100 Gram": "26 g"
      },
      {
        "Näringsvärde": "Varav mättat fett",
        "100 Gram": "13 g"
      },
      {
        "Näringsvärde": "Kolhydrat",
        "100 Gram": "9 g"
      },
      {
        "Näringsvärde": "Varav sockerarter",
        "100 Gram": "5.1 g"
      },
      {
        "Näringsvärde": "Protein",
        "100 Gram": "12 g"
      },
      {
        "Näringsvärde": "Salt",
        "100 Gram": "2.7 g"
      },
      {
        "Näringsvärde": "Järn",
        "100 Gram": "7 mg",
        "% av DRI(*)": "50"
      }
    ],
    "nutritionUnitText": "Näringsvärde per 100 gram",
    "categories": {
      "mainCategory": "Kött, Chark & Fågel",
      "subCategories": [
        {
          "name": "Pålägg",
          "subSubCategories": [
            "Pastej & paté",
            "Pastej"
          ]
        }
      ]
    }
  },
  {
    "name": "Lördagskorv Skivad 225g Atria",
    "weightText": "0.225 kg",
    "caPart": "",
    "weightValue": 0.225,
    "weightUnit": "kg",
    "comparePrice": "97,56 kr/kg",
    "currentPrice": 21.95,
    "attributes": [],
    "imgUrl": "https://handlaprivatkund.ica.se/images-v3/bf7a00ca-390e-4769-865f-dc369586872e/54ef4517-fdf9-4d59-8b83-3de3b45d8805/500x500.jpg",
    "productInformation": "Lättrökt medvurst med mild smak av vitpeppar och koriander. Passar till grovt rågbröd med några skivor saltgurka eller till buffébordet.",
    "countryText": "",
    "companyText": "Atria",
    "ingrediensText": "Svinkött, vatten, späck, potatisstärkelse, svål, salt, stabiliseringsmedel E 450, dextros, antioxidationsmedel E 315, konserveringsmedel natriumnitrit, kryddor (bl a chili), arom. Kötthalt 41%. Kött och ingredienser som är jämförbara med kött 50%.",
    "storage": "",
    "allergens": "",
    "usage": "",
    "nutrition": [
      {
        "Näringsvärde": "Energi (kcal)",
        "100 Gram": "225 kcal"
      },
      {
        "Näringsvärde": "Energi (kJ)",
        "100 Gram": "930 kJ"
      },
      {
        "Näringsvärde": "Fett",
        "100 Gram": "19 g"
      },
      {
        "Näringsvärde": "Varav mättat fett",
        "100 Gram": "7 g"
      },
      {
        "Näringsvärde": "Kolhydrat",
        "100 Gram": "5.2 g"
      },
      {
        "Näringsvärde": "Varav sockerarter",
        "100 Gram": "0 g"
      },
      {
        "Näringsvärde": "Fiber",
        "100 Gram": "0 g"
      },
      {
        "Näringsvärde": "Protein",
        "100 Gram": "7.9 g"
      },
      {
        "Näringsvärde": "Salt",
        "100 Gram": "1.9 g"
      }
    ],
    "nutritionUnitText": "Näringsvärde per 100 gram",
    "categories": {
      "mainCategory": "Kött, Chark & Fågel",
      "subCategories": [
        {
          "name": "Pålägg",
          "subSubCategories": [
            "Påläggskorv"
          ]
        }
      ]
    }
  },
  {
    "name": "Kycklingben Fryst 1kg Kronfågel",
    "weightText": "1 kg",
    "caPart": "",
    "weightValue": 1,
    "weightUnit": "kg",
    "comparePrice": "38,50 kr/kg",
    "currentPrice": 38.5,
    "attributes": [
      "Ursprungsland Sverige"
    ],
    "imgUrl": "https://handlaprivatkund.ica.se/images-v3/bf7a00ca-390e-4769-865f-dc369586872e/bb5b69ca-ba2b-453d-88c8-3f3b6dc665d7/500x500.jpg",
    "productInformation": "Mörade kycklingben från Kronfågel är barnens favorit. Smakrika och saftiga passar de utmärkt till middag, på en buffé eller picknick. Tinas i 10-12 timmar före tillagning. Kycklingen är perfekt att grilla eller steka samt servera med valfria grönsaker och tillbehör. 100 % svensk kyckling omsorgsfullt uppfödd på våra svenska gårdar, vilket innebär god djurhållning, högsta kvalitet och hälsosam, klimatsmart mat på tallriken.",
    "countryText": "Sverige",
    "companyText": "Kronfågel",
    "ingrediensText": "Kycklingben 87%, vatten, salt.Ursprung kyckling: Född, uppväxt, slaktad i Sverige.",
    "storage": "",
    "allergens": "",
    "usage": "",
    "nutrition": [
      {
        "Näringsvärde": "Energi (kcal)",
        "100 Gram": "120 kcal"
      },
      {
        "Näringsvärde": "Energi (kJ)",
        "100 Gram": "500 kJ"
      },
      {
        "Näringsvärde": "Fett",
        "100 Gram": "6 g"
      },
      {
        "Näringsvärde": "Varav mättat fett",
        "100 Gram": "1.2 g"
      },
      {
        "Näringsvärde": "Kolhydrat",
        "100 Gram": "0.5 g"
      },
      {
        "Näringsvärde": "Varav sockerarter",
        "100 Gram": "0.5 g"
      },
      {
        "Näringsvärde": "Protein",
        "100 Gram": "16 g"
      },
      {
        "Näringsvärde": "Salt",
        "100 Gram": "0.6 g"
      }
    ],
    "nutritionUnitText": "Näringsvärde per 100 gram",
    "categories": {
      "mainCategory": "Kött, Chark & Fågel",
      "subCategories": [
        {
          "name": "Kyckling & Fågel",
          "subSubCategories": [
            "Kycklingdelar",
            "Kycklingdelar, fryst"
          ]
        }
      ]
    }
  },
  {
    "name": "Fläskfärs Färsk 20% 500g ICA",
    "weightText": "0.5 kg",
    "caPart": "",
    "weightValue": 0.5,
    "weightUnit": "kg",
    "comparePrice": "95,90 kr/kg",
    "currentPrice": 47.95,
    "attributes": [
      "Kött från Sverige"
    ],
    "imgUrl": "https://handlaprivatkund.ica.se/images-v3/bf7a00ca-390e-4769-865f-dc369586872e/6af19f07-ba8f-41a0-8266-4211c88fa925/500x500.jpg",
    "productInformation": "Fläskfärs med 20 % fetthalt från svenska gårdar.",
    "countryText": "",
    "companyText": "ICA",
    "ingrediensText": "Finmald färs av gris**. **Fött, uppfött, slaktat och styckat i Sverige. Berett (malet) i Sverige 507.",
    "storage": "Kylvara. Förvaras vid max 4°C. Lägsta förvaringstemperatur 0°C Högsta förvaringstemperatur 4°C",
    "allergens": "",
    "usage": "",
    "nutrition": [
      {
        "Näringsvärde": "Energi (kcal)",
        "100 Gram": "244 kcal"
      },
      {
        "Näringsvärde": "Energi (kJ)",
        "100 Gram": "1012 kJ"
      },
      {
        "Näringsvärde": "Fett",
        "100 Gram": "20 g"
      },
      {
        "Näringsvärde": "Varav mättat fett",
        "100 Gram": "8.6 g"
      },
      {
        "Näringsvärde": "Kolhydrat",
        "100 Gram": "0.5 g"
      },
      {
        "Näringsvärde": "Varav sockerarter",
        "100 Gram": "0.5 g"
      },
      {
        "Näringsvärde": "Protein",
        "100 Gram": "16 g"
      },
      {
        "Näringsvärde": "Salt",
        "100 Gram": "0.1 g"
      }
    ],
    "nutritionUnitText": "Näringsvärde per 100 gram",
    "categories": {
      "mainCategory": "Kött, Chark & Fågel",
      "subCategories": [
        {
          "name": "Kött",
          "subSubCategories": [
            "Fläsk",
            "Fläskfärs"
          ]
        }
      ]
    }
  },
  {
    "name": "Kokkorv Original med skinn 300g Sibylla",
    "weightText": "0.3 kg",
    "caPart": "",
    "weightValue": 0.3,
    "weightUnit": "kg",
    "comparePrice": "111,67 kr/kg",
    "currentPrice": 33.5,
    "attributes": [],
    "imgUrl": "https://handlaprivatkund.ica.se/images-v3/bf7a00ca-390e-4769-865f-dc369586872e/d04afb8d-46ca-449d-8c3c-9fcbcd72c410/500x500.jpg",
    "productInformation": "Sibylla Kokkorv Original med skinn är baserad på ett recept med anor från 1932. Sjud i vatten med lagerblad och kryddpeppar. Korven ska inte koka.",
    "countryText": "",
    "companyText": "Sibylla",
    "ingrediensText": "Griskött (51%), vatten, fett från gris, potatismjöl, bindväv från gris, salt, druvsocker, lökpulver, kryddextrakt (muskotnöt, svartpeppar, koriander, cayennepeppar), antioxidationsmedel (E300), konserveringsmedel (E250). Köttråvara: EU.",
    "storage": "Kylvara: Kylkonserv, förvaras vid högst +8°C.",
    "allergens": "",
    "usage": "Öppnad förpackning förvaras i kylskåp 3-5 dagar.",
    "nutrition": [],
    "nutritionUnitText": "Näringsvärde per 100 gram",
    "categories": {
      "mainCategory": "Kött, Chark & Fågel",
      "subCategories": [
        {
          "name": "Korv",
          "subSubCategories": [
            "Varmkorv"
          ]
        }
      ]
    }
  },
  {
    "name": "Guldsalami skivad 100g Grilstad",
    "weightText": "0.1 kg",
    "caPart": "",
    "weightValue": 0.1,
    "weightUnit": "kg",
    "comparePrice": "269,50 kr/kg",
    "currentPrice": 26.95,
    "attributes": [
      "Kött från Sverige",
      "Ursprungsland Sverige"
    ],
    "imgUrl": "https://handlaprivatkund.ica.se/images-v3/bf7a00ca-390e-4769-865f-dc369586872e/ce1b51bc-7ad7-4da8-a406-8e74237197fb/500x500.jpg",
    "productInformation": "Grilstad Guldsalami är en mild salami med traditionell smak. Den smalare diametern ger något mer röksmak. Guldsalami har fått flera priser för sin goda smak. Passar utmärkt på smörgåsen/mackan!",
    "countryText": "Sverige",
    "companyText": "Grilstad",
    "ingrediensText": "Ingredienser: Fläskkött*, späck*, nötkött*, salt, kryddblandning (potatisstärkelse, kryddextrakt), vitlök, startkultur och konserveringsmedel natriumnitrit. *Ursprung: Sverige. Köttinnehåll: Till 100 g färdig vara har det använts 127 g kött.",
    "storage": "",
    "allergens": "",
    "usage": "",
    "nutrition": [
      {
        "Näringsvärde": "Energi (kcal)",
        "100 Gram": "417 kcal"
      },
      {
        "Näringsvärde": "Energi (kJ)",
        "100 Gram": "1747 kJ"
      },
      {
        "Näringsvärde": "Fett",
        "100 Gram": "38 g"
      },
      {
        "Näringsvärde": "Varav fleromättat fett",
        "100 Gram": "3.9 g"
      },
      {
        "Näringsvärde": "Varav mättat fett",
        "100 Gram": "15 g"
      },
      {
        "Näringsvärde": "Varav enkelomättat fett",
        "100 Gram": "17 g"
      },
      {
        "Näringsvärde": "Kolhydrat",
        "100 Gram": "0.6 g"
      },
      {
        "Näringsvärde": "Varav sockerarter",
        "100 Gram": "0.5 g"
      },
      {
        "Näringsvärde": "Protein",
        "100 Gram": "19 g"
      },
      {
        "Näringsvärde": "Salt",
        "100 Gram": "5.7 g"
      }
    ],
    "nutritionUnitText": "",
    "categories": {
      "mainCategory": "Kött, Chark & Fågel",
      "subCategories": [
        {
          "name": "Delikatesschark",
          "subSubCategories": [
            "Salami delikatess"
          ]
        }
      ]
    }
  },
  {
    "name": "Hushållsmedwurst 200g Pärsons",
    "weightText": "0.2 kg",
    "caPart": "",
    "weightValue": 0.2,
    "weightUnit": "kg",
    "comparePrice": "124,75 kr/kg",
    "currentPrice": 24.95,
    "attributes": [
      "Kött från Sverige"
    ],
    "imgUrl": "https://handlaprivatkund.ica.se/images-v3/bf7a00ca-390e-4769-865f-dc369586872e/be94c36d-a48b-443b-bc78-053b580e380a/500x500.jpg",
    "productInformation": "",
    "countryText": "",
    "companyText": "Pärsons",
    "ingrediensText": "INGREDIENSER: Svenskt gris- och nötkött* (64%), fett från gris*, socker*, MJÖLKPULVER*, salt, potatisflingor, MJÖLKPROTEIN, vitpeppar, ingefära, konserveringsmedel (E250), färgämne (E120), antioxidationsmedel (E300). Kallrökt. *Ursprung: Sverige.",
    "storage": "",
    "allergens": "",
    "usage": "",
    "nutrition": [
      {
        "Näringsvärde": "Energi (kcal)",
        "100 Gram": "410 kcal"
      },
      {
        "Näringsvärde": "Energi (kJ)",
        "100 Gram": "1700 kJ"
      },
      {
        "Näringsvärde": "Fett",
        "100 Gram": "36 g"
      },
      {
        "Näringsvärde": "Varav mättat fett",
        "100 Gram": "15 g"
      },
      {
        "Näringsvärde": "Kolhydrat",
        "100 Gram": "8 g"
      },
      {
        "Näringsvärde": "Varav sockerarter",
        "100 Gram": "5.7 g"
      },
      {
        "Näringsvärde": "Protein",
        "100 Gram": "13 g"
      },
      {
        "Näringsvärde": "Salt",
        "100 Gram": "3 g"
      }
    ],
    "nutritionUnitText": "Näringsvärde per 100 gram",
    "categories": {
      "mainCategory": "Kött, Chark & Fågel",
      "subCategories": [
        {
          "name": "Pålägg",
          "subSubCategories": [
            "Påläggskorv"
          ]
        }
      ]
    }
  },
  {
    "name": "Högrevsburgare Fryst 4-p 600g Scan",
    "weightText": "0.6 kg",
    "caPart": "",
    "weightValue": 0.6,
    "weightUnit": "kg",
    "comparePrice": "178,33 kr/kg",
    "currentPrice": 107,
    "attributes": [
      "Kött från Sverige",
      "Ursprungsland Sverige"
    ],
    "imgUrl": "https://handlaprivatkund.ica.se/images-v3/bf7a00ca-390e-4769-865f-dc369586872e/67c88be3-2ffa-471d-92ed-0f3123d8689f/500x500.jpg",
    "productInformation": "Vår finaste hamburgare är gjord av svenskt nötkött. Vi grovmaler vår hamburgare med högrev och kryddar med lite salt och peppar. En garanterat smakrik upplevelse!",
    "countryText": "Sverige",
    "companyText": "Scan",
    "ingrediensText": "INGREDIENSER: Svenskt nötkött 99% (varav högrev 60%), salt, peppar.",
    "storage": "Lägsta förvaringstemperatur -40°C Högsta förvaringstemperatur -18°C",
    "allergens": "",
    "usage": "",
    "nutrition": [
      {
        "Näringsvärde": "Energi (kcal)",
        "100 Gram": "230 kcal"
      },
      {
        "Näringsvärde": "Energi (kJ)",
        "100 Gram": "950 kJ"
      },
      {
        "Näringsvärde": "Fett",
        "100 Gram": "17 g"
      },
      {
        "Näringsvärde": "Varav mättat fett",
        "100 Gram": "8.5 g"
      },
      {
        "Näringsvärde": "Kolhydrat",
        "100 Gram": "0.5 g"
      },
      {
        "Näringsvärde": "Varav sockerarter",
        "100 Gram": "0.5 g"
      },
      {
        "Näringsvärde": "Protein",
        "100 Gram": "19 g"
      },
      {
        "Näringsvärde": "Salt",
        "100 Gram": "1 g"
      }
    ],
    "nutritionUnitText": "",
    "categories": {
      "mainCategory": "Fryst",
      "subCategories": [
        {
          "name": "Fryst kött & burgare",
          "subSubCategories": [
            "Frysta hamburgare"
          ]
        }
      ]
    }
  },
  {
    "name": "Medwurst Kokt Skivad 110g Scan",
    "weightText": "0.11 kg",
    "caPart": "",
    "weightValue": 0.11,
    "weightUnit": "kg",
    "comparePrice": "159,09 kr/kg",
    "currentPrice": 17.5,
    "attributes": [
      "Kött från Sverige",
      "Ursprungsland Sverige"
    ],
    "imgUrl": "https://handlaprivatkund.ica.se/images-v3/bf7a00ca-390e-4769-865f-dc369586872e/5fefa855-cf2c-4a68-8e92-999f59ec0ad3/500x500.jpg",
    "productInformation": "En riktig klassiker och en självklarhet på vilket frukostbord som helst. Vår goda kokta medwurst är färdigskivad och paketerad i en skyddande atmosfär. Naturligtvis innehåller alla våra produkter enbart kött från djur från svenska gårdar.",
    "countryText": "Sverige",
    "companyText": "Scan",
    "ingrediensText": "INGREDIENSER: Svenskt gris- och nötkött (61%), vatten, potatismjöl, fett från gris, salt, lök, potatisfiber, kryddor, antioxidationsmedel E300, konserveringsmedel E250.",
    "storage": "",
    "allergens": "",
    "usage": "",
    "nutrition": [
      {
        "Näringsvärde": "Energi (kcal)",
        "100 Gram": "260 kcal"
      },
      {
        "Näringsvärde": "Energi (kJ)",
        "100 Gram": "1100 kJ"
      },
      {
        "Näringsvärde": "Fett",
        "100 Gram": "23 g"
      },
      {
        "Näringsvärde": "Varav mättat fett",
        "100 Gram": "8.4 g"
      },
      {
        "Näringsvärde": "Kolhydrat",
        "100 Gram": "5 g"
      },
      {
        "Näringsvärde": "Varav sockerarter",
        "100 Gram": "0 g"
      },
      {
        "Näringsvärde": "Protein",
        "100 Gram": "9 g"
      },
      {
        "Näringsvärde": "Salt",
        "100 Gram": "1.9 g"
      }
    ],
    "nutritionUnitText": "Näringsvärde per 100 gram",
    "categories": {
      "mainCategory": "Kött, Chark & Fågel",
      "subCategories": [
        {
          "name": "Pålägg",
          "subSubCategories": [
            "Påläggskorv"
          ]
        }
      ]
    }
  },
  {
    "name": "Bacon Kalkon skivor 110g Tulip",
    "weightText": "0.11 kg",
    "caPart": "",
    "weightValue": 0.11,
    "weightUnit": "kg",
    "comparePrice": "168,18 kr/kg",
    "currentPrice": 18.5,
    "attributes": [],
    "imgUrl": "https://handlaprivatkund.ica.se/images-v3/bf7a00ca-390e-4769-865f-dc369586872e/619cebaa-f1dd-4765-96d7-645d0549fd91/500x500.jpg",
    "productInformation": "",
    "countryText": "Tyskland",
    "companyText": "Tulip",
    "ingrediensText": "Ingredienser: Kalkonkött (93%), salt, potatisstärkelse, antioxidationsmedel (E 301), konserveringsmedel (E 250).Rökt och torkat.",
    "storage": "",
    "allergens": "",
    "usage": "",
    "nutrition": [
      {
        "Näringsvärde": "Energi (kcal)",
        "100 Gram": "117 kcal"
      },
      {
        "Näringsvärde": "Energi (kJ)",
        "100 Gram": "491 kJ"
      },
      {
        "Näringsvärde": "Fett",
        "100 Gram": "4.5 g"
      },
      {
        "Näringsvärde": "Varav mättat fett",
        "100 Gram": "1.7 g"
      },
      {
        "Näringsvärde": "Kolhydrat",
        "100 Gram": "1.1 g"
      },
      {
        "Näringsvärde": "Varav sockerarter",
        "100 Gram": "0 g"
      },
      {
        "Näringsvärde": "Protein",
        "100 Gram": "18 g"
      },
      {
        "Näringsvärde": "Salt",
        "100 Gram": "3.3 g"
      }
    ],
    "nutritionUnitText": "Näringsvärde per 100 gram",
    "categories": {
      "mainCategory": "Kött, Chark & Fågel",
      "subCategories": [
        {
          "name": "Matchark",
          "subSubCategories": [
            "Bacon & stekfläsk"
          ]
        }
      ]
    }
  },
  {
    "name": "Wienerkorv Extra fin 80% Kötthalt 720g ICA",
    "weightText": "0.72 kg",
    "caPart": "",
    "weightValue": 0.72,
    "weightUnit": "kg",
    "comparePrice": "94,38 kr/kg",
    "currentPrice": 67.95,
    "attributes": [
      "Glutenfritt",
      "Kött från Sverige",
      "Laktosfritt"
    ],
    "imgUrl": "https://handlaprivatkund.ica.se/images-v3/bf7a00ca-390e-4769-865f-dc369586872e/3ee68183-648a-405c-b0b6-2634cc372ec8/500x500.jpg",
    "productInformation": "Vår extra fina Wienerkorv i storpack med högre kötthalt passar perfekt för hela familjen eller på kalaset. Koka den ihop med lagerblad och kryddpeppar och lägg den sedan i ett korvbröd med klassiska tillbehör eller ihop med krämigt potatismos! Mums!",
    "countryText": "",
    "companyText": "ICA",
    "ingrediensText": "Gris*- och nötkött* 80%, vatten, potatismjöl, salt, druvsocker, kryddor (paprika, ingefära, muskotnöt, libbsticka), svartpepparextrakt, antioxidationsmedel (E300), konserveringsmedel (E250).Alspånsrökt.Stoppad i naturtarm från får.*Fött, uppfött och slaktat i Sverige.",
    "storage": "Kylvara: Förvaras vid högst +8°C",
    "allergens": "",
    "usage": "",
    "nutrition": [
      {
        "Näringsvärde": "Energi (kcal)",
        "100 Gram": "270 kcal"
      },
      {
        "Näringsvärde": "Energi (kJ)",
        "100 Gram": "1120 kJ"
      },
      {
        "Näringsvärde": "Fett",
        "100 Gram": "22 g"
      },
      {
        "Näringsvärde": "Varav mättat fett",
        "100 Gram": "8.9 g"
      },
      {
        "Näringsvärde": "Kolhydrat",
        "100 Gram": "6 g"
      },
      {
        "Näringsvärde": "Varav sockerarter",
        "100 Gram": "1.1 g"
      },
      {
        "Näringsvärde": "Protein",
        "100 Gram": "12 g"
      },
      {
        "Näringsvärde": "Salt",
        "100 Gram": "1.8 g"
      }
    ],
    "nutritionUnitText": "Näringsvärde per 100 gram",
    "categories": {
      "mainCategory": "Kött, Chark & Fågel",
      "subCategories": [
        {
          "name": "Korv",
          "subSubCategories": [
            "Varmkorv"
          ]
        }
      ]
    }
  },
  {
    "name": "Kycklingburgare Fryst 8-p 760g Guldfågeln",
    "weightText": "0.76 kg",
    "caPart": "",
    "weightValue": 0.76,
    "weightUnit": "kg",
    "comparePrice": "135,53 kr/kg",
    "currentPrice": 103,
    "attributes": [
      "Ursprungsland Sverige",
      "Svensk Fågel"
    ],
    "imgUrl": "https://handlaprivatkund.ica.se/images-v3/bf7a00ca-390e-4769-865f-dc369586872e/39d74f74-5e3c-402f-a00e-52e861c8115f/500x500.jpg",
    "productInformation": "",
    "countryText": "Sverige",
    "companyText": "Guldfågeln",
    "ingrediensText": "Kycklingkött (56%), rismjöl, majsmjöl, vatten, potatisstärkelse, modifierad majsstärkelse, salt, solrosolja,druvsocker, kryddor och kryddextrakter (lök, vitlök, svartpeppar), bakpulver (E450, E500), kycklingbuljong (salt,rosmarinextrakt), arom, jästextrakt, stabiliseringsmedel (E415), färgämne (E160c). Friterade i rapsolja",
    "storage": "",
    "allergens": "",
    "usage": "",
    "nutrition": [
      {
        "Näringsvärde": "Energi (kcal)",
        "100 Gram": "290 kcal"
      },
      {
        "Näringsvärde": "Energi (kJ)",
        "100 Gram": "1200 kJ"
      },
      {
        "Näringsvärde": "Fett",
        "100 Gram": "18 g"
      },
      {
        "Näringsvärde": "Varav mättat fett",
        "100 Gram": "4.2 g"
      },
      {
        "Näringsvärde": "Kolhydrat",
        "100 Gram": "17 g"
      },
      {
        "Näringsvärde": "Varav sockerarter",
        "100 Gram": "0.5 g"
      },
      {
        "Näringsvärde": "Protein",
        "100 Gram": "12 g"
      },
      {
        "Näringsvärde": "Salt",
        "100 Gram": "1.4 g"
      }
    ],
    "nutritionUnitText": "Näringsvärde per 100 gram",
    "categories": {
      "mainCategory": "Fryst",
      "subCategories": [
        {
          "name": "Fryst kött & burgare",
          "subSubCategories": [
            "Frysta hamburgare"
          ]
        }
      ]
    }
  },
  {
    "name": "Emilskinka Kokt 120g Pärsons",
    "weightText": "0.12 kg",
    "caPart": "",
    "weightValue": 0.12,
    "weightUnit": "kg",
    "comparePrice": "241,25 kr/kg",
    "currentPrice": 28.95,
    "attributes": [
      "Nyckelhålet",
      "Kött från Sverige",
      "Ursprungsland Sverige"
    ],
    "imgUrl": "https://handlaprivatkund.ica.se/images-v3/bf7a00ca-390e-4769-865f-dc369586872e/9bfd7a6e-9ca3-49a1-9d84-50ff42343e72/500x500.jpg",
    "productInformation": "Vår klassiska Emilskinka är en välputsad helmuskelskinka. Endast de finaste delarna av skinkan används. Skinkan kokas varsamt för att få en saftig och mild smak.",
    "countryText": "Sverige",
    "companyText": "Pärsons",
    "ingrediensText": "INGREDIENSER: Svensk skinka helmuskel 89%, vatten, koksalt, antioxidationsmedel (E326, E301), stabiliseringsmedel (E451), potatisstärkelse, druvsocker, potatisfiber, socker, konserveringsmedel (E250).",
    "storage": "Lägsta förvaringstemperatur 0°C Högsta förvaringstemperatur 8°C",
    "allergens": "",
    "usage": "",
    "nutrition": [
      {
        "Näringsvärde": "Energi (kcal)",
        "100 Gram": "105 kcal"
      },
      {
        "Näringsvärde": "Energi (kJ)",
        "100 Gram": "440 kJ"
      },
      {
        "Näringsvärde": "Fett",
        "100 Gram": "2.7 g"
      },
      {
        "Näringsvärde": "Varav mättat fett",
        "100 Gram": "0.9 g"
      },
      {
        "Näringsvärde": "Kolhydrat",
        "100 Gram": "0.9 g"
      },
      {
        "Näringsvärde": "Varav sockerarter",
        "100 Gram": "0.4 g"
      },
      {
        "Näringsvärde": "Fiber",
        "100 Gram": "1 g"
      },
      {
        "Näringsvärde": "Protein",
        "100 Gram": "19 g"
      },
      {
        "Näringsvärde": "Salt",
        "100 Gram": "2.4 g"
      },
      {
        "Näringsvärde": "Natrium",
        "100 Gram": "1.5 g"
      }
    ],
    "nutritionUnitText": "",
    "categories": {
      "mainCategory": "Kött, Chark & Fågel",
      "subCategories": [
        {
          "name": "Pålägg",
          "subSubCategories": [
            "Skinka"
          ]
        }
      ]
    }
  },
  {
    "name": "Chicken sticks crispy 350g Guldfågeln",
    "weightText": "0.35 kg",
    "caPart": "",
    "weightValue": 0.35,
    "weightUnit": "kg",
    "comparePrice": "117,00 kr/kg",
    "currentPrice": 40.95,
    "attributes": [
      "Ursprungsland Sverige",
      "Svensk Fågel"
    ],
    "imgUrl": "https://handlaprivatkund.ica.se/images-v3/bf7a00ca-390e-4769-865f-dc369586872e/1982f082-d5b1-4a75-8d85-7b6445e8e95c/500x500.jpg",
    "productInformation": "",
    "countryText": "Sverige",
    "companyText": "Guldfågeln",
    "ingrediensText": "INGREDIENSER:Kycklingkött (56%), rismjöl, majsmjöl, vatten, potatisstärkelse, modifierad majsstärkelse, salt, solrosolja,druvsocker, kryddor och kryddextrakter (lök, vitlök, svartpeppar), kycklingbuljong, arom, stabiliseringsmedel (E415), färgämne (E160c).Produkten är friterad i rapsolja.",
    "storage": "",
    "allergens": "",
    "usage": "",
    "nutrition": [
      {
        "Näringsvärde": "Energi (kcal)",
        "100 Gram": "290 kcal"
      },
      {
        "Näringsvärde": "Energi (kJ)",
        "100 Gram": "1200 kJ"
      },
      {
        "Näringsvärde": "Fett",
        "100 Gram": "18 g"
      },
      {
        "Näringsvärde": "Varav mättat fett",
        "100 Gram": "6 g"
      },
      {
        "Näringsvärde": "Kolhydrat",
        "100 Gram": "17 g"
      },
      {
        "Näringsvärde": "Varav sockerarter",
        "100 Gram": "0.5 g"
      },
      {
        "Näringsvärde": "Protein",
        "100 Gram": "12 g"
      },
      {
        "Näringsvärde": "Salt",
        "100 Gram": "1.4 g"
      }
    ],
    "nutritionUnitText": "Näringsvärde per 100 gram",
    "categories": {
      "mainCategory": "Kött, Chark & Fågel",
      "subCategories": [
        {
          "name": "Kyckling & Fågel",
          "subSubCategories": [
            "Förberedd fågel",
            "Förberedd fågel, fryst"
          ]
        }
      ]
    }
  },
  {
    "name": "Färs Salsiccia 400g Nonna Elide",
    "weightText": "0.4 kg",
    "caPart": "",
    "weightValue": 0.4,
    "weightUnit": "kg",
    "comparePrice": "119,88 kr/kg",
    "currentPrice": 47.95,
    "attributes": [],
    "imgUrl": "https://handlaprivatkund.ica.se/images-v3/bf7a00ca-390e-4769-865f-dc369586872e/f400f13d-5f8b-4d2b-a63f-7e4f99cd970a/500x500.jpg",
    "productInformation": "",
    "countryText": "",
    "companyText": "Nonna Elide",
    "ingrediensText": "Ingredienser: fläskkött 90%, salt, dextros, sackaros, aromer, E262 (natriumacetat). Antioxidationmedel: E300, E331. Konserveringsmedel: E250.",
    "storage": "",
    "allergens": "",
    "usage": "",
    "nutrition": [
      {
        "Näringsvärde": "Energi (kcal)",
        "100 Gram": "281 kcal"
      },
      {
        "Näringsvärde": "Energi (kJ)",
        "100 Gram": "1162 kJ"
      },
      {
        "Näringsvärde": "Fett",
        "100 Gram": "24.2 g"
      },
      {
        "Näringsvärde": "Varav mättat fett",
        "100 Gram": "5.7 g"
      },
      {
        "Näringsvärde": "Kolhydrat",
        "100 Gram": "0.2 g"
      },
      {
        "Näringsvärde": "Varav sockerarter",
        "100 Gram": "0.2 g"
      },
      {
        "Näringsvärde": "Fiber",
        "100 Gram": "0 g"
      },
      {
        "Näringsvärde": "Protein",
        "100 Gram": "15.5 g"
      },
      {
        "Näringsvärde": "Salt",
        "100 Gram": "2.3 g"
      }
    ],
    "nutritionUnitText": "Näringsvärde per 100 gram",
    "categories": {
      "mainCategory": "Kött, Chark & Fågel",
      "subCategories": [
        {
          "name": "Kött",
          "subSubCategories": [
            "Fläsk",
            "Fläskfärs"
          ]
        }
      ]
    }
  },
  {
    "name": "Falukorv 300g Scan",
    "weightText": "0.3 kg",
    "caPart": "",
    "weightValue": 0.3,
    "weightUnit": "kg",
    "comparePrice": "91,67 kr/kg",
    "currentPrice": 27.5,
    "attributes": [
      "Glutenfritt",
      "Kött från Sverige",
      "Ursprungsland Sverige",
      "Laktosfritt"
    ],
    "imgUrl": "https://handlaprivatkund.ica.se/images-v3/bf7a00ca-390e-4769-865f-dc369586872e/764b4974-35e3-49a8-8372-3dd41906883f/500x500.jpg",
    "productInformation": "En lättlagad vardagsfavorit. Smakfullt kryddad enligt klassiskt recept med bland annat ingefära, muskot och svartpeppar. Falukorven är varmrökt och med en len smak. I våra produkter ingår endast kött från svenska gårdar. Garanterad traditionell specialitet.",
    "countryText": "Sverige",
    "companyText": "Scan",
    "ingrediensText": "INGREDIENSER: Svenskt gris- och nötkött (58%)*, vatten, fett från gris- och nötkött*, potatismjöl, salt, lök, kryddor, kryddextrakter (cayenne, muskot), antioxidationsmedel E300, konserveringsmedel E250, rökarom. *Ursprung: Sverige.",
    "storage": "",
    "allergens": "",
    "usage": "",
    "nutrition": [
      {
        "Näringsvärde": "Energi (kcal)",
        "100 Gram": "260 kcal"
      },
      {
        "Näringsvärde": "Energi (kJ)",
        "100 Gram": "1050 kJ"
      },
      {
        "Näringsvärde": "Fett",
        "100 Gram": "23 g"
      },
      {
        "Näringsvärde": "Varav mättat fett",
        "100 Gram": "9.5 g"
      },
      {
        "Näringsvärde": "Kolhydrat",
        "100 Gram": "4 g"
      },
      {
        "Näringsvärde": "Varav sockerarter",
        "100 Gram": "0.5 g"
      },
      {
        "Näringsvärde": "Protein",
        "100 Gram": "9 g"
      },
      {
        "Näringsvärde": "Salt",
        "100 Gram": "1.8 g"
      }
    ],
    "nutritionUnitText": "Näringsvärde per 100 gram",
    "categories": {
      "mainCategory": "Kött, Chark & Fågel",
      "subCategories": [
        {
          "name": "Korv",
          "subSubCategories": [
            "Falukorv"
          ]
        }
      ]
    }
  },
  {
    "name": "Bacon Skivat 120g ICA Basic",
    "weightText": "0.12 kg",
    "caPart": "",
    "weightValue": 0.12,
    "weightUnit": "kg",
    "comparePrice": "95,83 kr/kg",
    "currentPrice": 11.5,
    "attributes": [
      "Kött från Sverige"
    ],
    "imgUrl": "https://handlaprivatkund.ica.se/images-v3/bf7a00ca-390e-4769-865f-dc369586872e/120c12b0-57ea-4cff-b5d2-fa10c2322f2c/500x500.jpg",
    "productInformation": "ICA Basic Bacon skivat är ett bra vardagsbacon av kött från Sverige. Den passar lika bra i äggröran på morgonen som till pastasåsen till middagen. Stek i het panna några minuter på varje sida och låt droppa av på lite hushållspapper.",
    "countryText": "",
    "companyText": "ICA Basic",
    "ingrediensText": "Ingredienser: Griskött* 92%, salt, antioxidationsmedel (E301, E331), glukossirap, konserveringsmedel (E250). *Fött, uppfött och slaktat i Sverige",
    "storage": "Lägsta förvaringstemperatur 0°C Högsta förvaringstemperatur 8°C",
    "allergens": "",
    "usage": "",
    "nutrition": [
      {
        "Näringsvärde": "Energi (kcal)",
        "100 Gram": "310 kcal"
      },
      {
        "Näringsvärde": "Energi (kJ)",
        "100 Gram": "1283 kJ"
      },
      {
        "Näringsvärde": "Fett",
        "100 Gram": "28 g"
      },
      {
        "Näringsvärde": "Varav mättat fett",
        "100 Gram": "11 g"
      },
      {
        "Näringsvärde": "Kolhydrat",
        "100 Gram": "0.5 g"
      },
      {
        "Näringsvärde": "Varav sockerarter",
        "100 Gram": "0.5 g"
      },
      {
        "Näringsvärde": "Protein",
        "100 Gram": "14 g"
      },
      {
        "Näringsvärde": "Salt",
        "100 Gram": "2.2 g"
      }
    ],
    "nutritionUnitText": "",
    "categories": {
      "mainCategory": "Kött, Chark & Fågel",
      "subCategories": [
        {
          "name": "Matchark",
          "subSubCategories": [
            "Bacon & stekfläsk"
          ]
        }
      ]
    }
  },
  {
    "name": "Högrevsfärs Färsk 18% 500g ICA",
    "weightText": "0.5 kg",
    "caPart": "",
    "weightValue": 0.5,
    "weightUnit": "kg",
    "comparePrice": "185,90 kr/kg",
    "currentPrice": 92.95,
    "attributes": [
      "Kött från Sverige"
    ],
    "imgUrl": "https://handlaprivatkund.ica.se/images-v3/bf7a00ca-390e-4769-865f-dc369586872e/316c13d0-f1ce-4ce9-abca-3f67c587bbab/500x500.jpg",
    "productInformation": "Högrevsfärs med 18% fetthalt från svenska gårdar. Passar utmärkt som ingrediens i hamburgare.",
    "countryText": "",
    "companyText": "ICA",
    "ingrediensText": "Grovmald färs av högrev 70% och bringa 30% av nöt*. *Fött, uppfött, slaktat och styckat i Sverige. Berett (malet) i Sverige 507.",
    "storage": "",
    "allergens": "",
    "usage": "",
    "nutrition": [
      {
        "Näringsvärde": "Energi (kcal)",
        "100 Gram": "235 kcal"
      },
      {
        "Näringsvärde": "Energi (kJ)",
        "100 Gram": "975 kJ"
      },
      {
        "Näringsvärde": "Fett",
        "100 Gram": "18 g"
      },
      {
        "Näringsvärde": "Varav mättat fett",
        "100 Gram": "7.9 g"
      },
      {
        "Näringsvärde": "Kolhydrat",
        "100 Gram": "0.5 g"
      },
      {
        "Näringsvärde": "Varav sockerarter",
        "100 Gram": "0.5 g"
      },
      {
        "Näringsvärde": "Protein",
        "100 Gram": "19 g"
      },
      {
        "Näringsvärde": "Salt",
        "100 Gram": "0.18 g"
      }
    ],
    "nutritionUnitText": "Näringsvärde per 100 gram",
    "categories": {
      "mainCategory": "Kött, Chark & Fågel",
      "subCategories": [
        {
          "name": "Köttfärs",
          "subSubCategories": [
            "Nötfärs"
          ]
        }
      ]
    }
  },
  {
    "name": "Salami Rökt Tunna Skivor 200g Pärsons",
    "weightText": "0.2 kg",
    "caPart": "",
    "weightValue": 0.2,
    "weightUnit": "kg",
    "comparePrice": "154,75 kr/kg",
    "currentPrice": 30.95,
    "attributes": [
      "Kött från Sverige",
      "Ursprungsland Sverige"
    ],
    "imgUrl": "https://handlaprivatkund.ica.se/images-v3/bf7a00ca-390e-4769-865f-dc369586872e/122fb76b-cf01-4432-944b-39e7f7e60408/500x500.jpg",
    "productInformation": "Rökt salami av nöt- och fläskkött i tunna skivor kryddad med vitlök och vitpeppar. Passar till frukosten, mellanmålet och på charkbrickan.",
    "countryText": "Sverige",
    "companyText": "Pärsons",
    "ingrediensText": "INGREDIENSER: Svenskt gris- och nötkött* (73%), fett från gris*, koksalt, MJÖLKPROTEIN, socker*, vitpeppar, vitlökspulver, konserveringsmedel (E250), färgämne (E120), antioxidationsmedel (E300). Kallrökt. *Ursprung: Sverige.",
    "storage": "",
    "allergens": "",
    "usage": "",
    "nutrition": [
      {
        "Näringsvärde": "Energi (kcal)",
        "100 Gram": "460 kcal"
      },
      {
        "Näringsvärde": "Energi (kJ)",
        "100 Gram": "1940 kJ"
      },
      {
        "Näringsvärde": "Fett",
        "100 Gram": "44 g"
      },
      {
        "Näringsvärde": "Varav mättat fett",
        "100 Gram": "13 g"
      },
      {
        "Näringsvärde": "Kolhydrat",
        "100 Gram": "3 g"
      },
      {
        "Näringsvärde": "Varav sockerarter",
        "100 Gram": "1.9 g"
      },
      {
        "Näringsvärde": "Protein",
        "100 Gram": "14 g"
      },
      {
        "Näringsvärde": "Salt",
        "100 Gram": "2.8 g"
      }
    ],
    "nutritionUnitText": "Näringsvärde per 100 gram",
    "categories": {
      "mainCategory": "Kött, Chark & Fågel",
      "subCategories": [
        {
          "name": "Pålägg",
          "subSubCategories": [
            "Salami"
          ]
        }
      ]
    }
  },
  {
    "name": "Fläskfärs Färsk 20% 1kg ICA",
    "weightText": "1 kg",
    "caPart": "",
    "weightValue": 1,
    "weightUnit": "kg",
    "comparePrice": "77,95 kr/kg",
    "currentPrice": 77.95,
    "attributes": [
      "Kött från Sverige"
    ],
    "imgUrl": "https://handlaprivatkund.ica.se/images-v3/bf7a00ca-390e-4769-865f-dc369586872e/8a8f6acf-49c4-4ee5-8e19-c25bc420e92f/500x500.jpg",
    "productInformation": "",
    "countryText": "",
    "companyText": "ICA",
    "ingrediensText": "Finmald färs av gris**. **Fött, uppfött, slaktat och styckat i Sverige. Berett (malet) i Sverige 507.",
    "storage": "",
    "allergens": "",
    "usage": "",
    "nutrition": [
      {
        "Näringsvärde": "Energi (kcal)",
        "100 Gram": "244 kcal"
      },
      {
        "Näringsvärde": "Energi (kJ)",
        "100 Gram": "1012 kJ"
      },
      {
        "Näringsvärde": "Fett",
        "100 Gram": "20 g"
      },
      {
        "Näringsvärde": "Varav mättat fett",
        "100 Gram": "8.6 g"
      },
      {
        "Näringsvärde": "Kolhydrat",
        "100 Gram": "0.5 g"
      },
      {
        "Näringsvärde": "Varav sockerarter",
        "100 Gram": "0.5 g"
      },
      {
        "Näringsvärde": "Protein",
        "100 Gram": "16 g"
      },
      {
        "Näringsvärde": "Salt",
        "100 Gram": "0.14 g"
      }
    ],
    "nutritionUnitText": "Näringsvärde per 100 gram",
    "categories": {
      "mainCategory": "Kött, Chark & Fågel",
      "subCategories": [
        {
          "name": "Kött",
          "subSubCategories": [
            "Fläsk",
            "Fläskfärs"
          ]
        }
      ]
    }
  },
  {
    "name": "Gyroskebab 275g Schysstkäk",
    "weightText": "0.275 kg",
    "caPart": "",
    "weightValue": 0.275,
    "weightUnit": "kg",
    "comparePrice": "188,91 kr/kg",
    "currentPrice": 51.95,
    "attributes": [
      "Kött från Sverige",
      "Ursprungsland Sverige"
    ],
    "imgUrl": "https://handlaprivatkund.ica.se/images-v3/bf7a00ca-390e-4769-865f-dc369586872e/590121f9-0f67-4179-8af0-d293f57b041e/500x500.jpg",
    "productInformation": "En färsk Gyroskebab som passa lika bra i ett pitabröd som på pizzan. En grillad, saftig och smakrik gyros som smakar sådär äkta som gyros ska smaka.",
    "countryText": "Sverige",
    "companyText": "Schysst käk",
    "ingrediensText": "Fläskkött* (79 %), vatten, potatisstärkelse, kryddor, salt, lök, vitlök, druvsocker, örtkrydda, tomat, potatisfiber, kryddextrakt, konserveringsmedel (E262, E301), stabiliseringsmedel (E450, E451), surhetsreglerande medel (E270, E327). *Ursprung: Sverige",
    "storage": "Förvaras kylt. +2°C - +8°C",
    "allergens": "",
    "usage": "",
    "nutrition": [
      {
        "Näringsvärde": "Energi (kcal)",
        "100 Gram": "160 kcal"
      },
      {
        "Näringsvärde": "Energi (kJ)",
        "100 Gram": "650 kJ"
      },
      {
        "Näringsvärde": "Fett",
        "100 Gram": "8 g"
      },
      {
        "Näringsvärde": "Varav mättat fett",
        "100 Gram": "3.4 g"
      },
      {
        "Näringsvärde": "Kolhydrat",
        "100 Gram": "5.2 g"
      },
      {
        "Näringsvärde": "Varav sockerarter",
        "100 Gram": "0.9 g"
      },
      {
        "Näringsvärde": "Protein",
        "100 Gram": "16 g"
      },
      {
        "Näringsvärde": "Salt",
        "100 Gram": "2.4 g"
      }
    ],
    "nutritionUnitText": "Näringsvärde per 100 gram",
    "categories": {
      "mainCategory": "Kött, Chark & Fågel",
      "subCategories": [
        {
          "name": "Kött",
          "subSubCategories": [
            "Fläsk",
            "Färdigkryddat fläskkött"
          ]
        }
      ]
    }
  },
  {
    "name": "Skinka Rökt Peppar Tunna Skivor 170g ICA",
    "weightText": "0.17 kg",
    "caPart": "",
    "weightValue": 0.17,
    "weightUnit": "kg",
    "comparePrice": "140,88 kr/kg",
    "currentPrice": 23.95,
    "attributes": [
      "Nyckelhålet",
      "Kött från Sverige"
    ],
    "imgUrl": "https://handlaprivatkund.ica.se/images-v3/bf7a00ca-390e-4769-865f-dc369586872e/d2db1fc9-c03c-4447-aa8a-784feff36321/500x500.jpg",
    "productInformation": "ICA Skinka Rökt Peppar är en lätt rökig och pepprig skinka som gör sig perfekt till smörgåsen. Gjord på kött från Sverige.",
    "countryText": "",
    "companyText": "ICA",
    "ingrediensText": "Ingredienser: Skinka av gris* (helmuskel) 88%, vatten, salt, svart-peppar, stabiliseringsmedel (E451), potatismjöl, druvsocker, potatisfiber, socker, antioxidationsmedel (E301), konserveringsmedel (E250). *Fött, uppfött och slaktat i Sverige.",
    "storage": "Lägsta förvaringstemperatur 0°C Högsta förvaringstemperatur 8°C",
    "allergens": "",
    "usage": "",
    "nutrition": [
      {
        "Näringsvärde": "Energi (kcal)",
        "100 Gram": "90 kcal"
      },
      {
        "Näringsvärde": "Energi (kJ)",
        "100 Gram": "381 kJ"
      },
      {
        "Näringsvärde": "Fett",
        "100 Gram": "1.1 g"
      },
      {
        "Näringsvärde": "Varav mättat fett",
        "100 Gram": "0.4 g"
      },
      {
        "Näringsvärde": "Kolhydrat",
        "100 Gram": "2 g"
      },
      {
        "Näringsvärde": "Varav sockerarter",
        "100 Gram": "0.5 g"
      },
      {
        "Näringsvärde": "Protein",
        "100 Gram": "18 g"
      },
      {
        "Näringsvärde": "Salt",
        "100 Gram": "2.4 g"
      }
    ],
    "nutritionUnitText": "",
    "categories": {
      "mainCategory": "Kött, Chark & Fågel",
      "subCategories": [
        {
          "name": "Pålägg",
          "subSubCategories": [
            "Skinka"
          ]
        }
      ]
    }
  },
  {
    "name": "Chilimedaljong 300g ICA",
    "weightText": "0.3 kg",
    "caPart": "",
    "weightValue": 0.3,
    "weightUnit": "kg",
    "comparePrice": "166,50 kr/kg",
    "currentPrice": 49.95,
    "attributes": [
      "Kött från Sverige"
    ],
    "imgUrl": "https://handlaprivatkund.ica.se/images-v3/bf7a00ca-390e-4769-865f-dc369586872e/1aa65c2e-db05-4dab-a651-efb1a1187e71/500x500.jpg",
    "productInformation": "ICAs Chilimedaljong är en lättrimmad fläskytterfilé kryddad med viss chilihetta. En väldigt mör filé som är lättladag och enkel. Serveras förslagsvis med skivad ugnspotatis och en god sås gjord på skyn från stekningen.",
    "countryText": "",
    "companyText": "ICA",
    "ingrediensText": "Benfri kotlett av gris 88%*, vatten, salt, kryddor (chilipeppar, jalapeno, röd paprika, grön paprika, svartpeppar, grönpeppar), tomat, druvsocker, vinäger, naturliga aromer, glutenfri HAVREfiber. *Fött, uppfött, slaktat och styckat i Sverige.",
    "storage": "Kylvara. Förvaras vid högst 4°C. Lägsta förvaringstemperatur 0°C Högsta förvaringstemperatur 4°C",
    "allergens": "",
    "usage": "",
    "nutrition": [
      {
        "Näringsvärde": "Energi (kcal)",
        "100 Gram": "99 kcal"
      },
      {
        "Näringsvärde": "Energi (kJ)",
        "100 Gram": "418 kJ"
      },
      {
        "Näringsvärde": "Fett",
        "100 Gram": "1.7 g"
      },
      {
        "Näringsvärde": "Varav mättat fett",
        "100 Gram": "0.6 g"
      },
      {
        "Näringsvärde": "Kolhydrat",
        "100 Gram": "1.5 g"
      },
      {
        "Näringsvärde": "Varav sockerarter",
        "100 Gram": "1.1 g"
      },
      {
        "Näringsvärde": "Protein",
        "100 Gram": "19 g"
      },
      {
        "Näringsvärde": "Salt",
        "100 Gram": "0.82 g"
      }
    ],
    "nutritionUnitText": "",
    "categories": {
      "mainCategory": "Kött, Chark & Fågel",
      "subCategories": [
        {
          "name": "Kött",
          "subSubCategories": [
            "Fläsk",
            "Färdigkryddat fläskkött"
          ]
        }
      ]
    }
  },
  {
    "name": "Kyckling Classic Bröstfilé Stekt och Skivad 200g Kronfågel",
    "weightText": "0.2 kg",
    "caPart": "",
    "weightValue": 0.2,
    "weightUnit": "kg",
    "comparePrice": "224,75 kr/kg",
    "currentPrice": 44.95,
    "attributes": [
      "Nyckelhålet"
    ],
    "imgUrl": "https://handlaprivatkund.ica.se/images-v3/bf7a00ca-390e-4769-865f-dc369586872e/8dc0610f-cb68-4021-8a63-e87bcc4a2ed1/500x500.jpg",
    "productInformation": "Stekt och skivad kyckling Classic från Kronfågel är en av våra goda vardagsfavoriter. En kycklingfilé färdig att äta, milt kryddad för att passa i rätter av många olika slag, till lunch, middag eller en festmåltid. Stekt och skivad kycklingfilé Classic med naturell smak kan serveras kall eller varm, enkel att servera familjen eller större sällskap. 100 % svensk kyckling omsorgsfullt uppfödd på våra svenska gårdar, vilket innebär god djurhållning, högsta kvalitet och hälsosam, klimatsmart mat på tallriken",
    "countryText": "",
    "companyText": "Kronfågel",
    "ingrediensText": "Kycklingbröstfilé, salt, stabiliseringsmedel (E450, E451), druvsocker, surhetsreglerande medel (E262), antioxidationsmedel (E301), arom. Till 100g färdig kyckling har använts 114g kyckling.",
    "storage": "",
    "allergens": "",
    "usage": "",
    "nutrition": [
      {
        "Näringsvärde": "Energi (kcal)",
        "100 Gram": "100 kcal"
      },
      {
        "Näringsvärde": "Energi (kJ)",
        "100 Gram": "430 kJ"
      },
      {
        "Näringsvärde": "Fett",
        "100 Gram": "1.7 g"
      },
      {
        "Näringsvärde": "Varav mättat fett",
        "100 Gram": "0.5 g"
      },
      {
        "Näringsvärde": "Kolhydrat",
        "100 Gram": "0.5 g"
      },
      {
        "Näringsvärde": "Varav sockerarter",
        "100 Gram": "0.5 g"
      },
      {
        "Näringsvärde": "Protein",
        "100 Gram": "21 g"
      },
      {
        "Näringsvärde": "Salt",
        "100 Gram": "1.5 g"
      }
    ],
    "nutritionUnitText": "Näringsvärde per 100 gram",
    "categories": {
      "mainCategory": "Kött, Chark & Fågel",
      "subCategories": [
        {
          "name": "Kyckling & Fågel",
          "subSubCategories": [
            "Förberedd fågel",
            "Förberedd fågel, färsk"
          ]
        }
      ]
    }
  },
  {
    "name": "Cognacsmedwurst Tunna Skivor 200g Pärsons",
    "weightText": "0.2 kg",
    "caPart": "",
    "weightValue": 0.2,
    "weightUnit": "kg",
    "comparePrice": "124,75 kr/kg",
    "currentPrice": 24.95,
    "attributes": [
      "Kött från Sverige"
    ],
    "imgUrl": "https://handlaprivatkund.ica.se/images-v3/bf7a00ca-390e-4769-865f-dc369586872e/2f34df59-8612-446f-a6f7-0afd81ef3b29/500x500.jpg",
    "productInformation": "Pärsons cognacsmedwurst är en klassisk medwurst med en balanserad ton av cognac. Vi kallröker medwursten på gammaldags vis, långsamt och i flera dagar över alspån. Korven får sedan hänga och mogna till sig för att utveckla sin karaktäristiska smak och syrlighet.Vår cognacsmedwurst smakar gott på såväl vitt bröd som fullkornsbröd, kanske extra god på en klassisk sirapslimpa. Toppa gärna med något krispigt eller syrligt, såsom gurka, picklade grönsaker eller krispig sallad.",
    "countryText": "",
    "companyText": "Pärsons",
    "ingrediensText": "INGREDIENSER: Svenskt gris- och nötkött* (64%), fett från gris*, socker*, MJÖLKPULVER*, salt, potatisflingor, MJÖLKPROTEIN, cognac, cognacsarom, vitpeppar, ingefära, konserveringsmedel (E250), färgämne (E120), antioxidationsmedel (E300). *Ursprung: Sverige.",
    "storage": "",
    "allergens": "",
    "usage": "",
    "nutrition": [
      {
        "Näringsvärde": "Energi (kcal)",
        "100 Gram": "410 kcal"
      },
      {
        "Näringsvärde": "Energi (kJ)",
        "100 Gram": "1700 kJ"
      },
      {
        "Näringsvärde": "Fett",
        "100 Gram": "36 g"
      },
      {
        "Näringsvärde": "Varav mättat fett",
        "100 Gram": "15 g"
      },
      {
        "Näringsvärde": "Kolhydrat",
        "100 Gram": "8 g"
      },
      {
        "Näringsvärde": "Varav sockerarter",
        "100 Gram": "5.7 g"
      },
      {
        "Näringsvärde": "Protein",
        "100 Gram": "13 g"
      },
      {
        "Näringsvärde": "Salt",
        "100 Gram": "3 g"
      }
    ],
    "nutritionUnitText": "Näringsvärde per 100 gram",
    "categories": {
      "mainCategory": "Kött, Chark & Fågel",
      "subCategories": [
        {
          "name": "Pålägg",
          "subSubCategories": [
            "Påläggskorv"
          ]
        }
      ]
    }
  },
  {
    "name": "Delikatessköttbullar Frysta 450g ICA",
    "weightText": "0.45 kg",
    "caPart": "",
    "weightValue": 0.45,
    "weightUnit": "kg",
    "comparePrice": "102,11 kr/kg",
    "currentPrice": 45.95,
    "attributes": [
      "Kött från Sverige",
      "Ursprungsland Sverige"
    ],
    "imgUrl": "https://handlaprivatkund.ica.se/images-v3/bf7a00ca-390e-4769-865f-dc369586872e/c048b7c5-f2a1-492c-b75c-28830024fa40/500x500.jpg",
    "productInformation": "ICAs små delikatessköttbullar är tillagade med omsorg. Köttbullarna är små, smakrika och gyllene stekta, dessutom producerade av svenskt kött. Servera gärna köttbullarna med potatismos eller makaroner. Tillagning i micron fungerar bra för den som har lite bråttom. För tips och recept, se ICA.se",
    "countryText": "Sverige",
    "companyText": "ICA",
    "ingrediensText": "Gris-* och nötkött* 73%, vatten, potatismjöl, fett från nötkött*, potatis, potatisflingor, druvsocker, joderat salt, potatisfiber, lök, pepparextrakt, svartpeppar. Friterade i animaliskt fett. *Fött, uppfött och slaktat i Sverige.",
    "storage": "Djupfryst. I frysutrymme (–18°C eller kallare). Bör ej frysas om efter upptining. Lägsta förvaringstemperatur -40°C Högsta förvaringstemperatur -18°C",
    "allergens": "",
    "usage": "",
    "nutrition": [
      {
        "Näringsvärde": "Energi (kcal)",
        "100 Gram": "250 kcal"
      },
      {
        "Näringsvärde": "Energi (kJ)",
        "100 Gram": "1050 kJ"
      },
      {
        "Näringsvärde": "Fett",
        "100 Gram": "18 g"
      },
      {
        "Näringsvärde": "Varav mättat fett",
        "100 Gram": "7 g"
      },
      {
        "Näringsvärde": "Kolhydrat",
        "100 Gram": "9 g"
      },
      {
        "Näringsvärde": "Varav sockerarter",
        "100 Gram": "1.8 g"
      },
      {
        "Näringsvärde": "Protein",
        "100 Gram": "12 g"
      },
      {
        "Näringsvärde": "Salt",
        "100 Gram": "1.5 g"
      }
    ],
    "nutritionUnitText": "",
    "categories": {
      "mainCategory": "Jul",
      "subCategories": [
        {
          "name": "Julmat",
          "subSubCategories": [
            "Korv, Köttbullar & Rödbetssallad",
            "Köttbullar & Rödbetssallad"
          ]
        }
      ]
    }
  },
  {
    "name": "Varmkorv med Skinn 900g Lithells",
    "weightText": "0.9 kg",
    "caPart": "",
    "weightValue": 0.9,
    "weightUnit": "kg",
    "comparePrice": "76,61 kr/kg",
    "currentPrice": 68.95,
    "attributes": [
      "Glutenfritt",
      "Kött från Sverige",
      "Laktosfritt"
    ],
    "imgUrl": "https://handlaprivatkund.ica.se/images-v3/bf7a00ca-390e-4769-865f-dc369586872e/31e459a1-746e-42dc-a5bb-8b75e3385b3e/500x500.jpg",
    "productInformation": "Lithells klassiska korvbrödsfavorit. Långsmal, saftig och mild i smaken.",
    "countryText": "",
    "companyText": "Lithells",
    "ingrediensText": "Griskött* (55%), vatten, potatismjöl, fett från gris*, druvsocker, salt, kryddor och kryddextrakt (svartpeppar, muskotnöt, koriander, cayennepeppar), lökpulver, antioxidationsmedel (E300), konserveringsmedel (E250), rökarom. *Svensk råvara.",
    "storage": "Kylvara: max +8°C.",
    "allergens": "",
    "usage": "Öppnad förpackning: max +8°C, 3-5 dagar.",
    "nutrition": [
      {
        "Näringsvärde": "Energi (kcal)",
        "100 Gram": "280 kcal"
      },
      {
        "Näringsvärde": "Energi (kJ)",
        "100 Gram": "1150 kJ"
      },
      {
        "Näringsvärde": "Fett",
        "100 Gram": "23 g"
      },
      {
        "Näringsvärde": "Varav mättat fett",
        "100 Gram": "9 g"
      },
      {
        "Näringsvärde": "Kolhydrat",
        "100 Gram": "9.9 g"
      },
      {
        "Näringsvärde": "Varav sockerarter",
        "100 Gram": "2.5 g"
      },
      {
        "Näringsvärde": "Protein",
        "100 Gram": "8.2 g"
      },
      {
        "Näringsvärde": "Salt",
        "100 Gram": "2 g"
      }
    ],
    "nutritionUnitText": "Näringsvärde per 100 gram",
    "categories": {
      "mainCategory": "Kött, Chark & Fågel",
      "subCategories": [
        {
          "name": "Korv",
          "subSubCategories": [
            "Varmkorv"
          ]
        }
      ]
    }
  },
  {
    "name": "Grillkorv Barnens 400g Lithells",
    "weightText": "0.4 kg",
    "caPart": "",
    "weightValue": 0.4,
    "weightUnit": "kg",
    "comparePrice": "71,25 kr/kg",
    "currentPrice": 28.5,
    "attributes": [
      "Glutenfritt",
      "Kött från Sverige",
      "Laktosfritt"
    ],
    "imgUrl": "https://handlaprivatkund.ica.se/images-v3/bf7a00ca-390e-4769-865f-dc369586872e/1d560755-cfea-4ddd-b79b-34aa7c9e7fb7/500x500.jpg",
    "productInformation": "Barnens kalasgoda grillkorv, rik på kött och mild i smaken.",
    "countryText": "",
    "companyText": "Lithells",
    "ingrediensText": "Gris*- och nötkött* (60 %), vatten, potatismjöl, salt, lök, kryddor och kryddextrakt (ingefära, koriander, peppar), antioxidationsmedel (E300), konserveringsmedel (E250), rökarom. *SVENSK RÅVARA.",
    "storage": "Kylvara: max +8°C",
    "allergens": "",
    "usage": "Öppnad förpackning: max +8°C, 3-5 dagar.",
    "nutrition": [
      {
        "Näringsvärde": "Energi (kcal)",
        "100 Gram": "220 kcal"
      },
      {
        "Näringsvärde": "Energi (kJ)",
        "100 Gram": "900 kJ"
      },
      {
        "Näringsvärde": "Fett",
        "100 Gram": "17 g"
      },
      {
        "Näringsvärde": "Varav mättat fett",
        "100 Gram": "6.8 g"
      },
      {
        "Näringsvärde": "Kolhydrat",
        "100 Gram": "7.1 g"
      },
      {
        "Näringsvärde": "Varav sockerarter",
        "100 Gram": "0.5 g"
      },
      {
        "Näringsvärde": "Protein",
        "100 Gram": "9.6 g"
      },
      {
        "Näringsvärde": "Salt",
        "100 Gram": "1.9 g"
      }
    ],
    "nutritionUnitText": "Näringsvärde per 100 gram",
    "categories": {
      "mainCategory": "Kött, Chark & Fågel",
      "subCategories": [
        {
          "name": "Korv",
          "subSubCategories": [
            "Grillkorv"
          ]
        }
      ]
    }
  },
  {
    "name": "Små fina kalkonköttbullar Fryst 400g Ingelsta Kalkon",
    "weightText": "0.4 kg",
    "caPart": "",
    "weightValue": 0.4,
    "weightUnit": "kg",
    "comparePrice": "147,38 kr/kg",
    "currentPrice": 58.95,
    "attributes": [
      "Svensk Fågel"
    ],
    "imgUrl": "https://handlaprivatkund.ica.se/images-v3/bf7a00ca-390e-4769-865f-dc369586872e/69c4b8e5-7ebb-4f87-a239-4424e63853b4/500x500.jpg",
    "productInformation": "",
    "countryText": "",
    "companyText": "Ingelsta kalkon",
    "ingrediensText": "Ingredienser: Kalkonkött (70%), vatten, kalkonfett, potatisstärkelse, lök, potatisgrits, druvsocker(majs), potatisfiber, vegetabilisk buljong, salt, svartpeppar. Stekta i rapsolja.",
    "storage": "",
    "allergens": "",
    "usage": "",
    "nutrition": [
      {
        "Näringsvärde": "Energi (kcal)",
        "100 Gram": "250 kcal"
      },
      {
        "Näringsvärde": "Energi (kJ)",
        "100 Gram": "1050 kJ"
      },
      {
        "Näringsvärde": "Fett",
        "100 Gram": "17 g"
      },
      {
        "Näringsvärde": "Varav mättat fett",
        "100 Gram": "5 g"
      },
      {
        "Näringsvärde": "Kolhydrat",
        "100 Gram": "11 g"
      },
      {
        "Näringsvärde": "Varav sockerarter",
        "100 Gram": "2.3 g"
      },
      {
        "Näringsvärde": "Protein",
        "100 Gram": "14 g"
      },
      {
        "Näringsvärde": "Salt",
        "100 Gram": "1.8 g"
      }
    ],
    "nutritionUnitText": "Näringsvärde per 100 gram",
    "categories": {
      "mainCategory": "Jul",
      "subCategories": [
        {
          "name": "Julmat",
          "subSubCategories": [
            "Korv, Köttbullar & Rödbetssallad",
            "Köttbullar & Rödbetssallad"
          ]
        }
      ]
    }
  },
  {
    "name": "Bratwurst Kummin Vitlök 75% Kötthalt 300g Scan",
    "weightText": "0.3 kg",
    "caPart": "",
    "weightValue": 0.3,
    "weightUnit": "kg",
    "comparePrice": "116,50 kr/kg",
    "currentPrice": 34.95,
    "attributes": [
      "Glutenfritt",
      "Kött från Sverige",
      "Ursprungsland Sverige",
      "Laktosfritt"
    ],
    "imgUrl": "https://handlaprivatkund.ica.se/images-v3/bf7a00ca-390e-4769-865f-dc369586872e/af1fd24b-051e-4211-8df1-5e572836bb60/500x500.jpg",
    "productInformation": "Bratwurst är en mildare varmrökt korv som är smaksatt med vitlök och kummin. En fyllig och god smak som passar både stora som små. Perfekt på grillen på sommaren eller i stekpannan till hösten. Våra korvar innehåller bara svenskt kött från våra gårdar. Denna korv är fri från gluten, laktos, ägg-, soja-, mjölk- och ärtprotein",
    "countryText": "Sverige",
    "companyText": "Scan",
    "ingrediensText": "INGREDIENSER: Svenskt gris- och nötkött (75%)*, vatten, potatismjöl, salt, fett från nötkött*, kryddor, vitlök, stabiliseringsmedel E450, antioxidationsmedel E300, konserveringsmedel E250, grisfjälster, rökarom. *Ursprung: Sverige.",
    "storage": "",
    "allergens": "",
    "usage": "",
    "nutrition": [
      {
        "Näringsvärde": "Energi (kcal)",
        "100 Gram": "260 kcal"
      },
      {
        "Näringsvärde": "Energi (kJ)",
        "100 Gram": "1100 kJ"
      },
      {
        "Näringsvärde": "Fett",
        "100 Gram": "22 g"
      },
      {
        "Näringsvärde": "Varav mättat fett",
        "100 Gram": "9 g"
      },
      {
        "Näringsvärde": "Kolhydrat",
        "100 Gram": "4 g"
      },
      {
        "Näringsvärde": "Varav sockerarter",
        "100 Gram": "0.5 g"
      },
      {
        "Näringsvärde": "Protein",
        "100 Gram": "12 g"
      },
      {
        "Näringsvärde": "Salt",
        "100 Gram": "1.8 g"
      }
    ],
    "nutritionUnitText": "Näringsvärde per 100 gram",
    "categories": {
      "mainCategory": "Kött, Chark & Fågel",
      "subCategories": [
        {
          "name": "Korv",
          "subSubCategories": [
            "Kryddkorv"
          ]
        }
      ]
    }
  },
  {
    "name": "Köttbullar 350g ICA",
    "weightText": "0.35 kg",
    "caPart": "",
    "weightValue": 0.35,
    "weightUnit": "kg",
    "comparePrice": "82,71 kr/kg",
    "currentPrice": 28.95,
    "attributes": [
      "Kött från Sverige",
      "Ursprungsland Sverige"
    ],
    "imgUrl": "https://handlaprivatkund.ica.se/images-v3/bf7a00ca-390e-4769-865f-dc369586872e/2f62754d-68a5-4ea3-b07e-a900732d1281/500x500.jpg",
    "productInformation": "Klassiska köttbullar med fyllig smak och mild sälta.",
    "countryText": "Sverige",
    "companyText": "ICA",
    "ingrediensText": "INGREDIENSER: Gris*- & nötkött* 73%, vatten, potatismjöl, fett från nötkött*, potatis, potatisflingor, druvsocker, joderat salt, potatisfiber, lök, pepparextrakt, svartpeppar. Friterade i animaliskt fett. *Fött, uppfött och slaktat i Sverige.",
    "storage": "",
    "allergens": "",
    "usage": "",
    "nutrition": [
      {
        "Näringsvärde": "Energi (kcal)",
        "100 Gram": "250 kcal"
      },
      {
        "Näringsvärde": "Energi (kJ)",
        "100 Gram": "1050 kJ"
      },
      {
        "Näringsvärde": "Fett",
        "100 Gram": "18 g"
      },
      {
        "Näringsvärde": "Varav mättat fett",
        "100 Gram": "7 g"
      },
      {
        "Näringsvärde": "Kolhydrat",
        "100 Gram": "9 g"
      },
      {
        "Näringsvärde": "Varav sockerarter",
        "100 Gram": "1.8 g"
      },
      {
        "Näringsvärde": "Protein",
        "100 Gram": "12 g"
      },
      {
        "Näringsvärde": "Salt",
        "100 Gram": "1.5 g"
      }
    ],
    "nutritionUnitText": "Näringsvärde per 100 gram",
    "categories": {
      "mainCategory": "Jul",
      "subCategories": [
        {
          "name": "Julmat",
          "subSubCategories": [
            "Korv, Köttbullar & Rödbetssallad",
            "Köttbullar & Rödbetssallad"
          ]
        }
      ]
    }
  },
  {
    "name": "Kalkon Basturökt 90g Lönneberga",
    "weightText": "0.09 kg",
    "caPart": "",
    "weightValue": 0.09,
    "weightUnit": "kg",
    "comparePrice": "310,56 kr/kg",
    "currentPrice": 27.95,
    "attributes": [
      "Svensk Fågel"
    ],
    "imgUrl": "https://handlaprivatkund.ica.se/images-v3/bf7a00ca-390e-4769-865f-dc369586872e/b9e8d43f-76c2-4b79-b920-9afd194aa18c/500x500.jpg",
    "productInformation": "Kalkonbröst som lättröks med alflis, för en mild och rökig smak.",
    "countryText": "",
    "companyText": "Lönneberga",
    "ingrediensText": "Kalkonbröstfile* (85%), vatten, salt, glukossirap, surhetsreglerande medel (E331), antioxidationsmedel (E301), konserveringsmedel (E250).*Fött, uppfött och slaktat i Sverige.",
    "storage": "Kylvara max +8°C",
    "allergens": "",
    "usage": "Öppnad förpackning förvaras i kylskåp 5-7 dagar.",
    "nutrition": [
      {
        "Näringsvärde": "Energi (kcal)",
        "100 Gram": "110 kcal"
      },
      {
        "Näringsvärde": "Energi (kJ)",
        "100 Gram": "440 kJ"
      },
      {
        "Näringsvärde": "Fett",
        "100 Gram": "0.9 g"
      },
      {
        "Näringsvärde": "Varav mättat fett",
        "100 Gram": "0.5 g"
      },
      {
        "Näringsvärde": "Kolhydrat",
        "100 Gram": "3 g"
      },
      {
        "Näringsvärde": "Varav sockerarter",
        "100 Gram": "0.5 g"
      },
      {
        "Näringsvärde": "Protein",
        "100 Gram": "20 g"
      },
      {
        "Näringsvärde": "Salt",
        "100 Gram": "2.9 g"
      }
    ],
    "nutritionUnitText": "Näringsvärde per 100 gram",
    "categories": {
      "mainCategory": "Kött, Chark & Fågel",
      "subCategories": [
        {
          "name": "Pålägg",
          "subSubCategories": [
            "Fågel"
          ]
        }
      ]
    }
  },
  {
    "name": "Grillkorv Klassisk 960g Scan",
    "weightText": "0.96 kg",
    "caPart": "",
    "weightValue": 0.96,
    "weightUnit": "kg",
    "comparePrice": "74,95 kr/kg",
    "currentPrice": 71.95,
    "attributes": [
      "Kött från Sverige",
      "Ursprungsland Sverige"
    ],
    "imgUrl": "https://handlaprivatkund.ica.se/images-v3/bf7a00ca-390e-4769-865f-dc369586872e/03df236e-2d71-486b-bff2-73784f540107/500x500.jpg",
    "productInformation": "Härligt saftiga grillkorvar med tunt skinn som passar perfekt för både grill och stekpanna. Och självklart kommer köttet enbart från svenska gårdar.",
    "countryText": "Sverige",
    "companyText": "Scan",
    "ingrediensText": "INGREDIENSER: Svenskt gris- och nötkött (57%)*, vatten, potatismjöl, fett från gris- och nötkött*, salt, bindväv från gris*, lök, kryddor, koriander, bockhornsklöverfrö, kryddextrakt, jästextrakt, druvsocker, socker, köttextrakt, vegetabiliskt koncentrat, balsamvinäger, surhetsreglerande medel (E330), antioxidationsmedel (E326:E300), konserveringsmedel (E261:E250), kollagentarm, rökarom. *Ursprung: Sverige.",
    "storage": "",
    "allergens": "",
    "usage": "",
    "nutrition": [
      {
        "Näringsvärde": "Energi (kcal)",
        "100 Gram": "250 kcal"
      },
      {
        "Näringsvärde": "Energi (kJ)",
        "100 Gram": "1050 kJ"
      },
      {
        "Näringsvärde": "Fett",
        "100 Gram": "20 g"
      },
      {
        "Näringsvärde": "Varav mättat fett",
        "100 Gram": "7.3 g"
      },
      {
        "Näringsvärde": "Kolhydrat",
        "100 Gram": "9.8 g"
      },
      {
        "Näringsvärde": "Varav sockerarter",
        "100 Gram": "0.5 g"
      },
      {
        "Näringsvärde": "Protein",
        "100 Gram": "9.5 g"
      },
      {
        "Näringsvärde": "Salt",
        "100 Gram": "2.2 g"
      }
    ],
    "nutritionUnitText": "Näringsvärde per 100 gram",
    "categories": {
      "mainCategory": "Kött, Chark & Fågel",
      "subCategories": [
        {
          "name": "Korv",
          "subSubCategories": [
            "Grillkorv"
          ]
        }
      ]
    }
  },
  {
    "name": "Isterband 330g Lithells",
    "weightText": "0.33 kg",
    "caPart": "",
    "weightValue": 0.33,
    "weightUnit": "kg",
    "comparePrice": "84,70 kr/kg",
    "currentPrice": 27.95,
    "attributes": [
      "Kött från Sverige",
      "Ursprungsland Sverige"
    ],
    "imgUrl": "https://handlaprivatkund.ica.se/images-v3/bf7a00ca-390e-4769-865f-dc369586872e/841f234c-6096-47ca-8ebc-a2ae1b832700/500x500.jpg",
    "productInformation": "Isterband med naturskinn som är alspånsrökt",
    "countryText": "Sverige",
    "companyText": "Lithells",
    "ingrediensText": "Griskött* (54%), vatten,KORNgryn, fett från gris*, salt, bindväv från gris*, potatisfiber, lök, vitpeppar, kryddpeppar, socker, antioxidationsmedel (E300), konserveringsmedel (E250). *Fött, uppfött och slaktat i Sverige.",
    "storage": "Förvaras vid högst +8°C",
    "allergens": "",
    "usage": "Öppnad förpackning förvaras i kylskåp 3-5 dagar.",
    "nutrition": [
      {
        "Näringsvärde": "Energi (kcal)",
        "100 Gram": "290 kcal"
      },
      {
        "Näringsvärde": "Energi (kJ)",
        "100 Gram": "1200 kJ"
      },
      {
        "Näringsvärde": "Fett",
        "100 Gram": "24 g"
      },
      {
        "Näringsvärde": "Varav mättat fett",
        "100 Gram": "12 g"
      },
      {
        "Näringsvärde": "Kolhydrat",
        "100 Gram": "9 g"
      },
      {
        "Näringsvärde": "Varav sockerarter",
        "100 Gram": "0.5 g"
      },
      {
        "Näringsvärde": "Protein",
        "100 Gram": "9.7 g"
      },
      {
        "Näringsvärde": "Salt",
        "100 Gram": "2.3 g"
      }
    ],
    "nutritionUnitText": "Näringsvärde per 100 gram",
    "categories": {
      "mainCategory": "Kött, Chark & Fågel",
      "subCategories": [
        {
          "name": "Korv",
          "subSubCategories": [
            "Isterband"
          ]
        }
      ]
    }
  },
  {
    "name": "Blandfärs Färsk 50/50 21% 500g KRAV ICA I love eco",
    "weightText": "0.5 kg",
    "caPart": "",
    "weightValue": 0.5,
    "weightUnit": "kg",
    "comparePrice": "141,90 kr/kg",
    "currentPrice": 70.95,
    "attributes": [
      "EU Ekologiskt",
      "Kött från Sverige",
      "Ursprungsland Sverige",
      "Ekologiskt",
      "KRAV"
    ],
    "imgUrl": "https://handlaprivatkund.ica.se/images-v3/bf7a00ca-390e-4769-865f-dc369586872e/bd9d8074-c35b-4f18-9ff4-b1ce3123f7db/500x500.jpg",
    "productInformation": "",
    "countryText": "Sverige",
    "companyText": "ICA I love eco",
    "ingrediensText": "Finmald färs av nöt** 50% och gris** 50%. **Fött, uppfött, slaktat och styckat i Sverige. Berett (malet) i Sverige 078. ***Genomsnittsvärden för produkten. Saltinnehållet beror uteslutande på naturligt förekommande natrium. Förhållande mellan kollagen och köttprotein lägre än 18%. Fetthalt lägre än 21%.",
    "storage": "",
    "allergens": "",
    "usage": "",
    "nutrition": [
      {
        "Näringsvärde": "Energi (kcal)",
        "100 Gram": "265 kcal"
      },
      {
        "Näringsvärde": "Energi (kJ)",
        "100 Gram": "1100 kJ"
      },
      {
        "Näringsvärde": "Fett",
        "100 Gram": "21 g"
      },
      {
        "Näringsvärde": "Varav mättat fett",
        "100 Gram": "9.2 g"
      },
      {
        "Näringsvärde": "Kolhydrat",
        "100 Gram": "0.5 g"
      },
      {
        "Näringsvärde": "Varav sockerarter",
        "100 Gram": "0.5 g"
      },
      {
        "Näringsvärde": "Protein",
        "100 Gram": "19 g"
      },
      {
        "Näringsvärde": "Salt",
        "100 Gram": "0.2 g"
      }
    ],
    "nutritionUnitText": "Näringsvärde per 100 gram",
    "categories": {
      "mainCategory": "Kött, Chark & Fågel",
      "subCategories": [
        {
          "name": "Köttfärs",
          "subSubCategories": [
            "Blandfärs"
          ]
        }
      ]
    }
  },
  {
    "name": "Gräddleverpastej Ugnsbakad Deli 200g Scan",
    "weightText": "0.2 kg",
    "caPart": "",
    "weightValue": 0.2,
    "weightUnit": "kg",
    "comparePrice": "99,75 kr/kg",
    "currentPrice": 19.95,
    "attributes": [
      "Från Sverige"
    ],
    "imgUrl": "https://handlaprivatkund.ica.se/images-v3/bf7a00ca-390e-4769-865f-dc369586872e/98a84cde-2a5d-4569-ba92-f6f4912ac581/500x500.jpg",
    "productInformation": "Len och krämig pastej med rund och kryddig smak. Prova till förrätt med syrliga tillbehör.",
    "countryText": "",
    "companyText": "Scan",
    "ingrediensText": "Ingredienser: Svensk grislever (35%), fett fläsk, MJÖLK, potatismjöl, GRÄDDE (4%), socker,salt, MJÖLKprotein, lök, druvsocker, kryddor, antioxidationsmedel E300, aromer, konserveringsmedel E250.",
    "storage": "",
    "allergens": "",
    "usage": "",
    "nutrition": [
      {
        "Näringsvärde": "Energi (kcal)",
        "100 Gram": "300 kcal"
      },
      {
        "Näringsvärde": "Energi (kJ)",
        "100 Gram": "1250 kJ"
      },
      {
        "Näringsvärde": "Fett",
        "100 Gram": "24 g"
      },
      {
        "Näringsvärde": "Varav mättat fett",
        "100 Gram": "9 g"
      },
      {
        "Näringsvärde": "Kolhydrat",
        "100 Gram": "8 g"
      },
      {
        "Näringsvärde": "Varav sockerarter",
        "100 Gram": "3 g"
      },
      {
        "Näringsvärde": "Protein",
        "100 Gram": "12 g"
      },
      {
        "Näringsvärde": "Salt",
        "100 Gram": "1.8 g"
      },
      {
        "Näringsvärde": "Järn",
        "100 Gram": "7 mg"
      }
    ],
    "nutritionUnitText": "Näringsvärde per 100 gram",
    "categories": {
      "mainCategory": "Kött, Chark & Fågel",
      "subCategories": [
        {
          "name": "Pålägg",
          "subSubCategories": [
            "Pastej & paté",
            "Pastej"
          ]
        }
      ]
    }
  },
  {
    "name": "Kyckling Grillad 120g Pärsons",
    "weightText": "0.12 kg",
    "caPart": "",
    "weightValue": 0.12,
    "weightUnit": "kg",
    "comparePrice": "245,83 kr/kg",
    "currentPrice": 29.5,
    "attributes": [
      "Nyckelhålet"
    ],
    "imgUrl": "https://handlaprivatkund.ica.se/images-v3/bf7a00ca-390e-4769-865f-dc369586872e/f253709e-4c38-4d7c-9355-f8cdccb03bc6/500x500.jpg",
    "productInformation": "Pärsons Grillad kyckling är smakrika skivor av kycklingfilé, klassiskt grillkryddade med bl a vitlök, peppar och paprika. Vår grillade kyckling är ett gott och lätt pålägg på frukost- eller mellanmålsmackan. Tillsammans med grönsaker i en wrap eller baguette är kycklingen perfekt till utflykten eller till en lätt lunch.",
    "countryText": "Estland",
    "companyText": "Pärsons",
    "ingrediensText": "INGREDIENSER: Kycklingfile* 84%, vatten, koksalt, antioxidationsmedel (E326: E301), kryddor (lök, vitlök, peppar, paprika, chili, koriander), stabiliseringsmedel (E451: E452), potatisstärkelse, druvsocker, potatisfiber, socker, konserveringsmedel (E250).*Ursprung: EU.",
    "storage": "",
    "allergens": "",
    "usage": "",
    "nutrition": [
      {
        "Näringsvärde": "Energi (kcal)",
        "100 Gram": "90 kcal"
      },
      {
        "Näringsvärde": "Energi (kJ)",
        "100 Gram": "375 kJ"
      },
      {
        "Näringsvärde": "Fett",
        "100 Gram": "1 g"
      },
      {
        "Näringsvärde": "Varav mättat fett",
        "100 Gram": "0.4 g"
      },
      {
        "Näringsvärde": "Kolhydrat",
        "100 Gram": "0.9 g"
      },
      {
        "Näringsvärde": "Varav sockerarter",
        "100 Gram": "0.4 g"
      },
      {
        "Näringsvärde": "Protein",
        "100 Gram": "19 g"
      },
      {
        "Näringsvärde": "Salt",
        "100 Gram": "2.4 g"
      }
    ],
    "nutritionUnitText": "Näringsvärde per 100 gram",
    "categories": {
      "mainCategory": "Kött, Chark & Fågel",
      "subCategories": [
        {
          "name": "Pålägg",
          "subSubCategories": [
            "Fågel"
          ]
        }
      ]
    }
  },
  {
    "name": "Blodpudding utan socker 500g Gea´s",
    "weightText": "0.5 kg",
    "caPart": "",
    "weightValue": 0.5,
    "weightUnit": "kg",
    "comparePrice": "29,90 kr/kg",
    "currentPrice": 14.95,
    "attributes": [],
    "imgUrl": "https://handlaprivatkund.ica.se/images-v3/bf7a00ca-390e-4769-865f-dc369586872e/36c97fa6-d5cb-4dd9-99d3-231ec00bf28a/500x500.jpg",
    "productInformation": "",
    "countryText": "",
    "companyText": "Gea s",
    "ingrediensText": "Vatten, fullkornsmjöl av RÅG, VETEmjöl, rapsolja, blodpulver från gris*, bambufiber, salt, kryddor (ingefära, kanel, koriander, kryddpeppar, nejlika, peppar), lök, mejram, potatisfiber, protein från gris, arom, konserveringsmedel (E250).*EU-råvara.",
    "storage": "Kylvara: Högst +8°C",
    "allergens": "",
    "usage": "Öppnad förpackning förvaras högst +8°C 3-5 dagar.",
    "nutrition": [
      {
        "Näringsvärde": "Energi (kcal)",
        "100 Gram": "160 kcal"
      },
      {
        "Näringsvärde": "Energi (kJ)",
        "100 Gram": "650 kJ"
      },
      {
        "Näringsvärde": "Fett",
        "100 Gram": "8 g"
      },
      {
        "Näringsvärde": "Varav mättat fett",
        "100 Gram": "0.6 g"
      },
      {
        "Näringsvärde": "Kolhydrat",
        "100 Gram": "14 g"
      },
      {
        "Näringsvärde": "Varav sockerarter",
        "100 Gram": "0.5 g"
      },
      {
        "Näringsvärde": "Fiber",
        "100 Gram": "6.1 g"
      },
      {
        "Näringsvärde": "Protein",
        "100 Gram": "6.4 g"
      },
      {
        "Näringsvärde": "Salt",
        "100 Gram": "1.4 g"
      },
      {
        "Näringsvärde": "Järn",
        "100 Gram": "13 mg",
        "% av DRI(*)": "93"
      }
    ],
    "nutritionUnitText": "Näringsvärde per 100 gram",
    "categories": {
      "mainCategory": "Kött, Chark & Fågel",
      "subCategories": [
        {
          "name": "Matchark",
          "subSubCategories": [
            "Blodpudding"
          ]
        }
      ]
    }
  },
  {
    "name": "Falukorv Deli 68% Kötthalt 550g Scan",
    "weightText": "0.55 kg",
    "caPart": "",
    "weightValue": 0.55,
    "weightUnit": "kg",
    "comparePrice": "85,36 kr/kg",
    "currentPrice": 46.95,
    "attributes": [
      "Glutenfritt",
      "Kött från Sverige",
      "Ursprungsland Sverige",
      "Laktosfritt"
    ],
    "imgUrl": "https://handlaprivatkund.ica.se/images-v3/bf7a00ca-390e-4769-865f-dc369586872e/3bccc8f7-0056-4bbc-af7e-b367e3599094/500x500.jpg",
    "productInformation": "Vår extra fina falukorv med hög kötthalt, 68%. En klassiskt kryddad falukorv som blir mycket smakrik med den högre kötthalten. Enkel och god att tillaga och passar alla härliga recept som finns för falukorv. Våra korvar innehåller bara svenskt kött från våra gårdar.Denna korv är fri från gluten, laktos, ägg-, soja-, mjölk- och ärtprotein",
    "countryText": "Sverige",
    "companyText": "Scan",
    "ingrediensText": "INGREDIENSER: Svenskt gris- och nötkött (68%)*, vatten, potatismjöl, fett från gris- och nötkött*, druvsocker, salt, lök, kryddor, kryddextrakter (cayenne, muskot), antioxidationsmedel E300, konserveringsmedel E250, rökarom. *Ursprung: Sverige.",
    "storage": "Lägsta förvaringstemperatur 0°C Högsta förvaringstemperatur 8°C",
    "allergens": "",
    "usage": "",
    "nutrition": [
      {
        "Näringsvärde": "Energi (kcal)",
        "100 Gram": "240 kcal"
      },
      {
        "Näringsvärde": "Energi (kJ)",
        "100 Gram": "1000 kJ"
      },
      {
        "Näringsvärde": "Fett",
        "100 Gram": "20 g"
      },
      {
        "Näringsvärde": "Varav mättat fett",
        "100 Gram": "8.2 g"
      },
      {
        "Näringsvärde": "Kolhydrat",
        "100 Gram": "5 g"
      },
      {
        "Näringsvärde": "Varav sockerarter",
        "100 Gram": "0.5 g"
      },
      {
        "Näringsvärde": "Protein",
        "100 Gram": "11 g"
      },
      {
        "Näringsvärde": "Salt",
        "100 Gram": "1.8 g"
      }
    ],
    "nutritionUnitText": "",
    "categories": {
      "mainCategory": "Kött, Chark & Fågel",
      "subCategories": [
        {
          "name": "Korv",
          "subSubCategories": [
            "Falukorv"
          ]
        }
      ]
    }
  },
  {
    "name": "Chicken drumsticks BBQ Fryst 500g Guldfågeln",
    "weightText": "0.5 kg",
    "caPart": "",
    "weightValue": 0.5,
    "weightUnit": "kg",
    "comparePrice": "81,90 kr/kg",
    "currentPrice": 40.95,
    "attributes": [
      "Ursprungsland Sverige",
      "Svensk Fågel"
    ],
    "imgUrl": "https://handlaprivatkund.ica.se/images-v3/bf7a00ca-390e-4769-865f-dc369586872e/cb905d01-ed5b-47f0-ba83-62ef83134d62/500x500.jpg",
    "productInformation": "Färdiggrillade barbecuekryddade kycklingben. Klara att äta som de är och passar som tillbehör på buffén. Värm i ugn eller mikrougn.",
    "countryText": "Sverige",
    "companyText": "Guldfågeln",
    "ingrediensText": "INGREDIENSER:Kycklingben, druvsocker, kryddor och kryddextrakter (cayenne, chili, basilika, gurkmeja, oregano, paprika,persilja, peppar, libbsticka, rosmarin, spiskummin, vitlök), rapsolja, salt, lök, tomat, kycklingbuljong, glukossirap,citronpulver, naturlig arom, surhetsreglerande medel citronsyraTill 100 g produkt har använts 120 g kycklingben",
    "storage": "",
    "allergens": "",
    "usage": "",
    "nutrition": [
      {
        "Näringsvärde": "Energi (kcal)",
        "100 Gram": "190 kcal"
      },
      {
        "Näringsvärde": "Energi (kJ)",
        "100 Gram": "800 kJ"
      },
      {
        "Näringsvärde": "Fett",
        "100 Gram": "10 g"
      },
      {
        "Näringsvärde": "Varav mättat fett",
        "100 Gram": "3.3 g"
      },
      {
        "Näringsvärde": "Kolhydrat",
        "100 Gram": "3 g"
      },
      {
        "Näringsvärde": "Varav sockerarter",
        "100 Gram": "1.5 g"
      },
      {
        "Näringsvärde": "Protein",
        "100 Gram": "21 g"
      },
      {
        "Näringsvärde": "Salt",
        "100 Gram": "1.6 g"
      }
    ],
    "nutritionUnitText": "Näringsvärde per 100 gram",
    "categories": {
      "mainCategory": "Kött, Chark & Fågel",
      "subCategories": [
        {
          "name": "Kyckling & Fågel",
          "subSubCategories": [
            "Förberedd fågel",
            "Förberedd fågel, fryst"
          ]
        }
      ]
    }
  },
  {
    "name": "Skinka Lufttorkad Prosciutto di Parma 70g ICA",
    "weightText": "0.07 kg",
    "caPart": "",
    "weightValue": 0.07,
    "weightUnit": "kg",
    "comparePrice": "707,14 kr/kg",
    "currentPrice": 49.5,
    "attributes": [],
    "imgUrl": "https://handlaprivatkund.ica.se/images-v3/bf7a00ca-390e-4769-865f-dc369586872e/fdc22686-9b76-4502-98c4-1337b2e393ae/500x500.jpg",
    "productInformation": "ICA Prosciutto di Parma är en italiensk lufttorkad skinka med välbalanserad sälta som är lagrad i 13 månader. Perfekt till charkbrickan eller varför inte på pizzan. É perfetto!",
    "countryText": "",
    "companyText": "ICA",
    "ingrediensText": "INGREDIENSER: Skinka av gris* (helmuskel), salt.*Fött, uppfött och slaktat i Italien. Till100g färdig produkt har 140gköttråvara använts",
    "storage": "",
    "allergens": "",
    "usage": "",
    "nutrition": [
      {
        "Näringsvärde": "Energi (kcal)",
        "100 Gram": "250 kcal"
      },
      {
        "Näringsvärde": "Energi (kJ)",
        "100 Gram": "1050 kJ"
      },
      {
        "Näringsvärde": "Fett",
        "100 Gram": "15 g"
      },
      {
        "Näringsvärde": "Varav mättat fett",
        "100 Gram": "5 g"
      },
      {
        "Näringsvärde": "Kolhydrat",
        "100 Gram": "0.5 g"
      },
      {
        "Näringsvärde": "Varav sockerarter",
        "100 Gram": "0.5 g"
      },
      {
        "Näringsvärde": "Protein",
        "100 Gram": "28 g"
      },
      {
        "Näringsvärde": "Salt",
        "100 Gram": "5 g"
      }
    ],
    "nutritionUnitText": "Näringsvärde per 100 gram",
    "categories": {
      "mainCategory": "Kött, Chark & Fågel",
      "subCategories": [
        {
          "name": "Delikatesschark",
          "subSubCategories": [
            "Lufttorkad skinka"
          ]
        }
      ]
    }
  },
  {
    "name": "Röd Hot Dog pölser 375g Göl",
    "weightText": "0.375 kg",
    "caPart": "",
    "weightValue": 0.375,
    "weightUnit": "kg",
    "comparePrice": "133,20 kr/kg",
    "currentPrice": 49.95,
    "attributes": [],
    "imgUrl": "https://handlaprivatkund.ica.se/images-v3/bf7a00ca-390e-4769-865f-dc369586872e/0dd26bbf-1ab4-47e9-89dd-6c3c3a96b651/500x500.jpg",
    "productInformation": "Gol Röda Hot Dog Pölser är milt kryddade. En kokkorv som du kan äta som den är och doppa i ketchup och senap eller till hemlagat potatismos.",
    "countryText": "",
    "companyText": "Göl",
    "ingrediensText": "Ingredienser: Griskött (80%), vatten, SOJAPROTEIN, salt, potatisstärkelse, lök, druvsocker, stabiliseringsmedel (E 451), torkad glukossirap, kryddor, jästextrakt, kryddextrakt, antioxidationsmedel (E 301), konserveringsmedel (E 250), färgämnen (E 120, E160b(ii), lammtarm.",
    "storage": "",
    "allergens": "",
    "usage": "",
    "nutrition": [
      {
        "Näringsvärde": "Energi (kcal)",
        "100 Gram": "286 kcal"
      },
      {
        "Näringsvärde": "Energi (kJ)",
        "100 Gram": "1186 kJ"
      },
      {
        "Näringsvärde": "Fett",
        "100 Gram": "24 g"
      },
      {
        "Näringsvärde": "Varav mättat fett",
        "100 Gram": "9.6 g"
      },
      {
        "Näringsvärde": "Kolhydrat",
        "100 Gram": "3.5 g"
      },
      {
        "Näringsvärde": "Varav sockerarter",
        "100 Gram": "0.9 g"
      },
      {
        "Näringsvärde": "Protein",
        "100 Gram": "14 g"
      },
      {
        "Näringsvärde": "Salt",
        "100 Gram": "2.4 g"
      }
    ],
    "nutritionUnitText": "Näringsvärde per 100 gram",
    "categories": {
      "mainCategory": "Kött, Chark & Fågel",
      "subCategories": [
        {
          "name": "Korv",
          "subSubCategories": [
            "Varmkorv"
          ]
        }
      ]
    }
  },
  {
    "name": "Kyckling Färsk Hel ca 1,1kg ICA Gott Liv",
    "weightText": "Ca 1.1 kg",
    "caPart": "Ca",
    "weightValue": 1.1,
    "weightUnit": "kg",
    "comparePrice": "56,95 kr/kg",
    "currentPrice": 62.65,
    "attributes": [
      "Nyckelhålet",
      "Ursprungsland Sverige",
      "Svensk Fågel"
    ],
    "imgUrl": "https://handlaprivatkund.ica.se/images-v3/bf7a00ca-390e-4769-865f-dc369586872e/fbbf8b1d-6126-4d97-97ae-6197f1b5bfcb/500x500.jpg",
    "productInformation": "ICA Gott liv Hel kyckling inbjuder till mängder av middagstips. Du kan till exempel helsteka den i ugnen för en klassisk söndagsmiddag eller skära ut alla delar och köra en friterad-kyckling-kväll! Om du verkligen vill använda hela kycklingen – och samtidigt imponera stort på kommande middagsgäster – kan du använda det som blir över efter att du har styckat den till att göra en egen fond. Det är faktiskt jätteenkelt: du kokar upp skrovet i vatten tillsammans med smakrika grönsaker som lök, morot, rotselleri, vitlök, kryddväxter och lagerblad. Det behöver inte vara några snygga bitar, ta det som blev över när du lagade mat sist. Glöm inte att salta och peppra. Sjud och skumma av under cirka 4 timmar och sila av. Enkelt och kreddigt på samma gång.",
    "countryText": "Sverige",
    "companyText": "ICA Gott Liv",
    "ingrediensText": "Hel kyckling utan inkråm. Född, uppfödd, slaktad i Sverige.",
    "storage": "Kylvara. Förvaras vid högst +4°C.Sista förbrukningsdag: Se datumstämpel.Sista förbrukningsdag gäller vid obrutenförpackning. Lägsta förvaringstemperatur 2°C Högsta förvaringstemperatur 4°C",
    "allergens": "",
    "usage": "",
    "nutrition": [
      {
        "Näringsvärde": "Energi (kcal)",
        "100 Gram": "140 kcal"
      },
      {
        "Näringsvärde": "Energi (kJ)",
        "100 Gram": "600 kJ"
      },
      {
        "Näringsvärde": "Fett",
        "100 Gram": "6.6 g"
      },
      {
        "Näringsvärde": "Varav mättat fett",
        "100 Gram": "1.7 g"
      },
      {
        "Näringsvärde": "Kolhydrat",
        "100 Gram": "0.5 g"
      },
      {
        "Näringsvärde": "Varav sockerarter",
        "100 Gram": "0.5 g"
      },
      {
        "Näringsvärde": "Protein",
        "100 Gram": "21 g"
      },
      {
        "Näringsvärde": "Salt",
        "100 Gram": "0.2 g"
      }
    ],
    "nutritionUnitText": "Näringsvärde per 100 gram",
    "categories": {
      "mainCategory": "Kött, Chark & Fågel",
      "subCategories": [
        {
          "name": "Kyckling & Fågel",
          "subSubCategories": [
            "Hel kyckling",
            "Hel kyckling, färsk"
          ]
        }
      ]
    }
  },
  {
    "name": "Bacon Tärnad 350g ICA",
    "weightText": "0.35 kg",
    "caPart": "",
    "weightValue": 0.35,
    "weightUnit": "kg",
    "comparePrice": "117,00 kr/kg",
    "currentPrice": 40.95,
    "attributes": [
      "Kött från Sverige",
      "Ursprungsland Sverige"
    ],
    "imgUrl": "https://handlaprivatkund.ica.se/images-v3/bf7a00ca-390e-4769-865f-dc369586872e/5c5149fa-3bd9-44de-8973-c6b6c231de23/500x500.jpg",
    "productInformation": "ICA Tärnat bacon är fina tärningar med rökig smak och tydlig sälta, tillverkat i Halmstad på svenskt kött. Stek och blanda som en extra krydda i sallader och pastarätter.",
    "countryText": "Sverige",
    "companyText": "ICA",
    "ingrediensText": "Ingredienser:Griskött* 95%, salt, antioxidationsmedel (E301, E331), glukossirap, konserveringsmedel (E250). *Fött, uppfött och slaktat i Sverige.",
    "storage": "Lägsta förvaringstemperatur 0°C Högsta förvaringstemperatur 8°C",
    "allergens": "",
    "usage": "",
    "nutrition": [
      {
        "Näringsvärde": "Energi (kcal)",
        "100 Gram": "259 kcal"
      },
      {
        "Näringsvärde": "Energi (kJ)",
        "100 Gram": "1075 kJ"
      },
      {
        "Näringsvärde": "Fett",
        "100 Gram": "21 g"
      },
      {
        "Näringsvärde": "Varav mättat fett",
        "100 Gram": "8 g"
      },
      {
        "Näringsvärde": "Kolhydrat",
        "100 Gram": "0.5 g"
      },
      {
        "Näringsvärde": "Varav sockerarter",
        "100 Gram": "0.5 g"
      },
      {
        "Näringsvärde": "Protein",
        "100 Gram": "17 g"
      },
      {
        "Näringsvärde": "Salt",
        "100 Gram": "2.2 g"
      }
    ],
    "nutritionUnitText": "",
    "categories": {
      "mainCategory": "Kött, Chark & Fågel",
      "subCategories": [
        {
          "name": "Matchark",
          "subSubCategories": [
            "Bacon & stekfläsk"
          ]
        }
      ]
    }
  },
  {
    "name": "Cognacsmedwurst 160g Pärsons",
    "weightText": "0.16 kg",
    "caPart": "",
    "weightValue": 0.16,
    "weightUnit": "kg",
    "comparePrice": "184,38 kr/kg",
    "currentPrice": 29.5,
    "attributes": [
      "Kött från Sverige"
    ],
    "imgUrl": "https://handlaprivatkund.ica.se/images-v3/bf7a00ca-390e-4769-865f-dc369586872e/a20e3b2d-91c6-4bfe-91d5-d5bb3f5dba59/500x500.jpg",
    "productInformation": "",
    "countryText": "",
    "companyText": "Pärsons",
    "ingrediensText": "INGREDIENSER: Svenskt gris- och nötkött* (64%), fett från gris*, socker*, MJÖLKPULVER*, salt, potatisflingor, MJÖLKPROTEIN, cognac, cognacsarom, vitpeppar, ingefära, konserveringsmedel (E250), färgämne (E120), antioxidationsmedel (E300). Kallrökt. *Ursprung: Sverige.",
    "storage": "",
    "allergens": "",
    "usage": "",
    "nutrition": [
      {
        "Näringsvärde": "Energi (kcal)",
        "100 Gram": "410 kcal"
      },
      {
        "Näringsvärde": "Energi (kJ)",
        "100 Gram": "1700 kJ"
      },
      {
        "Näringsvärde": "Fett",
        "100 Gram": "36 g"
      },
      {
        "Näringsvärde": "Varav mättat fett",
        "100 Gram": "15 g"
      },
      {
        "Näringsvärde": "Kolhydrat",
        "100 Gram": "8 g"
      },
      {
        "Näringsvärde": "Varav sockerarter",
        "100 Gram": "5.7 g"
      },
      {
        "Näringsvärde": "Protein",
        "100 Gram": "13 g"
      },
      {
        "Näringsvärde": "Salt",
        "100 Gram": "3 g"
      }
    ],
    "nutritionUnitText": "Näringsvärde per 100 gram",
    "categories": {
      "mainCategory": "Kött, Chark & Fågel",
      "subCategories": [
        {
          "name": "Pålägg",
          "subSubCategories": [
            "Påläggskorv"
          ]
        }
      ]
    }
  },
  {
    "name": "Kamben BBQ 475 g ICA",
    "weightText": "0.475 kg",
    "caPart": "",
    "weightValue": 0.475,
    "weightUnit": "kg",
    "comparePrice": "155,68 kr/kg",
    "currentPrice": 73.95,
    "attributes": [
      "Kött från Sverige",
      "Ursprungsland Sverige"
    ],
    "imgUrl": "https://handlaprivatkund.ica.se/images-v3/bf7a00ca-390e-4769-865f-dc369586872e/464c30bb-6ddb-4044-a509-204409223bb2/500x500.jpg",
    "productInformation": "",
    "countryText": "Sverige",
    "companyText": "ICA",
    "ingrediensText": "Ingredienser: Kamben: Kamben av gris*, rapsolja, kryddor (paprika, chilipeppar, spiskummin, oregano, chipotlechili, svartpeppar), havssalt, druvsocker, paprikaflakes, socker, vitlök, rökarom, karamelliserat socker.*Fött, uppfött och slaktat i Sverige. BBQ-glaze: Vatten, tomatpuré, farinsocker, socker, ättika, äppeljuice, salt, kryddor (anchochili, paprikapulver, chilipeppar, spiskummin, oregano, cayennepeppar), senap (SENAPSFRÖ, socker, ättika, salt, kryddor, surhetsreglerande medel (E330)), modifierad potatisstärkelse, lök, färgämne (E150c), vitlök, rökextrakt (ek, hickory), stabiliseringsmedel (E415), konserveringsmedel (E211, E202), surhetsreglerande medel (E296), citronjuicepulver, kryddextrakt (anchochili).",
    "storage": "",
    "allergens": "",
    "usage": "",
    "nutrition": [
      {
        "Näringsvärde": "Energi (kcal)",
        "100 Gram": "203 kcal"
      },
      {
        "Näringsvärde": "Energi (kJ)",
        "100 Gram": "847 kJ"
      },
      {
        "Näringsvärde": "Fett",
        "100 Gram": "13 g"
      },
      {
        "Näringsvärde": "Varav mättat fett",
        "100 Gram": "4.8 g"
      },
      {
        "Näringsvärde": "Kolhydrat",
        "100 Gram": "7.5 g"
      },
      {
        "Näringsvärde": "Varav sockerarter",
        "100 Gram": "6.2 g"
      },
      {
        "Näringsvärde": "Protein",
        "100 Gram": "14 g"
      },
      {
        "Näringsvärde": "Salt",
        "100 Gram": "1.1 g"
      }
    ],
    "nutritionUnitText": "Näringsvärde per 100 gram",
    "categories": {
      "mainCategory": "Kött, Chark & Fågel",
      "subCategories": [
        {
          "name": "Kött",
          "subSubCategories": [
            "Fläsk",
            "Färdigkryddat fläskkött"
          ]
        }
      ]
    }
  },
  {
    "name": "Rökt Skinka 300g ICA Basic",
    "weightText": "0.3 kg",
    "caPart": "",
    "weightValue": 0.3,
    "weightUnit": "kg",
    "comparePrice": "81,67 kr/kg",
    "currentPrice": 24.5,
    "attributes": [
      "Nyckelhålet",
      "Kött från Sverige"
    ],
    "imgUrl": "https://handlaprivatkund.ica.se/images-v3/bf7a00ca-390e-4769-865f-dc369586872e/5db43b59-2d77-4db0-a41a-9d18b725fccb/500x500.jpg",
    "productInformation": "ICA Basic rökt Skinka är en svensk, rökt och skivad skinka som passar både på smörgåsen och i matlagningen.",
    "countryText": "",
    "companyText": "ICA Basic",
    "ingrediensText": "Ingredienser: Skinka av gris* 82% (skinkbitar), vatten, salt, stabiliseringsmedel (E450), socker,antioxidationsmedel (E301), konsarveringsmedel (E250). *Fött, uppfött och slaktat i Sverige.",
    "storage": "Lägsta förvaringstemperatur 0°C Högsta förvaringstemperatur 8°C",
    "allergens": "",
    "usage": "",
    "nutrition": [
      {
        "Näringsvärde": "Energi (kcal)",
        "100 Gram": "98 kcal"
      },
      {
        "Näringsvärde": "Energi (kJ)",
        "100 Gram": "410 kJ"
      },
      {
        "Näringsvärde": "Fett",
        "100 Gram": "2.5 g"
      },
      {
        "Näringsvärde": "Varav mättat fett",
        "100 Gram": "0.8 g"
      },
      {
        "Näringsvärde": "Kolhydrat",
        "100 Gram": "1 g"
      },
      {
        "Näringsvärde": "Varav sockerarter",
        "100 Gram": "0.5 g"
      },
      {
        "Näringsvärde": "Protein",
        "100 Gram": "18 g"
      },
      {
        "Näringsvärde": "Salt",
        "100 Gram": "2.1 g"
      },
      {
        "Näringsvärde": "Järn",
        "100 Gram": "0 mg"
      },
      {
        "Näringsvärde": "Natrium",
        "100 Gram": "0 mg"
      }
    ],
    "nutritionUnitText": "",
    "categories": {
      "mainCategory": "Kött, Chark & Fågel",
      "subCategories": [
        {
          "name": "Pålägg",
          "subSubCategories": [
            "Skinka"
          ]
        }
      ]
    }
  },
  {
    "name": "Skinka Basturökt Tunna Skivor 150g Pärsons",
    "weightText": "0.15 kg",
    "caPart": "",
    "weightValue": 0.15,
    "weightUnit": "kg",
    "comparePrice": "253,00 kr/kg",
    "currentPrice": 37.95,
    "attributes": [
      "Nyckelhålet",
      "Kött från Sverige",
      "Ursprungsland Sverige"
    ],
    "imgUrl": "https://handlaprivatkund.ica.se/images-v3/bf7a00ca-390e-4769-865f-dc369586872e/20b7efa4-5d27-47d4-8d0c-c8c1c54e25e0/500x500.jpg",
    "productInformation": "Rökt skinka i tunna skivor som passar både till frukost, varma mackor eller på en hemlagad pizza med tomatsås, oregano och ost.",
    "countryText": "Sverige",
    "companyText": "Pärsons",
    "ingrediensText": "INGREDIENSER: Svensk skinka (skinkbitar 90%), koksalt, antioxidationsmedel (E326: E301: E331), druvsocker, socker, stabiliseringsmedel (E452), konserveringsmedel (E250), rökarom. Varmrökt.",
    "storage": "",
    "allergens": "",
    "usage": "",
    "nutrition": [
      {
        "Näringsvärde": "Energi (kcal)",
        "100 Gram": "90 kcal"
      },
      {
        "Näringsvärde": "Energi (kJ)",
        "100 Gram": "390 kJ"
      },
      {
        "Näringsvärde": "Fett",
        "100 Gram": "3 g"
      },
      {
        "Näringsvärde": "Varav mättat fett",
        "100 Gram": "1.4 g"
      },
      {
        "Näringsvärde": "Kolhydrat",
        "100 Gram": "1 g"
      },
      {
        "Näringsvärde": "Varav sockerarter",
        "100 Gram": "0.8 g"
      },
      {
        "Näringsvärde": "Protein",
        "100 Gram": "18 g"
      },
      {
        "Näringsvärde": "Salt",
        "100 Gram": "2.5 g"
      }
    ],
    "nutritionUnitText": "Näringsvärde per 100 gram",
    "categories": {
      "mainCategory": "Kött, Chark & Fågel",
      "subCategories": [
        {
          "name": "Pålägg",
          "subSubCategories": [
            "Skinka"
          ]
        }
      ]
    }
  },
  {
    "name": "Grillkorv 400g ICA Basic",
    "weightText": "0.4 kg",
    "caPart": "",
    "weightValue": 0.4,
    "weightUnit": "kg",
    "comparePrice": "49,88 kr/kg",
    "currentPrice": 19.95,
    "attributes": [
      "Glutenfritt",
      "Laktosfritt"
    ],
    "imgUrl": "https://handlaprivatkund.ica.se/images-v3/bf7a00ca-390e-4769-865f-dc369586872e/63afccc3-3068-4bc2-9887-5e844c6b7f8c/500x500.jpg",
    "productInformation": "Grillkorv som smakar bäst om den grillas i 3-4 minuter nära värmekällan. Passar även att steka i stekpanna på medelvärme. Vänd några gånger.",
    "countryText": "",
    "companyText": "ICA Basic",
    "ingrediensText": "Griskött* 34%, vatten, potatismjöl, fett från gris*, bindväv från gris*, salt, antioxidationsmedel (E300, E326), druvsocker, potatisfiber, svartpeppar, lökpulver, kryddextrakt (svartpeppar, koriander), konserveringsmedel (E261, E250), rökarom.*Fött, uppfött, slaktat i EU.",
    "storage": "Kylvara. Förvaras vid max +8°C",
    "allergens": "",
    "usage": "",
    "nutrition": [
      {
        "Näringsvärde": "Energi (kcal)",
        "100 Gram": "245 kcal"
      },
      {
        "Näringsvärde": "Energi (kJ)",
        "100 Gram": "1018 kJ"
      },
      {
        "Näringsvärde": "Fett",
        "100 Gram": "18 g"
      },
      {
        "Näringsvärde": "Varav mättat fett",
        "100 Gram": "7 g"
      },
      {
        "Näringsvärde": "Kolhydrat",
        "100 Gram": "14 g"
      },
      {
        "Näringsvärde": "Varav sockerarter",
        "100 Gram": "0.8 g"
      },
      {
        "Näringsvärde": "Protein",
        "100 Gram": "6.7 g"
      },
      {
        "Näringsvärde": "Salt",
        "100 Gram": "1.9 g"
      }
    ],
    "nutritionUnitText": "Näringsvärde per 100 gram",
    "categories": {
      "mainCategory": "Kött, Chark & Fågel",
      "subCategories": [
        {
          "name": "Korv",
          "subSubCategories": [
            "Glutenfri korv"
          ]
        }
      ]
    }
  },
  {
    "name": "Salami Napoli 70g ICA",
    "weightText": "0.07 kg",
    "caPart": "",
    "weightValue": 0.07,
    "weightUnit": "kg",
    "comparePrice": "335,71 kr/kg",
    "currentPrice": 23.5,
    "attributes": [],
    "imgUrl": "https://handlaprivatkund.ica.se/images-v3/bf7a00ca-390e-4769-865f-dc369586872e/dc55bf09-4c2b-4698-9a4d-dc3f3ab4bdb4/500x500.jpg",
    "productInformation": "ICA Salami Napoli är en kryddig Italiensk lyfttorkad korv med inslag av svartpeppar. Passar lika bra på färsk baguette med lite olivolja som topping på pizzan!",
    "countryText": "",
    "companyText": "ICA",
    "ingrediensText": "Griskött*, salt, druvsocker, kryddor (vitpeppar, svartpeppar, kanel, muskot, muskotblomma, koriander, kryddnejlika, stjärnanis, enbär, rosmarin, kummin, lagerblad), antioxidationsmedel (E301), konserveringsmedel (E252, E250), torkad vitlök, mjölksyrakultur. *Fött, uppfött och slaktat i Italien. Till 100g färdig produkt har 146g köttråvara använts.",
    "storage": "",
    "allergens": "",
    "usage": "",
    "nutrition": [],
    "nutritionUnitText": "Näringsvärde per styck",
    "categories": {
      "mainCategory": "Kött, Chark & Fågel",
      "subCategories": [
        {
          "name": "Delikatesschark",
          "subSubCategories": [
            "Salami delikatess"
          ]
        }
      ]
    }
  },
  {
    "name": "Extra fina köttbullar 500g ICA",
    "weightText": "0.5 kg",
    "caPart": "",
    "weightValue": 0.5,
    "weightUnit": "kg",
    "comparePrice": "129,90 kr/kg",
    "currentPrice": 64.95,
    "attributes": [
      "Kött från Sverige",
      "Ursprungsland Sverige"
    ],
    "imgUrl": "https://handlaprivatkund.ica.se/images-v3/bf7a00ca-390e-4769-865f-dc369586872e/150e9ba5-3b1c-4baf-8d69-7e5993c4c161/500x500.jpg",
    "productInformation": "ICA Extra fina Köttbullar är saftiga med fyllig smak för de extra goda tillfällena. Ät som du vill eller varför inte med potatismos, rårörda lingon och gräddsås.",
    "countryText": "Sverige",
    "companyText": "ICA",
    "ingrediensText": "INGREDIENSER: Gris*- och nötkött* 85%, potatis, potatisstärkelse, potatisflingor, druvsocker, salt, lök, svartpeppar, potatisfiber, kryddextrakt. Friterade i animaliskt fett. *Fött, uppfött och slaktat i Sverige.",
    "storage": "",
    "allergens": "",
    "usage": "",
    "nutrition": [
      {
        "Näringsvärde": "Energi (kcal)",
        "100 Gram": "245 kcal"
      },
      {
        "Näringsvärde": "Energi (kJ)",
        "100 Gram": "1020 kJ"
      },
      {
        "Näringsvärde": "Fett",
        "100 Gram": "17 g"
      },
      {
        "Näringsvärde": "Varav mättat fett",
        "100 Gram": "7.2 g"
      },
      {
        "Näringsvärde": "Kolhydrat",
        "100 Gram": "8 g"
      },
      {
        "Näringsvärde": "Varav sockerarter",
        "100 Gram": "1.7 g"
      },
      {
        "Näringsvärde": "Protein",
        "100 Gram": "15 g"
      },
      {
        "Näringsvärde": "Salt",
        "100 Gram": "1.7 g"
      }
    ],
    "nutritionUnitText": "Näringsvärde per 100 gram",
    "categories": {
      "mainCategory": "Jul",
      "subCategories": [
        {
          "name": "Julmat",
          "subSubCategories": [
            "Korv, Köttbullar & Rödbetssallad",
            "Köttbullar & Rödbetssallad"
          ]
        }
      ]
    }
  },
  {
    "name": "Falukorv 85% Kötthalt 500g Härryda Karlsson",
    "weightText": "0.5 kg",
    "caPart": "",
    "weightValue": 0.5,
    "weightUnit": "kg",
    "comparePrice": "99,90 kr/kg",
    "currentPrice": 49.95,
    "attributes": [],
    "imgUrl": "https://handlaprivatkund.ica.se/images-v3/bf7a00ca-390e-4769-865f-dc369586872e/24a46677-d4e2-4087-981d-1c391be1ae7e/500x500.jpg",
    "productInformation": "Korvskinn ej ätbart",
    "countryText": "",
    "companyText": "Härryda Karlsson",
    "ingrediensText": "Ingredienser: Griskött* , vatten, potatismjöl, socker, salt, stabiliseringsmedel (E450), lök, vitpeppar, kryddextrakt, antioxidationsmedel (askorbinsyra), konserveringsmedel (natriumnitrit). *Svenskt kött.",
    "storage": "Högsta förvaringstemperatur 7°C",
    "allergens": "",
    "usage": "",
    "nutrition": [
      {
        "Näringsvärde": "Energi (kcal)",
        "100 Gram": "277 kcal"
      },
      {
        "Näringsvärde": "Energi (kJ)",
        "100 Gram": "1161 kJ"
      },
      {
        "Näringsvärde": "Fett",
        "100 Gram": "21 g"
      },
      {
        "Näringsvärde": "Varav mättat fett",
        "100 Gram": "9.6 g"
      },
      {
        "Näringsvärde": "Kolhydrat",
        "100 Gram": "4.3 g"
      },
      {
        "Näringsvärde": "Varav sockerarter",
        "100 Gram": "1.7 g"
      },
      {
        "Näringsvärde": "Protein",
        "100 Gram": "13 g"
      },
      {
        "Näringsvärde": "Salt",
        "100 Gram": "2.2 g"
      }
    ],
    "nutritionUnitText": "Näringsvärde per 100 gram",
    "categories": {
      "mainCategory": "Kött, Chark & Fågel",
      "subCategories": [
        {
          "name": "Korv",
          "subSubCategories": [
            "Falukorv"
          ]
        }
      ]
    }
  },
  {
    "name": "Kyckling Gyros 600g Guldfågeln",
    "weightText": "0.6 kg",
    "caPart": "",
    "weightValue": 0.6,
    "weightUnit": "kg",
    "comparePrice": "151,58 kr/kg",
    "currentPrice": 90.95,
    "attributes": [
      "Nyckelhålet",
      "Ursprungsland Sverige",
      "Svensk Fågel"
    ],
    "imgUrl": "https://handlaprivatkund.ica.se/images-v3/bf7a00ca-390e-4769-865f-dc369586872e/4c7c6156-03ee-41ce-8f2e-0676e279816c/500x500.jpg",
    "productInformation": "",
    "countryText": "Sverige",
    "companyText": "Guldfågeln",
    "ingrediensText": "Kycklinglårfilé,salt, kryddor (chili, koriander, oregano, paprika, peppar,spiskummin, vitlök), lök, jästextrakt, modifierad stärkelse, rosmarinextrakt, druvsocker, surhetsreglerande medel (citronsyra, natriumaskorbat)Till 100 g produkt har använts 100g kycklinglårfilé.",
    "storage": "",
    "allergens": "",
    "usage": "",
    "nutrition": [
      {
        "Näringsvärde": "Energi (kcal)",
        "100 Gram": "180 kcal"
      },
      {
        "Näringsvärde": "Energi (kJ)",
        "100 Gram": "750 kJ"
      },
      {
        "Näringsvärde": "Fett",
        "100 Gram": "10 g"
      },
      {
        "Näringsvärde": "Varav mättat fett",
        "100 Gram": "3.3 g"
      },
      {
        "Näringsvärde": "Kolhydrat",
        "100 Gram": "1.5 g"
      },
      {
        "Näringsvärde": "Varav sockerarter",
        "100 Gram": "0.5 g"
      },
      {
        "Näringsvärde": "Protein",
        "100 Gram": "19 g"
      },
      {
        "Näringsvärde": "Salt",
        "100 Gram": "1.5 g"
      }
    ],
    "nutritionUnitText": "Näringsvärde per 100 gram",
    "categories": {
      "mainCategory": "Kött, Chark & Fågel",
      "subCategories": [
        {
          "name": "Kyckling & Fågel",
          "subSubCategories": [
            "Förberedd fågel",
            "Förberedd fågel, fryst"
          ]
        }
      ]
    }
  },
  {
    "name": "Kycklinginnerfilé Färsk 600g ICA Gott Liv",
    "weightText": "0.6 kg",
    "caPart": "",
    "weightValue": 0.6,
    "weightUnit": "kg",
    "comparePrice": "144,92 kr/kg",
    "currentPrice": 86.95,
    "attributes": [
      "Nyckelhålet",
      "Ursprungsland Sverige",
      "Svensk Fågel"
    ],
    "imgUrl": "https://handlaprivatkund.ica.se/images-v3/bf7a00ca-390e-4769-865f-dc369586872e/31a6a9d4-a548-490d-bf05-b90dece422cd/500x500.jpg",
    "productInformation": "Kycklinginnerfile utmärkt att steka, grilla eller woka.",
    "countryText": "Sverige",
    "companyText": "ICA Gott Liv",
    "ingrediensText": "Kycklinginnerfilé av bröst*. *Född, uppfödd, och slaktad i Sverige.",
    "storage": "Högst +4°C sista förbrukningsdag gäller obruten förpackning.",
    "allergens": "",
    "usage": "Öppnad förpackning hållbar 2 dagar vid högst +4°C.",
    "nutrition": [
      {
        "Näringsvärde": "Energi (kcal)",
        "100 Gram": "105 kcal"
      },
      {
        "Näringsvärde": "Energi (kJ)",
        "100 Gram": "437 kJ"
      },
      {
        "Näringsvärde": "Fett",
        "100 Gram": "1.2 g"
      },
      {
        "Näringsvärde": "Varav mättat fett",
        "100 Gram": "0.5 g"
      },
      {
        "Näringsvärde": "Kolhydrat",
        "100 Gram": "0.5 g"
      },
      {
        "Näringsvärde": "Varav sockerarter",
        "100 Gram": "0 g"
      },
      {
        "Näringsvärde": "Protein",
        "100 Gram": "23 g"
      },
      {
        "Näringsvärde": "Salt",
        "100 Gram": "0.16 g"
      }
    ],
    "nutritionUnitText": "Näringsvärde per 100 gram",
    "categories": {
      "mainCategory": "Kött, Chark & Fågel",
      "subCategories": [
        {
          "name": "Kyckling & Fågel",
          "subSubCategories": [
            "Kycklingfilé",
            "Kycklingfilé, färsk"
          ]
        }
      ]
    }
  },
  {
    "name": "Kycklingbröstfiléer Fryst 2kg Guldfågeln",
    "weightText": "2 kg",
    "caPart": "",
    "weightValue": 2,
    "weightUnit": "kg",
    "comparePrice": "106,50 kr/kg",
    "currentPrice": 213,
    "attributes": [
      "Ursprungsland Sverige",
      "Svensk Fågel"
    ],
    "imgUrl": "https://handlaprivatkund.ica.se/images-v3/bf7a00ca-390e-4769-865f-dc369586872e/7ec1999c-9908-444e-95ff-e91592731d5c/500x500.jpg",
    "productInformation": "Styckfrysta, mörade kycklingbröstfiléer. Stek eller grilla filéerna inlindade i bacon. Servera med klyft- eller bakpotatis, grönsaker och en god sås.",
    "countryText": "Sverige",
    "companyText": "Guldfågeln",
    "ingrediensText": "Kycklingbröstfilé (87%), vatten, salt, socker.",
    "storage": "",
    "allergens": "",
    "usage": "",
    "nutrition": [
      {
        "Näringsvärde": "Energi (kcal)",
        "100 Gram": "100 kcal"
      },
      {
        "Näringsvärde": "Energi (kJ)",
        "100 Gram": "430 kJ"
      },
      {
        "Näringsvärde": "Fett",
        "100 Gram": "2 g"
      },
      {
        "Näringsvärde": "Varav mättat fett",
        "100 Gram": "0.7 g"
      },
      {
        "Näringsvärde": "Kolhydrat",
        "100 Gram": "0.5 g"
      },
      {
        "Näringsvärde": "Varav sockerarter",
        "100 Gram": "0.5 g"
      },
      {
        "Näringsvärde": "Protein",
        "100 Gram": "21 g"
      },
      {
        "Näringsvärde": "Salt",
        "100 Gram": "0.7 g"
      }
    ],
    "nutritionUnitText": "Näringsvärde per 100 gram",
    "categories": {
      "mainCategory": "Kött, Chark & Fågel",
      "subCategories": [
        {
          "name": "Kyckling & Fågel",
          "subSubCategories": [
            "Kycklingfilé"
          ]
        }
      ]
    }
  },
  {
    "name": "Kycklingfärs 800g ICA Gott Liv",
    "weightText": "0.8 kg",
    "caPart": "",
    "weightValue": 0.8,
    "weightUnit": "kg",
    "comparePrice": "92,44 kr/kg",
    "currentPrice": 73.95,
    "attributes": [
      "Nyckelhålet",
      "Ursprungsland Sverige",
      "Svensk Fågel"
    ],
    "imgUrl": "https://handlaprivatkund.ica.se/images-v3/bf7a00ca-390e-4769-865f-dc369586872e/64af17f3-d7d0-4e63-99c1-0b5095a0c65a/500x500.jpg",
    "productInformation": "Kycklingfärs passar att använda på samma sätt som vanlig köttfärs, gör till exempel en kycklngfärssås eller prova biffar på kycklingfärs!",
    "countryText": "Sverige",
    "companyText": "ICA Gott Liv",
    "ingrediensText": "Kycklingfärs av 100% kycklingkött*Fetthalt lägre än 7%.Förhållandet mellan kollagen och köttprotein lägre än 12%.*Född, uppfödd och slaktad i Sverige.",
    "storage": "Kylvara förvaras i max 4° C, sista förbrukningsdag gäller obruten förpackning.",
    "allergens": "",
    "usage": "Öppnad förpackning hållbar 1 dag vid högst +4°C.",
    "nutrition": [
      {
        "Näringsvärde": "Energi (kcal)",
        "100 Gram": "110 kcal"
      },
      {
        "Näringsvärde": "Energi (kJ)",
        "100 Gram": "480 kJ"
      },
      {
        "Näringsvärde": "Fett",
        "100 Gram": "4 g"
      },
      {
        "Näringsvärde": "Varav mättat fett",
        "100 Gram": "1.1 g"
      },
      {
        "Näringsvärde": "Kolhydrat",
        "100 Gram": "0.5 g"
      },
      {
        "Näringsvärde": "Varav sockerarter",
        "100 Gram": "0.5 g"
      },
      {
        "Näringsvärde": "Protein",
        "100 Gram": "19 g"
      },
      {
        "Näringsvärde": "Salt",
        "100 Gram": "0.2 g"
      }
    ],
    "nutritionUnitText": "Näringsvärde per 100 gram",
    "categories": {
      "mainCategory": "Kött, Chark & Fågel",
      "subCategories": [
        {
          "name": "Köttfärs",
          "subSubCategories": [
            "Kycklingfärs"
          ]
        }
      ]
    }
  },
  {
    "name": "Köttkorv Kokt 300g Scan",
    "weightText": "0.3 kg",
    "caPart": "",
    "weightValue": 0.3,
    "weightUnit": "kg",
    "comparePrice": "98,33 kr/kg",
    "currentPrice": 29.5,
    "attributes": [
      "Glutenfritt",
      "Kött från Sverige",
      "Ursprungsland Sverige",
      "Laktosfritt"
    ],
    "imgUrl": "https://handlaprivatkund.ica.se/images-v3/bf7a00ca-390e-4769-865f-dc369586872e/9f8dba69-40e0-4225-af16-3e00025b0159/500x500.jpg",
    "productInformation": "Klassisk svensk köttkorv milt kryddad med kryddpeppar. Lättlagad husmanskost perfekt tillsammans med favoritsenapen och ett klassiskt rotmos. Våra korvar innehåller bara svenskt kött från våra gårdar. Denna korv är fri från gluten, laktos, ägg-, soja-, mjölk- och ärtprotein",
    "countryText": "Sverige",
    "companyText": "Scan",
    "ingrediensText": "INGREDIENSER: Svenskt nöt- och griskött (48%)*, vatten, fett från gris- och nötkött*, potatismjöl, salt, lök, kryddor, kryddextrakt, antioxidationsmedel E300, konserveringsmedel E250. *Ursprung: Sverige.",
    "storage": "",
    "allergens": "",
    "usage": "",
    "nutrition": [
      {
        "Näringsvärde": "Energi (kcal)",
        "100 Gram": "260 kcal"
      },
      {
        "Näringsvärde": "Energi (kJ)",
        "100 Gram": "1050 kJ"
      },
      {
        "Näringsvärde": "Fett",
        "100 Gram": "23 g"
      },
      {
        "Näringsvärde": "Varav mättat fett",
        "100 Gram": "8.4 g"
      },
      {
        "Näringsvärde": "Kolhydrat",
        "100 Gram": "6.6 g"
      },
      {
        "Näringsvärde": "Varav sockerarter",
        "100 Gram": "0 g"
      },
      {
        "Näringsvärde": "Protein",
        "100 Gram": "8.1 g"
      },
      {
        "Näringsvärde": "Salt",
        "100 Gram": "2.1 g"
      }
    ],
    "nutritionUnitText": "Näringsvärde per 100 gram",
    "categories": {
      "mainCategory": "Kött, Chark & Fågel",
      "subCategories": [
        {
          "name": "Korv",
          "subSubCategories": [
            "Fläskkorv"
          ]
        }
      ]
    }
  },
  {
    "name": "Bacon Extra fint Torrsaltat 140g ICA",
    "weightText": "0.14 kg",
    "caPart": "",
    "weightValue": 0.14,
    "weightUnit": "kg",
    "comparePrice": "146,43 kr/kg",
    "currentPrice": 20.5,
    "attributes": [],
    "imgUrl": "https://handlaprivatkund.ica.se/images-v3/bf7a00ca-390e-4769-865f-dc369586872e/5abe0756-ee43-4134-bdd9-14629747e179/500x500.jpg",
    "productInformation": "ICA Extra fin Bacon är torrsaltat och bokspånsrökt, gjord på svenskt kött producerat i Halmstad. Det är ett utsökt bacon med rökig smak för de extra goda tillfällena.",
    "countryText": "",
    "companyText": "ICA",
    "ingrediensText": "Ingredienser: Griskött* 97%, salt, konserveringsmedel (E250).*Fött, uppfött och slaktat i Sverige.",
    "storage": "Lägsta förvaringstemperatur 0°C Högsta förvaringstemperatur 8°C",
    "allergens": "",
    "usage": "",
    "nutrition": [
      {
        "Näringsvärde": "Energi (kcal)",
        "100 Gram": "259 kcal"
      },
      {
        "Näringsvärde": "Energi (kJ)",
        "100 Gram": "1075 kJ"
      },
      {
        "Näringsvärde": "Fett",
        "100 Gram": "21 g"
      },
      {
        "Näringsvärde": "Varav mättat fett",
        "100 Gram": "8 g"
      },
      {
        "Näringsvärde": "Kolhydrat",
        "100 Gram": "0.5 g"
      },
      {
        "Näringsvärde": "Varav sockerarter",
        "100 Gram": "0.5 g"
      },
      {
        "Näringsvärde": "Protein",
        "100 Gram": "17 g"
      },
      {
        "Näringsvärde": "Salt",
        "100 Gram": "2.5 g"
      }
    ],
    "nutritionUnitText": "",
    "categories": {
      "mainCategory": "Kött, Chark & Fågel",
      "subCategories": [
        {
          "name": "Matchark",
          "subSubCategories": [
            "Bacon & stekfläsk"
          ]
        }
      ]
    }
  },
  {
    "name": "Kalvsylta Deli 200g Scan",
    "weightText": "0.2 kg",
    "caPart": "",
    "weightValue": 0.2,
    "weightUnit": "kg",
    "comparePrice": "169,75 kr/kg",
    "currentPrice": 33.95,
    "attributes": [
      "Nyckelhålet",
      "Kött från Sverige",
      "Ursprungsland Sverige"
    ],
    "imgUrl": "https://handlaprivatkund.ica.se/images-v3/bf7a00ca-390e-4769-865f-dc369586872e/eb8adc56-194f-40da-82c5-fab11d9743b3/500x500.jpg",
    "productInformation": "Gjord på klassiskt recept hämtar vår smakrika sylta av kalvkött inspiration från den gamla goda tidens matkultur. Alla våra produkter innehåller enbart kött från djur på svenska gårdar.",
    "countryText": "Sverige",
    "companyText": "Scan",
    "ingrediensText": "INGREDIENSER: Svenskt kalvkött* (47%), vatten, svål av gris*, salt, kryddextrakt, antioxidationsmedel (E300), konserveringsmedel (E250). *Ursprung Sverige.",
    "storage": "",
    "allergens": "",
    "usage": "",
    "nutrition": [
      {
        "Näringsvärde": "Energi (kcal)",
        "100 Gram": "120 kcal"
      },
      {
        "Näringsvärde": "Energi (kJ)",
        "100 Gram": "500 kJ"
      },
      {
        "Näringsvärde": "Fett",
        "100 Gram": "7.6 g"
      },
      {
        "Näringsvärde": "Varav mättat fett",
        "100 Gram": "3.3 g"
      },
      {
        "Näringsvärde": "Kolhydrat",
        "100 Gram": "0.5 g"
      },
      {
        "Näringsvärde": "Varav sockerarter",
        "100 Gram": "0.5 g"
      },
      {
        "Näringsvärde": "Protein",
        "100 Gram": "13 g"
      },
      {
        "Näringsvärde": "Salt",
        "100 Gram": "1.7 g"
      }
    ],
    "nutritionUnitText": "Näringsvärde per 100 gram",
    "categories": {
      "mainCategory": "Jul",
      "subCategories": [
        {
          "name": "Julmat",
          "subSubCategories": [
            "Övrig julmat"
          ]
        }
      ]
    }
  },
  {
    "name": "Varmkorv 75% kötthalt 300g ICA",
    "weightText": "0.3 kg",
    "caPart": "",
    "weightValue": 0.3,
    "weightUnit": "kg",
    "comparePrice": "113,17 kr/kg",
    "currentPrice": 33.95,
    "attributes": [
      "Glutenfritt",
      "Kött från Sverige",
      "Ursprungsland Sverige",
      "Laktosfritt"
    ],
    "imgUrl": "https://handlaprivatkund.ica.se/images-v3/bf7a00ca-390e-4769-865f-dc369586872e/c104adc8-ee53-4bfd-9043-52468033c166/500x500.jpg",
    "productInformation": "ICA Extra fin Varmkorv är alspånsrökt och gjord på svenskt kött. Det är en saftig korv med rikare smak för extra goda tillfällen. Lägg den i ett korvbröd med klassiska tillbehör eller ihop med krämigt potatismos! Mums!",
    "countryText": "Sverige",
    "companyText": "ICA",
    "ingrediensText": "Griskött* 75%, vatten, potatisstärkelse, salt, druvsocker, fett från gris*, kryddor (paprika, ingefära, muskot, libbsticka), svartpepparextrakt, antioxidationsmedel (E 300), konserveringsmedel (E 250).Stoppad i naturtarm från får.*Fött, uppfött och slaktat i Sverige.",
    "storage": "",
    "allergens": "",
    "usage": "Kylvara: Förvaras vid högst + 8°C",
    "nutrition": [
      {
        "Näringsvärde": "Energi (kcal)",
        "100 Gram": "287 kcal"
      },
      {
        "Näringsvärde": "Energi (kJ)",
        "100 Gram": "1191 kJ"
      },
      {
        "Näringsvärde": "Fett",
        "100 Gram": "23 g"
      },
      {
        "Näringsvärde": "Varav mättat fett",
        "100 Gram": "9 g"
      },
      {
        "Näringsvärde": "Kolhydrat",
        "100 Gram": "9 g"
      },
      {
        "Näringsvärde": "Varav sockerarter",
        "100 Gram": "1 g"
      },
      {
        "Näringsvärde": "Protein",
        "100 Gram": "11 g"
      },
      {
        "Näringsvärde": "Salt",
        "100 Gram": "1.9 g"
      }
    ],
    "nutritionUnitText": "Näringsvärde per 100 gram",
    "categories": {
      "mainCategory": "Kött, Chark & Fågel",
      "subCategories": [
        {
          "name": "Korv",
          "subSubCategories": [
            "Glutenfri korv"
          ]
        }
      ]
    }
  },
  {
    "name": "Cognacsmedwurst Enrisrökt 300g ICA",
    "weightText": "0.3 kg",
    "caPart": "",
    "weightValue": 0.3,
    "weightUnit": "kg",
    "comparePrice": "93,17 kr/kg",
    "currentPrice": 27.95,
    "attributes": [
      "Kött från Sverige",
      "Ursprungsland Sverige"
    ],
    "imgUrl": "https://handlaprivatkund.ica.se/images-v3/bf7a00ca-390e-4769-865f-dc369586872e/534d04f4-aac4-4b6f-a46e-154ebfc47445/500x500.jpg",
    "productInformation": "ICA Cognacsmedwurst Svart är en svensk, enrisrökt korv med syrlig smak och lite lagom med sälta. Den är tillräckligt mild för att passa på mackan och samtidigt tillräckligt smakrik för att vara ett gott sällskap till osten på charkbrickan.",
    "countryText": "Sverige",
    "companyText": "ICA",
    "ingrediensText": "INGREDIENSER: Gris*- och nötkött* 69%, fett från gris*, socker, salt, potatisflingor, animaliskt protein (från gris), vatten, druvsocker, kryddor (vitpeppar, ingefära), congac, cognacsarom, konserveringsmedel (E250), antioxidationsmedel (E300), karmin (E120). Ej ätbart korvskinn. Kallrökt. *Fött, uppfött och slaktat i Sverige.",
    "storage": "Högsta förvaringstemperatur 8°C",
    "allergens": "",
    "usage": "",
    "nutrition": [
      {
        "Näringsvärde": "Energi (kcal)",
        "100 Gram": "400 kcal"
      },
      {
        "Näringsvärde": "Energi (kJ)",
        "100 Gram": "1650 kJ"
      },
      {
        "Näringsvärde": "Fett",
        "100 Gram": "36 g"
      },
      {
        "Näringsvärde": "Varav mättat fett",
        "100 Gram": "14 g"
      },
      {
        "Näringsvärde": "Kolhydrat",
        "100 Gram": "6.3 g"
      },
      {
        "Näringsvärde": "Varav sockerarter",
        "100 Gram": "4 g"
      },
      {
        "Näringsvärde": "Protein",
        "100 Gram": "13.5 g"
      },
      {
        "Näringsvärde": "Salt",
        "100 Gram": "2.5 g"
      }
    ],
    "nutritionUnitText": "Näringsvärde per 100 gram",
    "categories": {
      "mainCategory": "Kött, Chark & Fågel",
      "subCategories": [
        {
          "name": "Pålägg",
          "subSubCategories": [
            "Påläggskorv"
          ]
        }
      ]
    }
  },
  {
    "name": "Fläskytterfilé Färsk Medaljonger Vitlök & Peppar 300g ICA",
    "weightText": "0.3 kg",
    "caPart": "",
    "weightValue": 0.3,
    "weightUnit": "kg",
    "comparePrice": "166,50 kr/kg",
    "currentPrice": 49.95,
    "attributes": [
      "Kött från Sverige"
    ],
    "imgUrl": "https://handlaprivatkund.ica.se/images-v3/bf7a00ca-390e-4769-865f-dc369586872e/84db0749-cd48-4472-86c0-1cff40104591/500x500.jpg",
    "productInformation": "ICAs garlic and pepper medaljonger är gjord på lättrimmad fläskytterfilé som ytkryddats och skurits i skivor. En väldigt mör detalj som är lättlagad och enkel att lyckas med i köket. Serveras förslagsvis med skivad ugnspotatis och en god sås gjord på skyn från stekningen.",
    "countryText": "",
    "companyText": "ICA",
    "ingrediensText": "INGREDIENSER: Benfri kotlett av gris 88%*, vatten, salt, kryddor (chilipeppar, jalapeno, röd paprika, grön paprika, svartpeppar, grönpeppar), tomat, druvsocker, vinäger, naturliga aromer, glutenfri HAVREfiber. *Fött, uppfött, slaktat och styckat i Sverige.",
    "storage": "",
    "allergens": "",
    "usage": "",
    "nutrition": [
      {
        "Näringsvärde": "Energi (kcal)",
        "100 Gram": "104 kcal"
      },
      {
        "Näringsvärde": "Energi (kJ)",
        "100 Gram": "441 kJ"
      },
      {
        "Näringsvärde": "Fett",
        "100 Gram": "1.7 g"
      },
      {
        "Näringsvärde": "Varav mättat fett",
        "100 Gram": "0.6 g"
      },
      {
        "Näringsvärde": "Kolhydrat",
        "100 Gram": "2.8 g"
      },
      {
        "Näringsvärde": "Varav sockerarter",
        "100 Gram": "0.8 g"
      },
      {
        "Näringsvärde": "Protein",
        "100 Gram": "19 g"
      },
      {
        "Näringsvärde": "Salt",
        "100 Gram": "0.82 g"
      }
    ],
    "nutritionUnitText": "Näringsvärde per 100 gram",
    "categories": {
      "mainCategory": "Kött, Chark & Fågel",
      "subCategories": [
        {
          "name": "Kött",
          "subSubCategories": [
            "Fläsk",
            "Färdigkryddat fläskkött"
          ]
        }
      ]
    }
  },
  {
    "name": "Lantskinka Gallerrökt 120g ICA",
    "weightText": "0.12 kg",
    "caPart": "",
    "weightValue": 0.12,
    "weightUnit": "kg",
    "comparePrice": "191,25 kr/kg",
    "currentPrice": 22.95,
    "attributes": [
      "Nyckelhålet",
      "Kött från Sverige",
      "Ursprungsland Sverige"
    ],
    "imgUrl": "https://handlaprivatkund.ica.se/images-v3/bf7a00ca-390e-4769-865f-dc369586872e/15a5c65c-187b-41e8-bf85-d82137ed58e2/500x500.jpg",
    "productInformation": "ICA Lantskinka Gallerrökt är en svensk smakrik lantskinka i fina skivor. Lägg den till exempel på ett gott grillat surdegsbröd tillsammans med krämig avocado och krispig paprika och toppa med lite nymald svartpeppar. \n \n Alspåns- och enrisrökt.",
    "countryText": "Sverige",
    "companyText": "ICA",
    "ingrediensText": "Ingredienser: Skinka av gris* (helmuskel) 95%, salt, stabiliseringsmedel (E451), potatismjöl, druvsocker, potatisfiber, socker**, antioxidationsmedel (E301), konserveringsmedel (E250).*Fött, uppfött och slaktat i Sverige.**Ursprung Sverige.",
    "storage": "Lägsta förvaringstemperatur 0°C Högsta förvaringstemperatur 8°C",
    "allergens": "",
    "usage": "",
    "nutrition": [
      {
        "Näringsvärde": "Energi (kcal)",
        "100 Gram": "87 kcal"
      },
      {
        "Näringsvärde": "Energi (kJ)",
        "100 Gram": "368 kJ"
      },
      {
        "Näringsvärde": "Fett",
        "100 Gram": "1.5 g"
      },
      {
        "Näringsvärde": "Varav mättat fett",
        "100 Gram": "0.6 g"
      },
      {
        "Näringsvärde": "Kolhydrat",
        "100 Gram": "1.5 g"
      },
      {
        "Näringsvärde": "Varav sockerarter",
        "100 Gram": "0.5 g"
      },
      {
        "Näringsvärde": "Protein",
        "100 Gram": "16 g"
      },
      {
        "Näringsvärde": "Salt",
        "100 Gram": "2.1 g"
      }
    ],
    "nutritionUnitText": "",
    "categories": {
      "mainCategory": "Kött, Chark & Fågel",
      "subCategories": [
        {
          "name": "Pålägg",
          "subSubCategories": [
            "Skinka"
          ]
        }
      ]
    }
  },
  {
    "name": "Wienerkorv 80% kötthalt 300g ICA",
    "weightText": "0.3 kg",
    "caPart": "",
    "weightValue": 0.3,
    "weightUnit": "kg",
    "comparePrice": "131,67 kr/kg",
    "currentPrice": 39.5,
    "attributes": [
      "Glutenfritt",
      "Kött från Sverige",
      "Laktosfritt"
    ],
    "imgUrl": "https://handlaprivatkund.ica.se/images-v3/bf7a00ca-390e-4769-865f-dc369586872e/9a690d07-8565-4938-92f0-d79054187304/500x500.jpg",
    "productInformation": "ICA Extra fin Wienerkorv är alspånsrökt och gjord på svenskt kött. Koka den ihop med lagerblad och kryddpeppar och lägg sedan i ett korvbröd med klassiska tillbehör eller ihop med krämigt potatismos! Mums!",
    "countryText": "",
    "companyText": "ICA",
    "ingrediensText": "Gris*- och nötkött* 80%, vatten, potatismjöl, salt, druvsocker, kryddor (paprika, ingefära, muskotnöt, libbsticka), svartpepparextrakt, antioxidationsmedel (E300), konserveringsmedel (E250).Alspånsrökt.Stoppad i naturtarm från får.*Fött, uppfött och slaktat i Sverige.",
    "storage": "",
    "allergens": "",
    "usage": "Kylvara: Förvaras vid högst +8°C",
    "nutrition": [
      {
        "Näringsvärde": "Energi (kcal)",
        "100 Gram": "270 kcal"
      },
      {
        "Näringsvärde": "Energi (kJ)",
        "100 Gram": "1120 kJ"
      },
      {
        "Näringsvärde": "Fett",
        "100 Gram": "22 g"
      },
      {
        "Näringsvärde": "Varav mättat fett",
        "100 Gram": "8.9 g"
      },
      {
        "Näringsvärde": "Kolhydrat",
        "100 Gram": "6 g"
      },
      {
        "Näringsvärde": "Varav sockerarter",
        "100 Gram": "1.1 g"
      },
      {
        "Näringsvärde": "Protein",
        "100 Gram": "12 g"
      },
      {
        "Näringsvärde": "Salt",
        "100 Gram": "1.8 g"
      }
    ],
    "nutritionUnitText": "Näringsvärde per 100 gram",
    "categories": {
      "mainCategory": "Kött, Chark & Fågel",
      "subCategories": [
        {
          "name": "Korv",
          "subSubCategories": [
            "Glutenfri korv"
          ]
        }
      ]
    }
  },
  {
    "name": "Isterband Kalas Lammhults 300g Ello i Lammhult",
    "weightText": "0.3 kg",
    "caPart": "",
    "weightValue": 0.3,
    "weightUnit": "kg",
    "comparePrice": "83,17 kr/kg",
    "currentPrice": 24.95,
    "attributes": [
      "Kött från Sverige"
    ],
    "imgUrl": "https://handlaprivatkund.ica.se/images-v3/bf7a00ca-390e-4769-865f-dc369586872e/475245b8-b316-48c7-ae1c-d325080af82b/500x500.jpg",
    "productInformation": "",
    "countryText": "",
    "companyText": "Ello i Lammhult",
    "ingrediensText": "Ingredienser: Gris och nötkött* 57%, KORNGRYN, gristunga*, vatten, fett från gris*, grishjärta*, salt, MJÖLKSPULVER, MJÖLKPROTEIN, socker, kryddor, lök, MJÖLKSOCKER, konserveringmedel (natriumnitrit), antioxidationsmedel (askorbinsyra). *Fött, uppfött och slaktat i Sverige.",
    "storage": "",
    "allergens": "",
    "usage": "",
    "nutrition": [
      {
        "Näringsvärde": "Energi (kJ)",
        "100 Gram": "1250 kJ"
      },
      {
        "Näringsvärde": "Fett",
        "100 Gram": "24 g"
      },
      {
        "Näringsvärde": "Varav mättat fett",
        "100 Gram": "10 g"
      },
      {
        "Näringsvärde": "Kolhydrat",
        "100 Gram": "10 g"
      },
      {
        "Näringsvärde": "Varav sockerarter",
        "100 Gram": "2 g"
      },
      {
        "Näringsvärde": "Protein",
        "100 Gram": "12 g"
      },
      {
        "Näringsvärde": "Salt",
        "100 Gram": "2 g"
      }
    ],
    "nutritionUnitText": "Näringsvärde per 100 gram",
    "categories": {
      "mainCategory": "Kött, Chark & Fågel",
      "subCategories": [
        {
          "name": "Korv",
          "subSubCategories": [
            "Isterband"
          ]
        }
      ]
    }
  },
  {
    "name": "Fransyska i bit nätad ca 1,22kg ICA",
    "weightText": "Ca 1.22 kg",
    "caPart": "Ca",
    "weightValue": 1.22,
    "weightUnit": "kg",
    "comparePrice": "155,00 kr/kg",
    "currentPrice": 189.1,
    "attributes": [
      "Nyckelhålet",
      "Kött från Sverige",
      "Ursprungsland Sverige"
    ],
    "imgUrl": "https://handlaprivatkund.ica.se/images-v3/bf7a00ca-390e-4769-865f-dc369586872e/382a9e68-09f7-4548-83d6-ba611c635312/500x500.jpg",
    "productInformation": "ICA Fransyska Nätad kommer från svenska gårdar och är en perfekt bit kött att använda till klassikerna slottsstek, tjälknöl och sjömansbiff. Låt nätet sitta kvar (eller knyt upp den själv) om du tillagar den hel, så faller den inte isär. Fransyskan bör ha en innertemperatur på 70-75 grader och mår bra av att tillagas på låg värme, cirka 150 grader.",
    "countryText": "Sverige",
    "companyText": "ICA",
    "ingrediensText": "INGREDIENSER: Svenskt nötkött",
    "storage": "",
    "allergens": "",
    "usage": "",
    "nutrition": [
      {
        "Näringsvärde": "Energi (kcal)",
        "100 Gram": "116 kcal"
      },
      {
        "Näringsvärde": "Energi (kJ)",
        "100 Gram": "483 kJ"
      },
      {
        "Näringsvärde": "Fett",
        "100 Gram": "3.5 g"
      },
      {
        "Näringsvärde": "Varav mättat fett",
        "100 Gram": "1.5 g"
      },
      {
        "Näringsvärde": "Kolhydrat",
        "100 Gram": "0.5 g"
      },
      {
        "Näringsvärde": "Varav sockerarter",
        "100 Gram": "0.5 g"
      },
      {
        "Näringsvärde": "Protein",
        "100 Gram": "21 g"
      },
      {
        "Näringsvärde": "Salt",
        "100 Gram": "0.2 g"
      },
      {
        "Näringsvärde": "Vitamin D",
        "100 Gram": "0.5 µg"
      },
      {
        "Näringsvärde": "Kalcium",
        "100 Gram": "6 mg"
      },
      {
        "Näringsvärde": "Järn",
        "100 Gram": "2.4 mg"
      },
      {
        "Näringsvärde": "Natrium",
        "100 Gram": "0.064 g"
      }
    ],
    "nutritionUnitText": "Näringsvärde per 100 gram",
    "categories": {
      "mainCategory": "Kött, Chark & Fågel",
      "subCategories": [
        {
          "name": "Kött",
          "subSubCategories": [
            "Nötkött",
            "Fransyska"
          ]
        }
      ]
    }
  },
  {
    "name": "Kycklingsteak Färsk Urbenad Kycklingklubba ca 900g Kronfågel",
    "weightText": "Ca 0.9 kg",
    "caPart": "Ca",
    "weightValue": 0.9,
    "weightUnit": "kg",
    "comparePrice": "107,00 kr/kg",
    "currentPrice": 96.3,
    "attributes": [
      "Ursprungsland Sverige",
      "Svensk Fågel"
    ],
    "imgUrl": "https://handlaprivatkund.ica.se/images-v3/bf7a00ca-390e-4769-865f-dc369586872e/994bf5fa-c99b-4ee0-90d6-b380ab0103c9/500x500.jpg",
    "productInformation": "KycklingSteak från Kronfågel är en urbenad kycklingklubba med skinn. En rejäl bit kyckling, stektålig, saftig och smakrik. KycklingSteak passar utmärkt till att steka eller grilla. Servera gärna med bearnaisesås, potatisklyftor och tillbehör som cole slaw, nachos eller bönsallad. Alltid svensk kyckling för en godare måltid.",
    "countryText": "Sverige",
    "companyText": "Kronfågel",
    "ingrediensText": "Urbenad kycklingklubba.Ursprung: Född, uppväxt, slaktad i Sverige.",
    "storage": "",
    "allergens": "",
    "usage": "",
    "nutrition": [
      {
        "Näringsvärde": "Energi (kcal)",
        "100 Gram": "190 kcal"
      },
      {
        "Näringsvärde": "Energi (kJ)",
        "100 Gram": "800 kJ"
      },
      {
        "Näringsvärde": "Fett",
        "100 Gram": "13 g"
      },
      {
        "Näringsvärde": "Varav mättat fett",
        "100 Gram": "3.4 g"
      },
      {
        "Näringsvärde": "Kolhydrat",
        "100 Gram": "0.5 g"
      },
      {
        "Näringsvärde": "Varav sockerarter",
        "100 Gram": "0.5 g"
      },
      {
        "Näringsvärde": "Protein",
        "100 Gram": "18 g"
      },
      {
        "Näringsvärde": "Salt",
        "100 Gram": "0.2 g"
      }
    ],
    "nutritionUnitText": "Näringsvärde per 100 gram",
    "categories": {
      "mainCategory": "Kött, Chark & Fågel",
      "subCategories": [
        {
          "name": "Kyckling & Fågel",
          "subSubCategories": [
            "Kycklingdelar",
            "Kycklingdelar, färsk"
          ]
        }
      ]
    }
  },
  {
    "name": "Prinskorv Extra fin 75% Kötthalt 480g ICA",
    "weightText": "0.48 kg",
    "caPart": "",
    "weightValue": 0.48,
    "weightUnit": "kg",
    "comparePrice": "108,23 kr/kg",
    "currentPrice": 51.95,
    "attributes": [
      "Glutenfritt",
      "Kött från Sverige",
      "Ursprungsland Sverige",
      "Laktosfritt"
    ],
    "imgUrl": "https://images.ctfassets.net/l3dfc9zfaimi/qZc37LgTPPuZhIUMEbPJx/d4918e773827f51582d837109cfcb604/jul-25-produktdetaljbanner-insamlingen-desktop.jpg",
    "productInformation": "ICA Extra fin Prinskorv görs på svenskt kött och har en hög kötthalt på 75%. Vi har gett den en fyllig smak som passar både på julbordet men också till äggröran på frukosten.",
    "countryText": "Sverige",
    "companyText": "ICA",
    "ingrediensText": "Gris*- och nötkött* 75%, vatten, potatisstärkelse, salt, fett från gris*, druvsocker, kryddor (paprika, ingefära, muskotnöt, libbsticka), kryddextrakt (svartpeppar), antioxidationsmedel (E300), konserveringsmedel (E250).*Fött, uppfött och slaktat i Sverige.",
    "storage": "Lägsta förvaringstemperatur 0°C Högsta förvaringstemperatur 8°C",
    "allergens": "",
    "usage": "",
    "nutrition": [
      {
        "Näringsvärde": "Energi (kcal)",
        "100 Gram": "270 kcal"
      },
      {
        "Näringsvärde": "Energi (kJ)",
        "100 Gram": "1100 kJ"
      },
      {
        "Näringsvärde": "Fett",
        "100 Gram": "23 g"
      },
      {
        "Näringsvärde": "Varav mättat fett",
        "100 Gram": "11 g"
      },
      {
        "Näringsvärde": "Kolhydrat",
        "100 Gram": "3.5 g"
      },
      {
        "Näringsvärde": "Varav sockerarter",
        "100 Gram": "0.6 g"
      },
      {
        "Näringsvärde": "Protein",
        "100 Gram": "11 g"
      },
      {
        "Näringsvärde": "Salt",
        "100 Gram": "1.9 g"
      }
    ],
    "nutritionUnitText": "Näringsvärde per 100 gram",
    "categories": {
      "mainCategory": "Jul",
      "subCategories": [
        {
          "name": "Julmat",
          "subSubCategories": [
            "Korv, Köttbullar & Rödbetssallad",
            "Prinskorv & Julkorv"
          ]
        }
      ]
    }
  },
  {
    "name": "Panerad Schnitzel 300g ICA",
    "weightText": "0.3 kg",
    "caPart": "",
    "weightValue": 0.3,
    "weightUnit": "kg",
    "comparePrice": "183,17 kr/kg",
    "currentPrice": 54.95,
    "attributes": [],
    "imgUrl": "https://handlaprivatkund.ica.se/images-v3/bf7a00ca-390e-4769-865f-dc369586872e/838ce3bf-c5e7-437a-8a5a-feb12579c129/500x500.jpg",
    "productInformation": "",
    "countryText": "",
    "companyText": "ICA",
    "ingrediensText": "INGREDIENSER: Benfri kotlett av gris* 70%, panering (vatten, rismjöl, kikärtsmjöl, majsstärkelse, salt, modifierad majsstärkelse, druvsocker, vitpeppar, förtjockningsmedel (E415)). Kan innehålla spår av mjölk. *Fött, uppfött, slaktat och styckat i Sverige.",
    "storage": "Kylvara. Förvaras vid högst 4°C. Lägsta förvaringstemperatur 0°C Högsta förvaringstemperatur 4°C",
    "allergens": "",
    "usage": "",
    "nutrition": [
      {
        "Näringsvärde": "Energi (kcal)",
        "100 Gram": "159 kcal"
      },
      {
        "Näringsvärde": "Energi (kJ)",
        "100 Gram": "669 kJ"
      },
      {
        "Näringsvärde": "Fett",
        "100 Gram": "4.8 g"
      },
      {
        "Näringsvärde": "Varav mättat fett",
        "100 Gram": "2 g"
      },
      {
        "Näringsvärde": "Kolhydrat",
        "100 Gram": "13 g"
      },
      {
        "Näringsvärde": "Varav sockerarter",
        "100 Gram": "0.5 g"
      },
      {
        "Näringsvärde": "Protein",
        "100 Gram": "16 g"
      },
      {
        "Näringsvärde": "Salt",
        "100 Gram": "1.1 g"
      }
    ],
    "nutritionUnitText": "",
    "categories": {
      "mainCategory": "Kött, Chark & Fågel",
      "subCategories": [
        {
          "name": "Kött",
          "subSubCategories": [
            "Fläsk",
            "Fläskschnitzel"
          ]
        }
      ]
    }
  },
  {
    "name": "Gallerrökt Pepparskinka 120g ICA",
    "weightText": "0.12 kg",
    "caPart": "",
    "weightValue": 0.12,
    "weightUnit": "kg",
    "comparePrice": "191,25 kr/kg",
    "currentPrice": 22.95,
    "attributes": [
      "Nyckelhålet",
      "Kött från Sverige",
      "Ursprungsland Sverige"
    ],
    "imgUrl": "https://handlaprivatkund.ica.se/images-v3/bf7a00ca-390e-4769-865f-dc369586872e/7e03f38e-13ff-4f63-a904-3a89d2e646fb/500x500.jpg",
    "productInformation": "ICA Gallerrökt skinka är en lätt rökig och pepprig skinka som gör sig perfekt till smörgåsen. Gjord på kött från Sverige. \n \n Alspåns- och enrisrökt.",
    "countryText": "Sverige",
    "companyText": "ICA",
    "ingrediensText": "Ingredienser: Skinka av gris* (hel-muskel) 95%, salt, stabiliseringsmedel (E451), potatismjöl, druvsocker, potatis-fiber, socker**, antioxidationsmedel(E301), svartpeppar, konserveringsmedel(E250). *Fött, uppfött och slaktat i Sverige.**Ursprung Sverige.",
    "storage": "Lägsta förvaringstemperatur 0°C Högsta förvaringstemperatur 8°C",
    "allergens": "",
    "usage": "",
    "nutrition": [
      {
        "Näringsvärde": "Energi (kcal)",
        "100 Gram": "97 kcal"
      },
      {
        "Näringsvärde": "Energi (kJ)",
        "100 Gram": "411 kJ"
      },
      {
        "Näringsvärde": "Fett",
        "100 Gram": "2.1 g"
      },
      {
        "Näringsvärde": "Varav mättat fett",
        "100 Gram": "0.7 g"
      },
      {
        "Näringsvärde": "Kolhydrat",
        "100 Gram": "3 g"
      },
      {
        "Näringsvärde": "Varav sockerarter",
        "100 Gram": "0.5 g"
      },
      {
        "Näringsvärde": "Protein",
        "100 Gram": "17 g"
      },
      {
        "Näringsvärde": "Salt",
        "100 Gram": "2.5 g"
      }
    ],
    "nutritionUnitText": "Näringsvärde per 100 gram",
    "categories": {
      "mainCategory": "Kött, Chark & Fågel",
      "subCategories": [
        {
          "name": "Pålägg",
          "subSubCategories": [
            "Skinka"
          ]
        }
      ]
    }
  },
  {
    "name": "Köttbullar Mammas 350g Scan",
    "weightText": "0.35 kg",
    "caPart": "",
    "weightValue": 0.35,
    "weightUnit": "kg",
    "comparePrice": "85,57 kr/kg",
    "currentPrice": 29.95,
    "attributes": [
      "Kött från Sverige"
    ],
    "imgUrl": "https://handlaprivatkund.ica.se/images-v3/bf7a00ca-390e-4769-865f-dc369586872e/e93e10b3-5c37-49fd-bacb-abe5fec130e1/500x500.jpg",
    "productInformation": "Mamma Scans köttbullar är en smakrik klassiker och mångas favorit. De har samma goda smak och har rullats med omsorg i Skara sedan 1970. De är enkla att värma, passar till det mesta och går hem hos de flesta. I våra produkter ingår endast kött från svenska gårdar.Finns i 350 och 1000 gram.",
    "countryText": "",
    "companyText": "Scan",
    "ingrediensText": "Ingredienser: Svenskt gris- och nötkött (73%)*, vatten, potatismjöl, fett från nötkött*, lök, salt jodberikat, mineralsalt med mindre natrium, potatisfiber, druvsocker, socker, kryddor, kryddextrakt. Stekta i animaliskt fett. *Ursprung Sverige.",
    "storage": "",
    "allergens": "",
    "usage": "",
    "nutrition": [
      {
        "Näringsvärde": "Energi (kcal)",
        "100 Gram": "220 kcal"
      },
      {
        "Näringsvärde": "Energi (kJ)",
        "100 Gram": "900 kJ"
      },
      {
        "Näringsvärde": "Fett",
        "100 Gram": "15 g"
      },
      {
        "Näringsvärde": "Varav mättat fett",
        "100 Gram": "6 g"
      },
      {
        "Näringsvärde": "Kolhydrat",
        "100 Gram": "8 g"
      },
      {
        "Näringsvärde": "Varav sockerarter",
        "100 Gram": "1.5 g"
      },
      {
        "Näringsvärde": "Protein",
        "100 Gram": "13 g"
      },
      {
        "Näringsvärde": "Salt",
        "100 Gram": "1.4 g"
      }
    ],
    "nutritionUnitText": "Näringsvärde per 100 gram",
    "categories": {
      "mainCategory": "Kött, Chark & Fågel",
      "subCategories": [
        {
          "name": "Matchark",
          "subSubCategories": [
            "Köttbullar & färsprodukter",
            "Köttbullar & färsprodukter, färska"
          ]
        }
      ]
    }
  },
  {
    "name": "Grillade innerfiléer BBQ Fryst 540g Guldfågeln",
    "weightText": "0.54 kg",
    "caPart": "",
    "weightValue": 0.54,
    "weightUnit": "kg",
    "comparePrice": "190,74 kr/kg",
    "currentPrice": 103,
    "attributes": [
      "Nyckelhålet",
      "Ursprungsland Sverige",
      "Svensk Fågel"
    ],
    "imgUrl": "https://handlaprivatkund.ica.se/images-v3/bf7a00ca-390e-4769-865f-dc369586872e/1c8b87ea-f42c-42b4-ab05-5e05c7aa0e7c/500x500.jpg",
    "productInformation": "",
    "countryText": "Sverige",
    "companyText": "Guldfågeln",
    "ingrediensText": "Kycklingbröstinnerfilé, druvsocker, kryddor och kryddextrakter (cayenne, chili, basilika, gurkmeja, oregano, paprika, persilja, peppar, libbsticka, rosmarin, spiskummin, vitlök), salt, rapsolja, lök, tomat, kycklingbuljong, glukossirap, stabiliseringsmedel (E451, E450), naturlig arom, antioxidationsmedel E301.Till 100 g produkt har använts 100 g kycklingbröstinnerfilé.",
    "storage": "",
    "allergens": "",
    "usage": "",
    "nutrition": [
      {
        "Näringsvärde": "Energi (kcal)",
        "100 Gram": "140 kcal"
      },
      {
        "Näringsvärde": "Energi (kJ)",
        "100 Gram": "600 kJ"
      },
      {
        "Näringsvärde": "Fett",
        "100 Gram": "4 g"
      },
      {
        "Näringsvärde": "Varav mättat fett",
        "100 Gram": "1.3 g"
      },
      {
        "Näringsvärde": "Kolhydrat",
        "100 Gram": "4 g"
      },
      {
        "Näringsvärde": "Varav sockerarter",
        "100 Gram": "2 g"
      },
      {
        "Näringsvärde": "Protein",
        "100 Gram": "21 g"
      },
      {
        "Näringsvärde": "Salt",
        "100 Gram": "1 g"
      }
    ],
    "nutritionUnitText": "Näringsvärde per 100 gram",
    "categories": {
      "mainCategory": "Fryst",
      "subCategories": [
        {
          "name": "Fryst fågel",
          "subSubCategories": [
            "Fryst kyckling färdigmat"
          ]
        }
      ]
    }
  },
  {
    "name": "Kassler vinmarinerad ca 600g ICA",
    "weightText": "Ca 0.6 kg",
    "caPart": "Ca",
    "weightValue": 0.6,
    "weightUnit": "kg",
    "comparePrice": "105,00 kr/kg",
    "currentPrice": 63,
    "attributes": [
      "Kött från Sverige"
    ],
    "imgUrl": "https://handlaprivatkund.ica.se/images-v3/bf7a00ca-390e-4769-865f-dc369586872e/96609266-ec62-478a-8f57-d60f5d721876/500x500.jpg",
    "productInformation": "Kassler i bit, vinmarinerad. Rökt med fin sälta.",
    "countryText": "",
    "companyText": "ICA",
    "ingrediensText": "INGREDIENSER Kotlett av gris* 91%, vatten, salt, druvsocker, vitvinsextrakt, antioxidationsmedel (E331, E301), vinägermix (vitvinsvinägerextrakt, kryddextrakt), konserveringsmedel (E250), rökarom. *Fött, uppfött och slaktat i Sverige.",
    "storage": "",
    "allergens": "",
    "usage": "",
    "nutrition": [
      {
        "Näringsvärde": "Energi (kcal)",
        "100 Gram": "134 kcal"
      },
      {
        "Näringsvärde": "Energi (kJ)",
        "100 Gram": "563 kJ"
      },
      {
        "Näringsvärde": "Fett",
        "100 Gram": "5.8 g"
      },
      {
        "Näringsvärde": "Varav mättat fett",
        "100 Gram": "2.5 g"
      },
      {
        "Näringsvärde": "Kolhydrat",
        "100 Gram": "1.5 g"
      },
      {
        "Näringsvärde": "Varav sockerarter",
        "100 Gram": "1 g"
      },
      {
        "Näringsvärde": "Protein",
        "100 Gram": "19 g"
      },
      {
        "Näringsvärde": "Salt",
        "100 Gram": "2 g"
      }
    ],
    "nutritionUnitText": "Näringsvärde per 100 gram",
    "categories": {
      "mainCategory": "Kött, Chark & Fågel",
      "subCategories": [
        {
          "name": "Kött",
          "subSubCategories": [
            "Fläsk",
            "Kassler"
          ]
        }
      ]
    }
  },
  {
    "name": "Skinka rökt 300g Charkuterifabriken",
    "weightText": "0.3 kg",
    "caPart": "",
    "weightValue": 0.3,
    "weightUnit": "kg",
    "comparePrice": "138,33 kr/kg",
    "currentPrice": 41.5,
    "attributes": [
      "Kött från Sverige"
    ],
    "imgUrl": "https://handlaprivatkund.ica.se/images-v3/bf7a00ca-390e-4769-865f-dc369586872e/9736a941-e4d6-43f8-b09f-8138b031262e/500x500.jpg",
    "productInformation": "",
    "countryText": "",
    "companyText": "Charkuterifabriken",
    "ingrediensText": "Ingredienser: Skinka av gris* 95% (helmuskel), salt, stabilseringsmedel (E450, E451), potatisstärkelse, druvsocker, potatisfiber, socker, antioxidationsmedel E301, konserveringsmedel E250. *Ursprung Sverige.",
    "storage": "Lägsta förvaringstemperatur 0°C Högsta förvaringstemperatur 8°C",
    "allergens": "",
    "usage": "",
    "nutrition": [
      {
        "Näringsvärde": "Energi (kcal)",
        "100 Gram": "80 kcal"
      },
      {
        "Näringsvärde": "Energi (kJ)",
        "100 Gram": "360 kJ"
      },
      {
        "Näringsvärde": "Fett",
        "100 Gram": "1.1 g"
      },
      {
        "Näringsvärde": "Varav mättat fett",
        "100 Gram": "0.5 g"
      },
      {
        "Näringsvärde": "Kolhydrat",
        "100 Gram": "2 g"
      },
      {
        "Näringsvärde": "Varav sockerarter",
        "100 Gram": "0.5 g"
      },
      {
        "Näringsvärde": "Protein",
        "100 Gram": "18 g"
      },
      {
        "Näringsvärde": "Salt",
        "100 Gram": "2.1 g"
      }
    ],
    "nutritionUnitText": "",
    "categories": {
      "mainCategory": "Kött, Chark & Fågel",
      "subCategories": [
        {
          "name": "Pålägg",
          "subSubCategories": [
            "Skinka"
          ]
        }
      ]
    }
  },
  {
    "name": "Kebab klassisk 275g Schysst Käk",
    "weightText": "0.275 kg",
    "caPart": "",
    "weightValue": 0.275,
    "weightUnit": "kg",
    "comparePrice": "188,91 kr/kg",
    "currentPrice": 51.95,
    "attributes": [
      "Kött från Sverige",
      "Ursprungsland Sverige"
    ],
    "imgUrl": "https://handlaprivatkund.ica.se/images-v3/bf7a00ca-390e-4769-865f-dc369586872e/9dc8d546-9036-4f31-b81f-b6ca0e618963/500x500.jpg",
    "productInformation": "Grillad, saftig och tunt skuren kebab, gjord på svenskt nötkött. Servera i ett kebabrullebröd, med pommes eller pitabröd - gör din grej!",
    "countryText": "Sverige",
    "companyText": "Schysst käk",
    "ingrediensText": "Nötkött (83 %), vatten, potatisfiber, koksalt, lök, stabiliseringsmedel (difosfater, trifosfater), kryddor, druvsocker, animaliskt protein av nöt, naturliga aromer, vitlök, socker, örtkrydda.",
    "storage": "Förvaras kylt. +2°C - +8°C",
    "allergens": "",
    "usage": "Öppnad förpackning bör konsumeras omgående.",
    "nutrition": [
      {
        "Näringsvärde": "Energi (kcal)",
        "100 Gram": "291 kcal"
      },
      {
        "Näringsvärde": "Energi (kJ)",
        "100 Gram": "1217 kJ"
      },
      {
        "Näringsvärde": "Fett",
        "100 Gram": "24 g"
      },
      {
        "Näringsvärde": "Varav mättat fett",
        "100 Gram": "12 g"
      },
      {
        "Näringsvärde": "Kolhydrat",
        "100 Gram": "2 g"
      },
      {
        "Näringsvärde": "Varav sockerarter",
        "100 Gram": "0.9 g"
      },
      {
        "Näringsvärde": "Protein",
        "100 Gram": "14 g"
      },
      {
        "Näringsvärde": "Salt",
        "100 Gram": "2.1 g"
      }
    ],
    "nutritionUnitText": "Näringsvärde per 100 gram",
    "categories": {
      "mainCategory": "Kött, Chark & Fågel",
      "subCategories": [
        {
          "name": "Kött",
          "subSubCategories": [
            "Nötkött",
            "Pepparbiff & Färdigkryddat nötkött"
          ]
        }
      ]
    }
  },
  {
    "name": "Rostbiff Färsk i bit ca 1kg ICA",
    "weightText": "Ca 0.99 kg",
    "caPart": "Ca",
    "weightValue": 0.99,
    "weightUnit": "kg",
    "comparePrice": "195,00 kr/kg",
    "currentPrice": 193.05,
    "attributes": [
      "Nyckelhålet",
      "Kött från Sverige",
      "Ursprungsland Sverige"
    ],
    "imgUrl": "https://handlaprivatkund.ica.se/images-v3/bf7a00ca-390e-4769-865f-dc369586872e/3dea8e23-0344-49fc-8718-9581a102b503/500x500.jpg",
    "productInformation": "ICA Rostbiff är en stek av svenskt nötkött som du kan göra en massa olika rätter på. Du kan antingen steka det precis som en ryggbiff eller använda det i grytor. Testa gärna att helsteka det, så blir det extra saftigt. Gnid in köttet med salt, peppar, örter och lite (eller mycket) vitlök. Bryn, sätt i en termometer och tillaga i ugn på 150 grader. Köttet har nått mediumstekning när innertemperaturen står på 60 grader. Låt det vila innan du skär upp men tänk på att om du täcker det med folie för att behålla värmen under tiden fortsätter köttet att tillagas, så ta ut det strax innan det når 60 grader.",
    "countryText": "Sverige",
    "companyText": "ICA",
    "ingrediensText": "INGREDIENSER: Svenskt nötkött",
    "storage": "",
    "allergens": "",
    "usage": "",
    "nutrition": [
      {
        "Näringsvärde": "Energi (kcal)",
        "100 Gram": "125 kcal"
      },
      {
        "Näringsvärde": "Energi (kJ)",
        "100 Gram": "521 kJ"
      },
      {
        "Näringsvärde": "Fett",
        "100 Gram": "3.2 g"
      },
      {
        "Näringsvärde": "Varav fleromättat fett",
        "100 Gram": "0.2 g"
      },
      {
        "Näringsvärde": "Varav mättat fett",
        "100 Gram": "1.4 g"
      },
      {
        "Näringsvärde": "Varav enkelomättat fett",
        "100 Gram": "1.5 g"
      },
      {
        "Näringsvärde": "Kolhydrat",
        "100 Gram": "0.5 g"
      },
      {
        "Näringsvärde": "Varav sockerarter",
        "100 Gram": "0.5 g"
      },
      {
        "Näringsvärde": "Fiber",
        "100 Gram": "0 g"
      },
      {
        "Näringsvärde": "Protein",
        "100 Gram": "23 g"
      },
      {
        "Näringsvärde": "Salt",
        "100 Gram": "0.2 g"
      },
      {
        "Näringsvärde": "Vitamin D",
        "100 Gram": "0.5 µg"
      },
      {
        "Näringsvärde": "Kalcium",
        "100 Gram": "6 mg"
      },
      {
        "Näringsvärde": "Järn",
        "100 Gram": "2.6 mg"
      },
      {
        "Näringsvärde": "Natrium",
        "100 Gram": "0.064 g"
      },
      {
        "Näringsvärde": "Zink",
        "100 Gram": "4.2 mg"
      }
    ],
    "nutritionUnitText": "Näringsvärde per 100 gram",
    "categories": {
      "mainCategory": "Kött, Chark & Fågel",
      "subCategories": [
        {
          "name": "Kött",
          "subSubCategories": [
            "Nötkött",
            "Rostbiff"
          ]
        }
      ]
    }
  },
  {
    "name": "Prosciutto Crudo 120g Zeta",
    "weightText": "0.12 kg",
    "caPart": "",
    "weightValue": 0.12,
    "weightUnit": "kg",
    "comparePrice": "566,25 kr/kg",
    "currentPrice": 67.95,
    "attributes": [],
    "imgUrl": "https://handlaprivatkund.ica.se/images-v3/bf7a00ca-390e-4769-865f-dc369586872e/ceeecdf7-372e-48aa-9425-26776e412833/500x500.jpg",
    "productInformation": "Zeta Prosciutto Crudo är en italiensk lufttorkad skinka som lagrats i minst 10 månader. Utmärkt på pizzan eller till ett gott bröd.",
    "countryText": "",
    "companyText": "Zeta",
    "ingrediensText": "Ingredienser: Skinka*, salt. Till 100g färdig produkt har 137g kött använts. *Uppfött och slaktat i EU.",
    "storage": "",
    "allergens": "",
    "usage": "",
    "nutrition": [
      {
        "Näringsvärde": "Energi (kcal)",
        "100 Gram": "225 kcal"
      },
      {
        "Näringsvärde": "Energi (kJ)",
        "100 Gram": "940 kJ"
      },
      {
        "Näringsvärde": "Fett",
        "100 Gram": "13 g"
      },
      {
        "Näringsvärde": "Varav mättat fett",
        "100 Gram": "4 g"
      },
      {
        "Näringsvärde": "Kolhydrat",
        "100 Gram": "0.5 g"
      },
      {
        "Näringsvärde": "Varav sockerarter",
        "100 Gram": "0.5 g"
      },
      {
        "Näringsvärde": "Protein",
        "100 Gram": "27 g"
      },
      {
        "Näringsvärde": "Salt",
        "100 Gram": "5 g"
      }
    ],
    "nutritionUnitText": "Näringsvärde per 100 gram",
    "categories": {
      "mainCategory": "Kött, Chark & Fågel",
      "subCategories": [
        {
          "name": "Delikatesschark",
          "subSubCategories": [
            "Lufttorkad skinka"
          ]
        }
      ]
    }
  },
  {
    "name": "Kryddkorv Kolbasz Paprika & Vitlök 75% Kötthalt 300g Scan",
    "weightText": "0.3 kg",
    "caPart": "",
    "weightValue": 0.3,
    "weightUnit": "kg",
    "comparePrice": "116,50 kr/kg",
    "currentPrice": 34.95,
    "attributes": [
      "Glutenfritt",
      "Kött från Sverige",
      "Ursprungsland Sverige",
      "Laktosfritt"
    ],
    "imgUrl": "https://handlaprivatkund.ica.se/images-v3/bf7a00ca-390e-4769-865f-dc369586872e/abc6be41-62f0-4c40-bbd6-b17fbf2132f9/500x500.jpg",
    "productInformation": "Kolbaz är en kryddstark varmrökt korv som är smaksatt med cayennepeppar, vitlök och mild paprika. Den har ganska mycket hetta i smaken. Perfekt på grillen på sommaren eller i stekpannan till hösten. Våra korvar innehåller bara svenskt kött från våra gårdar. Denna korv är fri från gluten, laktos, ägg-, soja-, mjölk- och ärtprotein",
    "countryText": "Sverige",
    "companyText": "Scan",
    "ingrediensText": "INGREDIENSER: Svenskt gris- och nötkött (75%)*, vatten, potatismjöl, salt, fett från nötkött*, druvsocker, kryddor, paprika, cayennepeppar, lök, vitlök, arom, stabiliseringsmedel E450, antioxidationsmedel E300, konserveringsmedel E250, grisfjälster, rökarom. *Ursprung: Sverige.",
    "storage": "",
    "allergens": "",
    "usage": "",
    "nutrition": [
      {
        "Näringsvärde": "Energi (kcal)",
        "100 Gram": "270 kcal"
      },
      {
        "Näringsvärde": "Energi (kJ)",
        "100 Gram": "1100 kJ"
      },
      {
        "Näringsvärde": "Fett",
        "100 Gram": "22 g"
      },
      {
        "Näringsvärde": "Varav mättat fett",
        "100 Gram": "9 g"
      },
      {
        "Näringsvärde": "Kolhydrat",
        "100 Gram": "5 g"
      },
      {
        "Näringsvärde": "Varav sockerarter",
        "100 Gram": "0.6 g"
      },
      {
        "Näringsvärde": "Protein",
        "100 Gram": "12 g"
      },
      {
        "Näringsvärde": "Salt",
        "100 Gram": "1.8 g"
      }
    ],
    "nutritionUnitText": "Näringsvärde per 100 gram",
    "categories": {
      "mainCategory": "Kött, Chark & Fågel",
      "subCategories": [
        {
          "name": "Korv",
          "subSubCategories": [
            "Kryddkorv"
          ]
        }
      ]
    }
  },
  {
    "name": "Leverapastej med gurka Bredbar 200g ICA",
    "weightText": "0.2 kg",
    "caPart": "",
    "weightValue": 0.2,
    "weightUnit": "kg",
    "comparePrice": "64,75 kr/kg",
    "currentPrice": 12.95,
    "attributes": [
      "Kött från Sverige"
    ],
    "imgUrl": "https://handlaprivatkund.ica.se/images-v3/bf7a00ca-390e-4769-865f-dc369586872e/98ff34d4-85e2-4416-a15b-d43c7c4c0d25/500x500.jpg",
    "productInformation": "ICA Leverpastej med gurka passar perfekt på frukostmackan eller varför inte i smörgåstårtan. Leverpastej är en källa till järn.",
    "countryText": "",
    "companyText": "ICA",
    "ingrediensText": "Grislever* (29%), vatten, fett från gris*, gurkmix (6,5%) (gurka, socker, ättika, lök, modifierad stärkelse, salt, konserveringsmedel (E202), stabiliseringsmedel (E509), kryddextrakt (cayennepeppar), kryddor, färgämnen (E141, E101)),potatismjöl, bindväv från gris*, socker, MJÖLK, koksalt, kryddor (lök, ingefära), kryddextrakt (kardemumma, muskotnöt, nejlika, peppar, timjan), lök, antioxidationsmedel (E300), konserveringsmedel (E250).*Fött, uppfött och slaktat i Sverige.",
    "storage": "Kylvara högst +8°C",
    "allergens": "",
    "usage": "",
    "nutrition": [
      {
        "Näringsvärde": "Energi (kcal)",
        "100 Gram": "270 kcal"
      },
      {
        "Näringsvärde": "Energi (kJ)",
        "100 Gram": "1120 kJ"
      },
      {
        "Näringsvärde": "Fett",
        "100 Gram": "22 g"
      },
      {
        "Näringsvärde": "Varav mättat fett",
        "100 Gram": "11 g"
      },
      {
        "Näringsvärde": "Kolhydrat",
        "100 Gram": "9 g"
      },
      {
        "Näringsvärde": "Varav sockerarter",
        "100 Gram": "3 g"
      },
      {
        "Näringsvärde": "Protein",
        "100 Gram": "9 g"
      },
      {
        "Näringsvärde": "Salt",
        "100 Gram": "1.6 g"
      },
      {
        "Näringsvärde": "Järn",
        "100 Gram": "5 mg"
      }
    ],
    "nutritionUnitText": "Näringsvärde per 100 gram",
    "categories": {
      "mainCategory": "Kött, Chark & Fågel",
      "subCategories": [
        {
          "name": "Pålägg",
          "subSubCategories": [
            "Pastej & paté",
            "Pastej"
          ]
        }
      ]
    }
  },
  {
    "name": "Pannbiff 300g ICA",
    "weightText": "0.3 kg",
    "caPart": "",
    "weightValue": 0.3,
    "weightUnit": "kg",
    "comparePrice": "109,83 kr/kg",
    "currentPrice": 32.95,
    "attributes": [
      "Kött från Sverige",
      "Ursprungsland Sverige"
    ],
    "imgUrl": "https://handlaprivatkund.ica.se/images-v3/bf7a00ca-390e-4769-865f-dc369586872e/77f43a89-571f-4fe5-b12b-370d3e9d518d/500x500.jpg",
    "productInformation": "ICA Pannbiffar är saftiga och matiga med mild smak. Servera med potatismos, lingon och gräddsås. Mums!",
    "countryText": "Sverige",
    "companyText": "ICA",
    "ingrediensText": "Ingredienser Gris*- och nötkött* 72%, vatten, potatismjöl, animaliskt nötprotein, potatisflingor, salt, lök, druvsocker, potatisfiber, kryddor (svartpeppar, vitpeppar, muskotnöt), grönsaksbuljong (glukossirap, tomatextrakt, vitlök). Stekta i rapsolja. *Fött, uppfött och slaktat i Sverige",
    "storage": "",
    "allergens": "",
    "usage": "",
    "nutrition": [
      {
        "Näringsvärde": "Energi (kcal)",
        "100 Gram": "230 kcal"
      },
      {
        "Näringsvärde": "Energi (kJ)",
        "100 Gram": "950 kJ"
      },
      {
        "Näringsvärde": "Fett",
        "100 Gram": "16 g"
      },
      {
        "Näringsvärde": "Varav mättat fett",
        "100 Gram": "6 g"
      },
      {
        "Näringsvärde": "Kolhydrat",
        "100 Gram": "7.1 g"
      },
      {
        "Näringsvärde": "Varav sockerarter",
        "100 Gram": "0.9 g"
      },
      {
        "Näringsvärde": "Fiber",
        "100 Gram": "1 g"
      },
      {
        "Näringsvärde": "Protein",
        "100 Gram": "15 g"
      },
      {
        "Näringsvärde": "Salt",
        "100 Gram": "1.6 g"
      }
    ],
    "nutritionUnitText": "Näringsvärde per 100 gram",
    "categories": {
      "mainCategory": "Kött, Chark & Fågel",
      "subCategories": [
        {
          "name": "Matchark",
          "subSubCategories": [
            "Köttbullar & färsprodukter",
            "Köttbullar & färsprodukter, färska"
          ]
        }
      ]
    }
  },
  {
    "name": "Sylta Småländsk 200g Lithells",
    "weightText": "0.2 kg",
    "caPart": "",
    "weightValue": 0.2,
    "weightUnit": "kg",
    "comparePrice": "92,50 kr/kg",
    "currentPrice": 18.5,
    "attributes": [
      "Nyckelhålet"
    ],
    "imgUrl": "https://handlaprivatkund.ica.se/images-v3/bf7a00ca-390e-4769-865f-dc369586872e/b9b50e61-bc4c-460f-8f0e-e5a4ee3e3418/500x500.jpg",
    "productInformation": "Lithells Småländsk Sylta passar på smörgåsen med en klick rödbetssallad eller senap. Syltan är färdig att ätas när man tar den ur förpackningen.",
    "countryText": "",
    "companyText": "Lithells",
    "ingrediensText": "Griskött (45%), vatten, bindväv från gris, kalvkött (5%), salt, kryddor (kryddpeppar, vitpeppar), jästextrakt, konserveringsmedel (E250). Köttråvara: EU",
    "storage": "Kylvara: Förvaras vid högst +8°C.",
    "allergens": "",
    "usage": "Öppnad förpackning förvaras i kylskåp 3-5 dagar.",
    "nutrition": [
      {
        "Näringsvärde": "Energi (kcal)",
        "100 Gram": "120 kcal"
      },
      {
        "Näringsvärde": "Energi (kJ)",
        "100 Gram": "480 kJ"
      },
      {
        "Näringsvärde": "Fett",
        "100 Gram": "8 g"
      },
      {
        "Näringsvärde": "Varav mättat fett",
        "100 Gram": "4 g"
      },
      {
        "Näringsvärde": "Kolhydrat",
        "100 Gram": "0.5 g"
      },
      {
        "Näringsvärde": "Varav sockerarter",
        "100 Gram": "0.5 g"
      },
      {
        "Näringsvärde": "Protein",
        "100 Gram": "11 g"
      },
      {
        "Näringsvärde": "Salt",
        "100 Gram": "1.7 g"
      }
    ],
    "nutritionUnitText": "Näringsvärde per 100 gram",
    "categories": {
      "mainCategory": "Jul",
      "subCategories": [
        {
          "name": "Julmat",
          "subSubCategories": [
            "Övrig julmat"
          ]
        }
      ]
    }
  },
  {
    "name": "Kyckling Caesar Stekt och Skivad 200g Kronfågel",
    "weightText": "0.2 kg",
    "caPart": "",
    "weightValue": 0.2,
    "weightUnit": "kg",
    "comparePrice": "224,75 kr/kg",
    "currentPrice": 44.95,
    "attributes": [
      "Nyckelhålet"
    ],
    "imgUrl": "https://handlaprivatkund.ica.se/images-v3/bf7a00ca-390e-4769-865f-dc369586872e/072dac6c-4992-4003-b566-b2ef3f61c30d/500x500.jpg",
    "productInformation": "Stekt och skivad kyckling Caesar från Kronfågel är en av våra goda vardagsfavoriter. En stekt och skivad kycklingfilé färdig att äta, perfekt kryddad för en snabb och härligt god Caesarsallad till lunch, middag eller picknick. Kycklingfilé Caesar kan serveras kall eller varm, enkel att servera familjen eller större sällskap. Alltid svensk kyckling för en godare måltid",
    "countryText": "",
    "companyText": "Kronfågel",
    "ingrediensText": "Kycklingbröstfilé, salt, svartpeppar, chili, ingefära, kanel, kardemumma, kryddnejlika, spiskummin, vitlök, stabiliseringsmedel (E450, E451), druvsocker, surhetsreglerande medel (E262, E330), kryddextrakt (paprika, svartpeppar, rosmarin), antioxidationsmedel (E301), arom. Till 100g färdig kyckling har använts 112g kyckling.",
    "storage": "",
    "allergens": "",
    "usage": "",
    "nutrition": [
      {
        "Näringsvärde": "Energi (kcal)",
        "100 Gram": "110 kcal"
      },
      {
        "Näringsvärde": "Energi (kJ)",
        "100 Gram": "450 kJ"
      },
      {
        "Näringsvärde": "Fett",
        "100 Gram": "1.7 g"
      },
      {
        "Näringsvärde": "Varav mättat fett",
        "100 Gram": "0.5 g"
      },
      {
        "Näringsvärde": "Kolhydrat",
        "100 Gram": "0.5 g"
      },
      {
        "Näringsvärde": "Varav sockerarter",
        "100 Gram": "0.5 g"
      },
      {
        "Näringsvärde": "Protein",
        "100 Gram": "22 g"
      },
      {
        "Näringsvärde": "Salt",
        "100 Gram": "1.5 g"
      }
    ],
    "nutritionUnitText": "Näringsvärde per 100 gram",
    "categories": {
      "mainCategory": "Kött, Chark & Fågel",
      "subCategories": [
        {
          "name": "Kyckling & Fågel",
          "subSubCategories": [
            "Förberedd fågel",
            "Förberedd fågel, färsk"
          ]
        }
      ]
    }
  },
  {
    "name": "Pepparsalami 120g Kotivara",
    "weightText": "0.12 kg",
    "caPart": "",
    "weightValue": 0.12,
    "weightUnit": "kg",
    "comparePrice": "241,25 kr/kg",
    "currentPrice": 28.95,
    "attributes": [
      "Glutenfritt",
      "Laktosfritt"
    ],
    "imgUrl": "https://handlaprivatkund.ica.se/images-v3/bf7a00ca-390e-4769-865f-dc369586872e/606ed2ee-cb01-4b41-a955-f798c429238c/500x500.jpg",
    "productInformation": "Pepparsalami passar som pålägg på smörgåsen, som tapas, på buffébordet eller som krydda i matlagningen.",
    "countryText": "",
    "companyText": "Kotivara",
    "ingrediensText": "griskött (EU), hästkött (EU och utanför EU), späck (EU), salt, kryddor (svart- och vitpeppar, koriander, SENAPSFRÖ), maltodextrin, gelatin, dextros, antioxidationsmedel (E301), kryddextrakt (svartpeppar) och konserveringsmedel (E250). Till 100 g av den färdiga varan har använts 128 g kött.",
    "storage": "",
    "allergens": "",
    "usage": "",
    "nutrition": [
      {
        "Näringsvärde": "Energi (kcal)",
        "100 Gram": "433 kcal"
      },
      {
        "Näringsvärde": "Energi (kJ)",
        "100 Gram": "1810 kJ"
      },
      {
        "Näringsvärde": "Fett",
        "100 Gram": "37 g"
      },
      {
        "Näringsvärde": "Varav mättat fett",
        "100 Gram": "13.4 g"
      },
      {
        "Näringsvärde": "Kolhydrat",
        "100 Gram": "3.9 g"
      },
      {
        "Näringsvärde": "Varav sockerarter",
        "100 Gram": "0.1 g"
      },
      {
        "Näringsvärde": "Fiber",
        "100 Gram": "2.1 g"
      },
      {
        "Näringsvärde": "Protein",
        "100 Gram": "21.6 g"
      },
      {
        "Näringsvärde": "Salt",
        "100 Gram": "4 g"
      }
    ],
    "nutritionUnitText": "Näringsvärde per 100 gram",
    "categories": {
      "mainCategory": "Kött, Chark & Fågel",
      "subCategories": [
        {
          "name": "Pålägg",
          "subSubCategories": [
            "Salami"
          ]
        }
      ]
    }
  },
  {
    "name": "Kyckling Örtkryddad 120g ICA",
    "weightText": "0.12 kg",
    "caPart": "",
    "weightValue": 0.12,
    "weightUnit": "kg",
    "comparePrice": "216,25 kr/kg",
    "currentPrice": 25.95,
    "attributes": [
      "Från Sverige",
      "Nyckelhålet",
      "Kött från Sverige"
    ],
    "imgUrl": "https://handlaprivatkund.ica.se/images-v3/bf7a00ca-390e-4769-865f-dc369586872e/23d3d77c-e21c-4566-9047-868e5b22cd0b/500x500.jpg",
    "productInformation": "ICA Örtkryddad kyckling är gjord på svenk fågel och passar både på smörgåsen eller i en sallad. Lägg kycklingen på smörgåsen och kombinera med lite cottage cheese och paprika för ett extra smarrigt mellanmål!",
    "countryText": "",
    "companyText": "ICA",
    "ingrediensText": "Ingredienser: Kyckling* 95%, salt, antioxidationsmedel (E301, E331), socker**, stabiliseringsmedel (E450), konserveringsmedel (E250). Ytkrydda: salt, socker**, vitlök, rosmarin, salvia, persilja, timjan, körvel, basilika, rapsolja.*Fött, uppfött och slaktat i Sverige.**Ursprung Sverige.",
    "storage": "Lägsta förvaringstemperatur 0°C Högsta förvaringstemperatur 8°C",
    "allergens": "",
    "usage": "",
    "nutrition": [
      {
        "Näringsvärde": "Energi (kcal)",
        "100 Gram": "100 kcal"
      },
      {
        "Näringsvärde": "Energi (kJ)",
        "100 Gram": "420 kJ"
      },
      {
        "Näringsvärde": "Fett",
        "100 Gram": "1.1 g"
      },
      {
        "Näringsvärde": "Varav mättat fett",
        "100 Gram": "0.5 g"
      },
      {
        "Näringsvärde": "Kolhydrat",
        "100 Gram": "2 g"
      },
      {
        "Näringsvärde": "Varav sockerarter",
        "100 Gram": "0.5 g"
      },
      {
        "Näringsvärde": "Protein",
        "100 Gram": "20 g"
      },
      {
        "Näringsvärde": "Salt",
        "100 Gram": "2.3 g"
      }
    ],
    "nutritionUnitText": "",
    "categories": {
      "mainCategory": "Kött, Chark & Fågel",
      "subCategories": [
        {
          "name": "Pålägg",
          "subSubCategories": [
            "Fågel"
          ]
        }
      ]
    }
  },
  {
    "name": "Grillkorv Tjock Extra fin 75% Kötthalt 600g ICA",
    "weightText": "0.6 kg",
    "caPart": "",
    "weightValue": 0.6,
    "weightUnit": "kg",
    "comparePrice": "98,25 kr/kg",
    "currentPrice": 58.95,
    "attributes": [
      "Glutenfritt",
      "Kött från Sverige",
      "Ursprungsland Sverige",
      "Laktosfritt"
    ],
    "imgUrl": "https://handlaprivatkund.ica.se/images-v3/bf7a00ca-390e-4769-865f-dc369586872e/aaaa41e6-5f80-426c-865e-727e5a029ad9/500x500.jpg",
    "productInformation": "ICA Extra fin tjock grillkorv är en klassik grillkorv gjord på svensk råvara med en högre kötthalt på 75 %. Ugnsrosta grillkorv, potatis, paprika och lök – en enkel matig rätt som passar perfekt i vardagsstressen.",
    "countryText": "Sverige",
    "companyText": "ICA",
    "ingrediensText": "Gris*- och nötkött* 75%, vatten, potatismjöl, salt, fett från gris*, socker, kryddor (vitpeppar, lökpulver, paprikapulver), antioxidationsmedel (E300), konserveringsmedel (E250).Stoppad i naturtarm från gris. Alspånsrökt.*Fött, uppfött och slaktat i Sverige.",
    "storage": "Kylvara: max +8°C.",
    "allergens": "",
    "usage": "Öppnad förpackning: max +8°C",
    "nutrition": [
      {
        "Näringsvärde": "Energi (kcal)",
        "100 Gram": "265 kcal"
      },
      {
        "Näringsvärde": "Energi (kJ)",
        "100 Gram": "1098 kJ"
      },
      {
        "Näringsvärde": "Fett",
        "100 Gram": "23 g"
      },
      {
        "Näringsvärde": "Varav mättat fett",
        "100 Gram": "9.1 g"
      },
      {
        "Näringsvärde": "Kolhydrat",
        "100 Gram": "3.5 g"
      },
      {
        "Näringsvärde": "Varav sockerarter",
        "100 Gram": "0.7 g"
      },
      {
        "Näringsvärde": "Protein",
        "100 Gram": "11 g"
      },
      {
        "Näringsvärde": "Salt",
        "100 Gram": "1.9 g"
      }
    ],
    "nutritionUnitText": "Näringsvärde per 100 gram",
    "categories": {
      "mainCategory": "Kött, Chark & Fågel",
      "subCategories": [
        {
          "name": "Korv",
          "subSubCategories": [
            "Glutenfri korv"
          ]
        }
      ]
    }
  },
  {
    "name": "Korv Fuet 170g ICA",
    "weightText": "0.17 kg",
    "caPart": "",
    "weightValue": 0.17,
    "weightUnit": "kg",
    "comparePrice": "246,76 kr/kg",
    "currentPrice": 41.95,
    "attributes": [],
    "imgUrl": "https://handlaprivatkund.ica.se/images-v3/bf7a00ca-390e-4769-865f-dc369586872e/7739eac0-bd9a-4281-aa90-b7107186ba66/500x500.jpg",
    "productInformation": "Fuet är en spansk lufttorkad korv med inslag av svartpeppar. Allra bäst smakar den rumstempererad. Då är den enkel att skära upp och smakerna kommer fram ordentligt. En succé till fördrinken, precis som den är.",
    "countryText": "",
    "companyText": "ICA",
    "ingrediensText": "Griskött*, salt, LAKTOS, MJÖLKPULVER, aromer, svartpeppar, druvsocker, antioxidationsmedel (E301), konserveringsmedel (E250, E252), MJÖLKsyrakultur. Stoppad i naturtarm av gris. *Fött, uppfött och slaktat i Spanien. Till 100 g färdig produkt har 159 g köttråvara använts.",
    "storage": "Förvaras torrt och svalt, ej över normal rumstemperatur. Öppnad förpackning förvaras i kylskåp (max +8°C).",
    "allergens": "LAKTOS, MJÖLKPULVER",
    "usage": "",
    "nutrition": [
      {
        "Näringsvärde": "Energi (kcal)",
        "100 Gram": "430 kcal"
      },
      {
        "Näringsvärde": "Energi (kJ)",
        "100 Gram": "1782 kJ"
      },
      {
        "Näringsvärde": "Fett",
        "100 Gram": "36 g"
      },
      {
        "Näringsvärde": "Varav mättat fett",
        "100 Gram": "14 g"
      },
      {
        "Näringsvärde": "Kolhydrat",
        "100 Gram": "2.5 g"
      },
      {
        "Näringsvärde": "Varav sockerarter",
        "100 Gram": "2.5 g"
      },
      {
        "Näringsvärde": "Protein",
        "100 Gram": "24 g"
      },
      {
        "Näringsvärde": "Salt",
        "100 Gram": "4.5 g"
      }
    ],
    "nutritionUnitText": "Näringsvärde per 100 gram",
    "categories": {
      "mainCategory": "Kött, Chark & Fågel",
      "subCategories": [
        {
          "name": "Delikatesschark",
          "subSubCategories": [
            "Salami delikatess"
          ]
        }
      ]
    }
  },
  {
    "name": "Stekfläsk Skivat 375g Scan",
    "weightText": "0.375 kg",
    "caPart": "",
    "weightValue": 0.375,
    "weightUnit": "kg",
    "comparePrice": "135,87 kr/kg",
    "currentPrice": 50.95,
    "attributes": [],
    "imgUrl": "https://handlaprivatkund.ica.se/images-v3/bf7a00ca-390e-4769-865f-dc369586872e/ebd526fb-d8a7-4118-99d3-e02050b1a204/500x500.jpg",
    "productInformation": "Scan Piggham är ett extra gott, saftigt och smakrikt kött som tilldelats Gastronomiska Akademins pris för “det saftiga och välsmakande köttet”. Stekfläsk, som sitter på sidan, är härligt gott och går snabbt att steka. Med färdigskurna skivor tillagar du snabbt och lätt en festmåltid.",
    "countryText": "",
    "companyText": "Scan",
    "ingrediensText": "Ingredienser: Svenskt sidfläsk (92%), vatten, salt, glykossirap, antioxidationsmedel (E301), konserveringsmedel (E250). Stekfläsk är en rå produkt som ska tillagas före användning.",
    "storage": "",
    "allergens": "",
    "usage": "",
    "nutrition": [
      {
        "Näringsvärde": "Energi (kcal)",
        "100 Gram": "320 kcal"
      },
      {
        "Näringsvärde": "Energi (kJ)",
        "100 Gram": "1350 kJ"
      },
      {
        "Näringsvärde": "Fett",
        "100 Gram": "30 g"
      },
      {
        "Näringsvärde": "Varav mättat fett",
        "100 Gram": "12 g"
      },
      {
        "Näringsvärde": "Kolhydrat",
        "100 Gram": "0.5 g"
      },
      {
        "Näringsvärde": "Varav sockerarter",
        "100 Gram": "0.5 g"
      },
      {
        "Näringsvärde": "Protein",
        "100 Gram": "13 g"
      },
      {
        "Näringsvärde": "Salt",
        "100 Gram": "2 g"
      }
    ],
    "nutritionUnitText": "Näringsvärde per 100 gram",
    "categories": {
      "mainCategory": "Kött, Chark & Fågel",
      "subCategories": [
        {
          "name": "Matchark",
          "subSubCategories": [
            "Bacon & stekfläsk"
          ]
        }
      ]
    }
  },
  {
    "name": "Sidfläsk Färskt skivat ca 400g ICA",
    "weightText": "Ca 0.4 kg",
    "caPart": "Ca",
    "weightValue": 0.4,
    "weightUnit": "kg",
    "comparePrice": "115,00 kr/kg",
    "currentPrice": 46,
    "attributes": [
      "Kött från Sverige",
      "Ursprungsland Sverige"
    ],
    "imgUrl": "https://handlaprivatkund.ica.se/images-v3/bf7a00ca-390e-4769-865f-dc369586872e/23eeab4f-c516-4002-bfbc-d89c539f59e7/500x500.jpg",
    "productInformation": "ICA sidfläsk i skivor. För en saftig risrätt; strimla fläsket, woka det och krydda med curry, vitlök och chili. Tillsätt grönsaker, kokt ris och ett par ägg. - Lägst antibiotikaanvändning i EU- Djuromsorg i världsklass- Levande landsbygd",
    "countryText": "Sverige",
    "companyText": "ICA",
    "ingrediensText": "",
    "storage": "",
    "allergens": "",
    "usage": "",
    "nutrition": [
      {
        "Näringsvärde": "Energi (kcal)",
        "100 Gram": "255 kcal"
      },
      {
        "Näringsvärde": "Energi (kJ)",
        "100 Gram": "1057 kJ"
      },
      {
        "Näringsvärde": "Fett",
        "100 Gram": "21 g"
      },
      {
        "Näringsvärde": "Varav mättat fett",
        "100 Gram": "8.8 g"
      },
      {
        "Näringsvärde": "Kolhydrat",
        "100 Gram": "0.5 g"
      },
      {
        "Näringsvärde": "Varav sockerarter",
        "100 Gram": "0.5 g"
      },
      {
        "Näringsvärde": "Protein",
        "100 Gram": "17 g"
      },
      {
        "Näringsvärde": "Salt",
        "100 Gram": "0.15 g"
      }
    ],
    "nutritionUnitText": "Näringsvärde per 100 gram",
    "categories": {
      "mainCategory": "Kött, Chark & Fågel",
      "subCategories": [
        {
          "name": "Matchark",
          "subSubCategories": [
            "Bacon & stekfläsk"
          ]
        }
      ]
    }
  },
  {
    "name": "Prinskorv 600g Scan",
    "weightText": "0.6 kg",
    "caPart": "",
    "weightValue": 0.6,
    "weightUnit": "kg",
    "comparePrice": "84,92 kr/kg",
    "currentPrice": 50.95,
    "attributes": [
      "Kött från Sverige",
      "Ursprungsland Sverige"
    ],
    "imgUrl": "https://handlaprivatkund.ica.se/images-v3/bf7a00ca-390e-4769-865f-dc369586872e/2f4414df-4f79-415d-bb9a-5bc60f5c69fb/500x500.jpg",
    "productInformation": "En varmrökt kvalitetsprinskorv med klassisk smak och hög kötthalt. Prinskorvarna är tillverkade med extra tunt skinn. Våra korvar innehåller bara svenskt kött från våra gårdar.",
    "countryText": "Sverige",
    "companyText": "Scan",
    "ingrediensText": "INGREDIENSER: Svenskt gris- och nötkött (61%)*, vatten, fett från gris- och nötkött*, potatismjöl, salt, lök, kryddor, kryddextrakt, antioxidationsmedel E326: E300, konserveringsmedel E261:E250, kollagentarm, rökarom. *Ursprung: Sverige",
    "storage": "",
    "allergens": "",
    "usage": "",
    "nutrition": [
      {
        "Näringsvärde": "Energi (kcal)",
        "100 Gram": "260 kcal"
      },
      {
        "Näringsvärde": "Energi (kJ)",
        "100 Gram": "1100 kJ"
      },
      {
        "Näringsvärde": "Fett",
        "100 Gram": "23 g"
      },
      {
        "Näringsvärde": "Varav mättat fett",
        "100 Gram": "9 g"
      },
      {
        "Näringsvärde": "Kolhydrat",
        "100 Gram": "4 g"
      },
      {
        "Näringsvärde": "Varav sockerarter",
        "100 Gram": "0.5 g"
      },
      {
        "Näringsvärde": "Protein",
        "100 Gram": "10 g"
      },
      {
        "Näringsvärde": "Salt",
        "100 Gram": "1.9 g"
      }
    ],
    "nutritionUnitText": "Näringsvärde per 100 gram",
    "categories": {
      "mainCategory": "Jul",
      "subCategories": [
        {
          "name": "Julmat",
          "subSubCategories": [
            "Korv, Köttbullar & Rödbetssallad",
            "Prinskorv & Julkorv"
          ]
        }
      ]
    }
  },
  {
    "name": "Lammfärs Färsk 20% frystinad 500g ICA",
    "weightText": "0.5 kg",
    "caPart": "",
    "weightValue": 0.5,
    "weightUnit": "kg",
    "comparePrice": "183,90 kr/kg",
    "currentPrice": 91.95,
    "attributes": [
      "Kött från Sverige"
    ],
    "imgUrl": "https://handlaprivatkund.ica.se/images-v3/bf7a00ca-390e-4769-865f-dc369586872e/489fc3df-4148-4aff-9bef-e84fece4ee90/500x500.jpg",
    "productInformation": "Lammfärs med 20 % fetthalt från svenska gårdar. Råvaran har varit fryst, bör ej återfrysas",
    "countryText": "",
    "companyText": "ICA",
    "ingrediensText": "Finmald färs av lamm**. **Fött, uppfött, slaktat och styckat i Sverige. Berett (malet) i Sverige 507.",
    "storage": "Kylvara. Förvaras vid max 4°C. Lägsta förvaringstemperatur 0°C Högsta förvaringstemperatur 4°C",
    "allergens": "",
    "usage": "",
    "nutrition": [
      {
        "Näringsvärde": "Energi (kcal)",
        "100 Gram": "247 kcal"
      },
      {
        "Näringsvärde": "Energi (kJ)",
        "100 Gram": "1024 kJ"
      },
      {
        "Näringsvärde": "Fett",
        "100 Gram": "20 g"
      },
      {
        "Näringsvärde": "Varav mättat fett",
        "100 Gram": "9.2 g"
      },
      {
        "Näringsvärde": "Kolhydrat",
        "100 Gram": "0.5 g"
      },
      {
        "Näringsvärde": "Varav sockerarter",
        "100 Gram": "0.5 g"
      },
      {
        "Näringsvärde": "Protein",
        "100 Gram": "17 g"
      },
      {
        "Näringsvärde": "Salt",
        "100 Gram": "0.2 g"
      }
    ],
    "nutritionUnitText": "Näringsvärde per 100 gram",
    "categories": {
      "mainCategory": "Kött, Chark & Fågel",
      "subCategories": [
        {
          "name": "Kött",
          "subSubCategories": [
            "Lamm",
            "Lammfärs"
          ]
        }
      ]
    }
  },
  {
    "name": "Cognacsmedwurst Alspånsrökt 300g ICA",
    "weightText": "0.3 kg",
    "caPart": "",
    "weightValue": 0.3,
    "weightUnit": "kg",
    "comparePrice": "93,17 kr/kg",
    "currentPrice": 27.95,
    "attributes": [
      "Kött från Sverige",
      "Ursprungsland Sverige"
    ],
    "imgUrl": "https://handlaprivatkund.ica.se/images-v3/bf7a00ca-390e-4769-865f-dc369586872e/77cb6ed7-2a0c-450a-846d-e43706a5137d/500x500.jpg",
    "productInformation": "ICA Alspånsrökt Cognacsmedwurst är en korv med syrlig smak och lite sälta. Passar på smörgåsen, till charktallriken eller smörgåsbordet.",
    "countryText": "Sverige",
    "companyText": "ICA",
    "ingrediensText": "INGREDIENSER: Gris*- och nötkött* 69%, fett från gris*, socker, salt, potatisflingor, animaliskt protein (från gris), vatten, druvsocker, kryddor (vitpeppar, ingefära), cognac, cognacsarom, konserveringsmedel (E250), antioxidationsmedel (E300), karmin (E120). Ej ätbart korvskinn. Kallrökt. *Fött, uppfött och slaktat i Sverige.",
    "storage": "Högsta förvaringstemperatur 8°C",
    "allergens": "",
    "usage": "",
    "nutrition": [
      {
        "Näringsvärde": "Energi (kcal)",
        "100 Gram": "400 kcal"
      },
      {
        "Näringsvärde": "Energi (kJ)",
        "100 Gram": "1650 kJ"
      },
      {
        "Näringsvärde": "Fett",
        "100 Gram": "36 g"
      },
      {
        "Näringsvärde": "Varav mättat fett",
        "100 Gram": "14 g"
      },
      {
        "Näringsvärde": "Kolhydrat",
        "100 Gram": "6.3 g"
      },
      {
        "Näringsvärde": "Varav sockerarter",
        "100 Gram": "4 g"
      },
      {
        "Näringsvärde": "Protein",
        "100 Gram": "13.5 g"
      },
      {
        "Näringsvärde": "Salt",
        "100 Gram": "2.5 g"
      }
    ],
    "nutritionUnitText": "Näringsvärde per 100 gram",
    "categories": {
      "mainCategory": "Kött, Chark & Fågel",
      "subCategories": [
        {
          "name": "Pålägg",
          "subSubCategories": [
            "Påläggskorv"
          ]
        }
      ]
    }
  },
  {
    "name": "Bratwurst 300g ICA",
    "weightText": "0.3 kg",
    "caPart": "",
    "weightValue": 0.3,
    "weightUnit": "kg",
    "comparePrice": "101,67 kr/kg",
    "currentPrice": 30.5,
    "attributes": [
      "Kött från Sverige",
      "Ursprungsland Sverige"
    ],
    "imgUrl": "https://handlaprivatkund.ica.se/images-v3/bf7a00ca-390e-4769-865f-dc369586872e/c215cf3b-1efe-45ca-8d06-103cd679c575/500x500.jpg",
    "productInformation": "Korv med kryddig smak av bl.a. ingefära, koriander och vitlök. Skär några snitt längs med korven och stek på medelvärme i 8-10 minuter.",
    "countryText": "Sverige",
    "companyText": "ICA",
    "ingrediensText": "Ingredienser: Gris*- och nötkött* 78%, vatten, potatisstärkelse, salt, kryddor (muskot, kummin, druvsocker, vitlökspulver, svartpeppar, lökpulver, paprikapulver, ingefära), antioxidationsmedel (E300), konserveringsmedel (E250). Alspånsrökt. Stoppad i naturtarm från gris. *Fött, uppfött och slaktat i Sverige.",
    "storage": "",
    "allergens": "",
    "usage": "Kylvara. Förvaras vid högst +8°C",
    "nutrition": [
      {
        "Näringsvärde": "Energi (kcal)",
        "100 Gram": "250 kcal"
      },
      {
        "Näringsvärde": "Energi (kJ)",
        "100 Gram": "1050 kJ"
      },
      {
        "Näringsvärde": "Fett",
        "100 Gram": "21 g"
      },
      {
        "Näringsvärde": "Varav mättat fett",
        "100 Gram": "7 g"
      },
      {
        "Näringsvärde": "Kolhydrat",
        "100 Gram": "3.4 g"
      },
      {
        "Näringsvärde": "Varav sockerarter",
        "100 Gram": "1.8 g"
      },
      {
        "Näringsvärde": "Protein",
        "100 Gram": "12 g"
      },
      {
        "Näringsvärde": "Salt",
        "100 Gram": "1.9 g"
      }
    ],
    "nutritionUnitText": "Näringsvärde per 100 gram",
    "categories": {
      "mainCategory": "Kött, Chark & Fågel",
      "subCategories": [
        {
          "name": "Korv",
          "subSubCategories": [
            "Kryddkorv"
          ]
        }
      ]
    }
  },
  {
    "name": "Stekkorv Kyckling Extra fin 77% Kötthalt 500g ICA",
    "weightText": "0.5 kg",
    "caPart": "",
    "weightValue": 0.5,
    "weightUnit": "kg",
    "comparePrice": "91,90 kr/kg",
    "currentPrice": 45.95,
    "attributes": [
      "Från Sverige",
      "Glutenfritt",
      "Laktosfritt"
    ],
    "imgUrl": "https://handlaprivatkund.ica.se/images-v3/bf7a00ca-390e-4769-865f-dc369586872e/072f70a2-91d0-46b8-a059-86880bae24e0/500x500.jpg",
    "productInformation": "ICA Kycklingstekkorv med 77 % kötthalt gjord på svensk kycklingråvara med tydlig smak. En saftig stekkorv som passar perfekt till korvstroganoff, eller varför inte skiva ner den och stek på och ät tillsammans med stuvade makaroner.",
    "countryText": "",
    "companyText": "ICA",
    "ingrediensText": "Kycklingkött* 77%, vatten, fett från kyckling*, salt, potatismjöl, druvsocker, kryddor (ingefära, vitpeppar), kryddextrakt (svartpeppar, koriander), antioxidationsmedel (E300), konserveringsmedel (E250), rökarom. *Fött, uppfött och slaktat i Sverige. Ej ätbart korvskinn.",
    "storage": "Kylvara: Förvaras vid högst +8°C.",
    "allergens": "",
    "usage": "Ej ätbart korvskinn.",
    "nutrition": [
      {
        "Näringsvärde": "Energi (kcal)",
        "100 Gram": "191 kcal"
      },
      {
        "Näringsvärde": "Energi (kJ)",
        "100 Gram": "793 kJ"
      },
      {
        "Näringsvärde": "Fett",
        "100 Gram": "15 g"
      },
      {
        "Näringsvärde": "Varav mättat fett",
        "100 Gram": "4.9 g"
      },
      {
        "Näringsvärde": "Kolhydrat",
        "100 Gram": "2 g"
      },
      {
        "Näringsvärde": "Varav sockerarter",
        "100 Gram": "0.9 g"
      },
      {
        "Näringsvärde": "Protein",
        "100 Gram": "12 g"
      },
      {
        "Näringsvärde": "Salt",
        "100 Gram": "2 g"
      }
    ],
    "nutritionUnitText": "Näringsvärde per 100 gram",
    "categories": {
      "mainCategory": "Kött, Chark & Fågel",
      "subCategories": [
        {
          "name": "Korv",
          "subSubCategories": [
            "Glutenfri korv"
          ]
        }
      ]
    }
  },
  {
    "name": "Jamón Serrano 100g ICA",
    "weightText": "0.1 kg",
    "caPart": "",
    "weightValue": 0.1,
    "weightUnit": "kg",
    "comparePrice": "329,50 kr/kg",
    "currentPrice": 32.95,
    "attributes": [],
    "imgUrl": "https://handlaprivatkund.ica.se/images-v3/bf7a00ca-390e-4769-865f-dc369586872e/36c2e640-8390-4a23-836c-5e8f0b982e77/500x500.jpg",
    "productInformation": "ICA Jamon Serrano är en Spansk lufttorkad skinka, lagrad i 12 månader. Fyllig smak och med en välbalanserad sälta. Servera den på en tapasbricka tillsammans med en en god spansk manchegoost eller lufttorkad Fuet.",
    "countryText": "Spanien",
    "companyText": "ICA",
    "ingrediensText": "Ingredienser: Skinka av gris* (herlmuskel), salt, socker, konserveringsmedel (E250, E252), antioxidationsmedel (E301). *Fött, uppfött och slaktat i Spanien. Till 100 g färdig har 161 g köttråvara använts.",
    "storage": "Lägsta förvaringstemperatur 0°C Högsta förvaringstemperatur 5°C",
    "allergens": "",
    "usage": "",
    "nutrition": [],
    "nutritionUnitText": "Näringsvärde per styck",
    "categories": {
      "mainCategory": "Kött, Chark & Fågel",
      "subCategories": [
        {
          "name": "Delikatesschark",
          "subSubCategories": [
            "Lufttorkad skinka"
          ]
        }
      ]
    }
  },
  {
    "name": "Classic Salami Stick 80g Göl",
    "weightText": "0.08 kg",
    "caPart": "",
    "weightValue": 0.08,
    "weightUnit": "kg",
    "comparePrice": "324,38 kr/kg",
    "currentPrice": 25.95,
    "attributes": [],
    "imgUrl": "https://handlaprivatkund.ica.se/images-v3/bf7a00ca-390e-4769-865f-dc369586872e/d56e0a1f-fece-4d97-9ddd-c02e59c9f06a/500x500.jpg",
    "productInformation": "",
    "countryText": "",
    "companyText": "Göl",
    "ingrediensText": "Ingredienser: Griskött, grisfett, geleringsmedel (E 401), salt, socker, glukos, peppar, vitlök, aromer, antioxidationsmedel (E 316), stabiliseringsmedel (E 509), startkultur, färgämne (E 120), konserveringsmedel (E 250). Till 100 g färdigvara har använts 156 g griskött.",
    "storage": "Förvaras vid rumstemperatur. Lägsta förvaringstemperatur 4°C Högsta förvaringstemperatur 21°C",
    "allergens": "",
    "usage": "",
    "nutrition": [
      {
        "Näringsvärde": "Energi (kcal)",
        "100 Gram": "557 kcal"
      },
      {
        "Näringsvärde": "Energi (kJ)",
        "100 Gram": "2306 kJ"
      },
      {
        "Näringsvärde": "Fett",
        "100 Gram": "49 g"
      },
      {
        "Näringsvärde": "Varav mättat fett",
        "100 Gram": "20 g"
      },
      {
        "Näringsvärde": "Kolhydrat",
        "100 Gram": "3 g"
      },
      {
        "Näringsvärde": "Varav sockerarter",
        "100 Gram": "1 g"
      },
      {
        "Näringsvärde": "Protein",
        "100 Gram": "26 g"
      },
      {
        "Näringsvärde": "Salt",
        "100 Gram": "5 g"
      }
    ],
    "nutritionUnitText": "Näringsvärde per 100 gram",
    "categories": {
      "mainCategory": "Kött, Chark & Fågel",
      "subCategories": [
        {
          "name": "Delikatesschark",
          "subSubCategories": [
            "Ölkorv"
          ]
        }
      ]
    }
  },
  {
    "name": "Pastrami 120g ICA",
    "weightText": "0.12 kg",
    "caPart": "",
    "weightValue": 0.12,
    "weightUnit": "kg",
    "comparePrice": "199,58 kr/kg",
    "currentPrice": 23.95,
    "attributes": [
      "Nyckelhålet",
      "Kött från Sverige",
      "Ursprungsland Sverige"
    ],
    "imgUrl": "https://handlaprivatkund.ica.se/images-v3/bf7a00ca-390e-4769-865f-dc369586872e/2bb62752-82b1-4677-b48d-3b428b3eedd6/500x500.jpg",
    "productInformation": "ICA Pastrami är gjord på svenskt kött. Passar utmärkt till smörgåsen eller varför inte i en matig sallad.",
    "countryText": "Sverige",
    "companyText": "ICA",
    "ingrediensText": "Ingredienser: Skinka av gris* 95%, salt,stabiliseringsmedel (E451), potatismjöl, druvsocker, potatisfiber, socker**, anti-oxidationsmedel (E301), konserverings-medel (E250) kryddor (koriander, paprika-bitar, svartpeppar, chili och vitpeppar).*Fött, uppfött och slaktat i Sverige. **Ursprung Sverige.",
    "storage": "Lägsta förvaringstemperatur 0°C Högsta förvaringstemperatur 8°C",
    "allergens": "",
    "usage": "",
    "nutrition": [
      {
        "Näringsvärde": "Energi (kcal)",
        "100 Gram": "102 kcal"
      },
      {
        "Näringsvärde": "Energi (kJ)",
        "100 Gram": "430 kJ"
      },
      {
        "Näringsvärde": "Fett",
        "100 Gram": "2.8 g"
      },
      {
        "Näringsvärde": "Varav mättat fett",
        "100 Gram": "0.8 g"
      },
      {
        "Näringsvärde": "Kolhydrat",
        "100 Gram": "0.5 g"
      },
      {
        "Näringsvärde": "Varav sockerarter",
        "100 Gram": "0.5 g"
      },
      {
        "Näringsvärde": "Protein",
        "100 Gram": "19 g"
      },
      {
        "Näringsvärde": "Salt",
        "100 Gram": "2.4 g"
      }
    ],
    "nutritionUnitText": "Näringsvärde per 100 gram",
    "categories": {
      "mainCategory": "Kött, Chark & Fågel",
      "subCategories": [
        {
          "name": "Pålägg",
          "subSubCategories": [
            "Rostbiff & pastrami"
          ]
        }
      ]
    }
  },
  {
    "name": "Salami Magnifico Peperonico i skivor ca 8g Negroni",
    "weightText": "Ca 0.008 kg",
    "caPart": "Ca",
    "weightValue": 0.008,
    "weightUnit": "kg",
    "comparePrice": "469,50 kr/kg",
    "currentPrice": 3.76,
    "attributes": [],
    "imgUrl": "https://handlaprivatkund.ica.se/images-v3/bf7a00ca-390e-4769-865f-dc369586872e/c1b3fce1-e13e-4c00-9e87-359fa30d1405/500x500.jpg",
    "productInformation": "",
    "countryText": "",
    "companyText": "Negroni",
    "ingrediensText": "Griskött, paprikakoncentrat, salt, chilipeppar (0,4%), druvsocker, kryddor, paprika, antioxidationsmedel (natriumaskorbat), konserveringsmedel (kaliumnitrat, natriumnitrit). Till 100g färdig produkt har använts 127g köttråvara. ej ätbart korvskinn.",
    "storage": "Förvaras torrt och svalt.",
    "allergens": "",
    "usage": "Ej ätbart korvskinn.",
    "nutrition": [],
    "nutritionUnitText": "",
    "categories": {
      "mainCategory": "Butikens egna varor",
      "subCategories": [
        {
          "name": "Egen delikatesschark",
          "subSubCategories": [
            "Salami"
          ]
        }
      ]
    }
  },
  {
    "name": "Grillkorv Extra fin 75% Kötthalt 1kg ICA",
    "weightText": "1 kg",
    "caPart": "",
    "weightValue": 1,
    "weightUnit": "kg",
    "comparePrice": "67,95 kr/kg",
    "currentPrice": 67.95,
    "attributes": [
      "Glutenfritt",
      "Kött från Sverige",
      "Laktosfritt"
    ],
    "imgUrl": "https://handlaprivatkund.ica.se/images-v3/bf7a00ca-390e-4769-865f-dc369586872e/9051e983-8a17-464a-96e5-f1e6c789bd22/500x500.jpg",
    "productInformation": "ICA Grillkorv är en extra fin, svensk korv med hög kötthalt på 75%. God att grilla eller att steka. Ett tips är att skära ett par snitt i korven innan du tillagar den.",
    "countryText": "",
    "companyText": "ICA",
    "ingrediensText": "Gris*- och nötkött* 75%, vatten, potatismjöl, salt, fett från gris*, socker, kryddor (vitpeppar, lökpulver, paprikapulver), antioxidationsmedel (E300), konserveringsmedel (E250), rökarom, korven är skinnfri. *Fött, uppfött och slaktat i Sverige.",
    "storage": "Kylvara: Förvaras vid högst +8°C",
    "allergens": "",
    "usage": "",
    "nutrition": [
      {
        "Näringsvärde": "Energi (kcal)",
        "100 Gram": "265 kcal"
      },
      {
        "Näringsvärde": "Energi (kJ)",
        "100 Gram": "1098 kJ"
      },
      {
        "Näringsvärde": "Fett",
        "100 Gram": "23 g"
      },
      {
        "Näringsvärde": "Varav mättat fett",
        "100 Gram": "9.1 g"
      },
      {
        "Näringsvärde": "Kolhydrat",
        "100 Gram": "3.5 g"
      },
      {
        "Näringsvärde": "Varav sockerarter",
        "100 Gram": "0.7 g"
      },
      {
        "Näringsvärde": "Protein",
        "100 Gram": "11 g"
      },
      {
        "Näringsvärde": "Salt",
        "100 Gram": "1.9 g"
      }
    ],
    "nutritionUnitText": "Näringsvärde per 100 gram",
    "categories": {
      "mainCategory": "Kött, Chark & Fågel",
      "subCategories": [
        {
          "name": "Korv",
          "subSubCategories": [
            "Grillkorv"
          ]
        }
      ]
    }
  },
  {
    "name": "Kalkonfärs df 500g Ingelsta kalkon",
    "weightText": "0.5 kg",
    "caPart": "",
    "weightValue": 0.5,
    "weightUnit": "kg",
    "comparePrice": "115,90 kr/kg",
    "currentPrice": 57.95,
    "attributes": [
      "Nyckelhålet",
      "Svensk Fågel"
    ],
    "imgUrl": "https://handlaprivatkund.ica.se/images-v3/bf7a00ca-390e-4769-865f-dc369586872e/91c77627-cbb7-4ef7-9b66-bb186948ffef/500x500.jpg",
    "productInformation": "",
    "countryText": "",
    "companyText": "Ingelsta kalkon",
    "ingrediensText": "Ingredienser: Kalkonkött (100%).",
    "storage": "",
    "allergens": "",
    "usage": "",
    "nutrition": [
      {
        "Näringsvärde": "Energi (kcal)",
        "100 Gram": "170 kcal"
      },
      {
        "Näringsvärde": "Energi (kJ)",
        "100 Gram": "700 kJ"
      },
      {
        "Näringsvärde": "Fett",
        "100 Gram": "9 g"
      },
      {
        "Näringsvärde": "Varav mättat fett",
        "100 Gram": "3 g"
      },
      {
        "Näringsvärde": "Kolhydrat",
        "100 Gram": "1 g"
      },
      {
        "Näringsvärde": "Varav sockerarter",
        "100 Gram": "0.5 g"
      },
      {
        "Näringsvärde": "Protein",
        "100 Gram": "20 g"
      },
      {
        "Näringsvärde": "Salt",
        "100 Gram": "0.5 g"
      }
    ],
    "nutritionUnitText": "Näringsvärde per 100 gram",
    "categories": {
      "mainCategory": "Kött, Chark & Fågel",
      "subCategories": [
        {
          "name": "Kyckling & Fågel",
          "subSubCategories": [
            "Kalkon",
            "Fryst kalkon"
          ]
        }
      ]
    }
  },
  {
    "name": "Salami chips 80g Göl",
    "weightText": "0.08 kg",
    "caPart": "",
    "weightValue": 0.08,
    "weightUnit": "kg",
    "comparePrice": "324,38 kr/kg",
    "currentPrice": 25.95,
    "attributes": [],
    "imgUrl": "https://handlaprivatkund.ica.se/images-v3/bf7a00ca-390e-4769-865f-dc369586872e/eb0e87cb-7595-4e17-9e39-86c106016b63/500x500.jpg",
    "productInformation": "",
    "countryText": "",
    "companyText": "Göl",
    "ingrediensText": "Ingredienser: Griskött, grisfett, salt, aromer, kryddor, paprikaextrakt, glukos, färgämne (E 120), antioxidationsmedel (E 316), konserveringsmedel (E 250), startkultur. Till 100 g färdigvara har använts 150 g griskött.",
    "storage": "Förvaras vid rumstemperatur.",
    "allergens": "",
    "usage": "",
    "nutrition": [
      {
        "Näringsvärde": "Energi (kcal)",
        "100 Gram": "507 kcal"
      },
      {
        "Näringsvärde": "Energi (kJ)",
        "100 Gram": "2101 kJ"
      },
      {
        "Näringsvärde": "Fett",
        "100 Gram": "44 g"
      },
      {
        "Näringsvärde": "Varav mättat fett",
        "100 Gram": "16 g"
      },
      {
        "Näringsvärde": "Kolhydrat",
        "100 Gram": "2.8 g"
      },
      {
        "Näringsvärde": "Varav sockerarter",
        "100 Gram": "1 g"
      },
      {
        "Näringsvärde": "Protein",
        "100 Gram": "25 g"
      },
      {
        "Näringsvärde": "Salt",
        "100 Gram": "3.7 g"
      }
    ],
    "nutritionUnitText": "Näringsvärde per 100 gram",
    "categories": {
      "mainCategory": "Kött, Chark & Fågel",
      "subCategories": [
        {
          "name": "Delikatesschark",
          "subSubCategories": [
            "Ölkorv"
          ]
        }
      ]
    }
  },
  {
    "name": "Skinka Rökt Bror Jakobs 100g Jakobsdals",
    "weightText": "0.1 kg",
    "caPart": "",
    "weightValue": 0.1,
    "weightUnit": "kg",
    "comparePrice": "299,50 kr/kg",
    "currentPrice": 29.95,
    "attributes": [
      "Kött från Sverige"
    ],
    "imgUrl": "https://handlaprivatkund.ica.se/images-v3/bf7a00ca-390e-4769-865f-dc369586872e/51765e90-1b02-4334-a6db-fcdcef57fb19/500x500.jpg",
    "productInformation": "Tillagas av innan- och ytterlår av svensk köttråvara. Skinkan putsas noggrant, handläggs, nätas och röks sedan långsamt så att smakerna får tid på sig att utvecklas och mogna. Så tillagas en saftig klassisk skinka med mjuk saltdoft och en röksöt smak.",
    "countryText": "",
    "companyText": "Jakobsdals",
    "ingrediensText": "Skinka 96% (helmuskel), salt, druvsocker (majs), antioxidationsmedel (E325, E301), stabiliseringsmedel (E451), kryddor, kryddextrakt (muskot), konserveringsmedel E250. Rökt med rökarom. Ursprung: Sverige",
    "storage": "Lägsta förvaringstemperatur 0°C Högsta förvaringstemperatur 8°C",
    "allergens": "",
    "usage": "",
    "nutrition": [
      {
        "Näringsvärde": "Energi (kcal)",
        "100 Gram": "110",
        "% av DRI(*)": "6"
      },
      {
        "Näringsvärde": "Energi (kJ)",
        "100 Gram": "450",
        "% av DRI(*)": "5"
      },
      {
        "Näringsvärde": "Fett",
        "100 Gram": "2.2",
        "% av DRI(*)": "3"
      },
      {
        "Näringsvärde": "Varav mättat fett",
        "100 Gram": "0.7",
        "% av DRI(*)": "3"
      },
      {
        "Näringsvärde": "Kolhydrat",
        "100 Gram": "1.8",
        "% av DRI(*)": "1"
      },
      {
        "Näringsvärde": "Varav sockerarter",
        "100 Gram": "1.6",
        "% av DRI(*)": "2"
      },
      {
        "Näringsvärde": "Protein",
        "100 Gram": "20",
        "% av DRI(*)": "40"
      },
      {
        "Näringsvärde": "Salt",
        "100 Gram": "3.5",
        "% av DRI(*)": "58"
      }
    ],
    "nutritionUnitText": "Näringsvärde per 100 gram",
    "categories": {
      "mainCategory": "Kött, Chark & Fågel",
      "subCategories": [
        {
          "name": "Pålägg",
          "subSubCategories": [
            "Skinka"
          ]
        }
      ]
    }
  },
  {
    "name": "Högrevshamburgare Färsk 2-p 300g ICA",
    "weightText": "0.3 kg",
    "caPart": "",
    "weightValue": 0.3,
    "weightUnit": "kg",
    "comparePrice": "223,17 kr/kg",
    "currentPrice": 66.95,
    "attributes": [
      "Kött från Sverige"
    ],
    "imgUrl": "https://handlaprivatkund.ica.se/images-v3/bf7a00ca-390e-4769-865f-dc369586872e/ee3fec8d-8dfc-4ae8-a535-ef1e5f41540b/500x500.jpg",
    "productInformation": "",
    "countryText": "",
    "companyText": "ICA",
    "ingrediensText": "Högrev av nötkött* 90%, vatten, salt, svartpeppar. *Fött, uppfött, slaktat och styckat i Sverige. Fetthalt 12%",
    "storage": "",
    "allergens": "",
    "usage": "",
    "nutrition": [
      {
        "Näringsvärde": "Energi (kcal)",
        "100 Gram": "173 kcal"
      },
      {
        "Näringsvärde": "Energi (kJ)",
        "100 Gram": "719 kJ"
      },
      {
        "Näringsvärde": "Fett",
        "100 Gram": "12 g"
      },
      {
        "Näringsvärde": "Varav mättat fett",
        "100 Gram": "5.4 g"
      },
      {
        "Näringsvärde": "Kolhydrat",
        "100 Gram": "0.5 g"
      },
      {
        "Näringsvärde": "Varav sockerarter",
        "100 Gram": "0.5 g"
      },
      {
        "Näringsvärde": "Protein",
        "100 Gram": "17 g"
      },
      {
        "Näringsvärde": "Salt",
        "100 Gram": "1.2 g"
      }
    ],
    "nutritionUnitText": "Näringsvärde per 100 gram",
    "categories": {
      "mainCategory": "Kött, Chark & Fågel",
      "subCategories": [
        {
          "name": "Matchark",
          "subSubCategories": [
            "Hamburgare",
            "Färska hamburgare"
          ]
        }
      ]
    }
  },
  {
    "name": "Kycklingköttbullar Stekta Färska 500g ICA",
    "weightText": "0.5 kg",
    "caPart": "",
    "weightValue": 0.5,
    "weightUnit": "kg",
    "comparePrice": "99,90 kr/kg",
    "currentPrice": 49.95,
    "attributes": [
      "Från Sverige"
    ],
    "imgUrl": "https://handlaprivatkund.ica.se/images-v3/bf7a00ca-390e-4769-865f-dc369586872e/0ff712c6-9cb6-496b-a0e8-002e03bbc29f/500x500.jpg",
    "productInformation": "ICA Kycklingköttbullar 500 g är färdiga att äta och passar både till vardag och helg. Värm enkelt i stekpannan och servera gärna med makaroner eller potatis med lingon. Köttet i bullarna är från Sverige.",
    "countryText": "",
    "companyText": "ICA",
    "ingrediensText": "Kycklingkött* 72%, vatten, fett frånkyckling*, potatisstärkelse, lök,potatisflingor, salt, druvsocker,kryddor (vitpeppar, paprikapulver,svartpepparextrakt), potatisfiber,bambufiber, citrusfiber, vitlök,arom, tomat. Stekta i rapsolja.*Fött, uppfött och slaktat i Sverige.",
    "storage": "",
    "allergens": "",
    "usage": "",
    "nutrition": [
      {
        "Näringsvärde": "Energi (kcal)",
        "100 Gram": "241 kcal"
      },
      {
        "Näringsvärde": "Energi (kJ)",
        "100 Gram": "1003 kJ"
      },
      {
        "Näringsvärde": "Fett",
        "100 Gram": "17 g"
      },
      {
        "Näringsvärde": "Varav mättat fett",
        "100 Gram": "4.5 g"
      },
      {
        "Näringsvärde": "Kolhydrat",
        "100 Gram": "10 g"
      },
      {
        "Näringsvärde": "Varav sockerarter",
        "100 Gram": "0.5 g"
      },
      {
        "Näringsvärde": "Protein",
        "100 Gram": "12 g"
      },
      {
        "Näringsvärde": "Salt",
        "100 Gram": "1.6 g"
      }
    ],
    "nutritionUnitText": "Näringsvärde per 100 gram",
    "categories": {
      "mainCategory": "Jul",
      "subCategories": [
        {
          "name": "Julmat",
          "subSubCategories": [
            "Korv, Köttbullar & Rödbetssallad",
            "Köttbullar & Rödbetssallad"
          ]
        }
      ]
    }
  },
  {
    "name": "Majskyckling Färsk Hel ca 1,3kg Guldfågeln",
    "weightText": "Ca 1.3 kg",
    "caPart": "Ca",
    "weightValue": 1.3,
    "weightUnit": "kg",
    "comparePrice": "85,95 kr/kg",
    "currentPrice": 111.74,
    "attributes": [
      "Ursprungsland Sverige",
      "Svensk Fågel"
    ],
    "imgUrl": "https://handlaprivatkund.ica.se/images-v3/bf7a00ca-390e-4769-865f-dc369586872e/4391e43a-1c70-4da6-ab65-fcf7922b2ed9/500x500.jpg",
    "productInformation": "",
    "countryText": "Sverige",
    "companyText": "Guldfågeln",
    "ingrediensText": "Färsk hel majskyckling utan inkråm. Klass A Hel kyckling (100%)",
    "storage": "Lägsta förvaringstemperatur 0°C Högsta förvaringstemperatur 4°C",
    "allergens": "",
    "usage": "",
    "nutrition": [
      {
        "Näringsvärde": "Energi (kcal)",
        "100 Gram": "180 kcal"
      },
      {
        "Näringsvärde": "Energi (kJ)",
        "100 Gram": "750 kJ"
      },
      {
        "Näringsvärde": "Fett",
        "100 Gram": "12 g"
      },
      {
        "Näringsvärde": "Varav mättat fett",
        "100 Gram": "4 g"
      },
      {
        "Näringsvärde": "Kolhydrat",
        "100 Gram": "0.5 g"
      },
      {
        "Näringsvärde": "Varav sockerarter",
        "100 Gram": "0.5 g"
      },
      {
        "Näringsvärde": "Protein",
        "100 Gram": "18 g"
      },
      {
        "Näringsvärde": "Salt",
        "100 Gram": "0.2 g"
      }
    ],
    "nutritionUnitText": "Näringsvärde per 100 gram",
    "categories": {
      "mainCategory": "Kött, Chark & Fågel",
      "subCategories": [
        {
          "name": "Kyckling & Fågel",
          "subSubCategories": [
            "Hel kyckling",
            "Hel kyckling, färsk"
          ]
        }
      ]
    }
  },
  {
    "name": "Pastramibröst Kalkon i skivor ca 14g Ingelsta kalkon",
    "weightText": "Ca 0.014 kg",
    "caPart": "Ca",
    "weightValue": 0.014,
    "weightUnit": "kg",
    "comparePrice": "379,50 kr/kg",
    "currentPrice": 5.31,
    "attributes": [],
    "imgUrl": "https://handlaprivatkund.ica.se/images-v3/bf7a00ca-390e-4769-865f-dc369586872e/7fc2fcb0-42b1-4d5e-8d90-d05dc7a0a0a5/500x500.jpg",
    "productInformation": "",
    "countryText": "",
    "companyText": "Ingelsta kalkon",
    "ingrediensText": "Ingredienser: Kalkonkött (87%), vatten, salt, druvsocker, stabiliseringsmedel (E451), antioxidationsmedel (E301), svartpeppar, vitpeppar, paprika, ingefära, kryddpeppar, konserveringsmedel (E250).",
    "storage": "",
    "allergens": "",
    "usage": "",
    "nutrition": [],
    "nutritionUnitText": "Näringsvärde per styck",
    "categories": {
      "mainCategory": "Butikens egna varor",
      "subCategories": [
        {
          "name": "Egen delikatesschark",
          "subSubCategories": []
        }
      ]
    }
  },
  {
    "name": "Bacon Skivor Ekologisk 100g Tulip",
    "weightText": "0.1 kg",
    "caPart": "",
    "weightValue": 0.1,
    "weightUnit": "kg",
    "comparePrice": "249,50 kr/kg",
    "currentPrice": 24.95,
    "attributes": [
      "EU Ekologiskt",
      "Ekologiskt"
    ],
    "imgUrl": "https://handlaprivatkund.ica.se/images-v3/bf7a00ca-390e-4769-865f-dc369586872e/7b866d3d-d4a1-4974-a5ad-7862b78432fb/500x500.jpg",
    "productInformation": "Våra ekologiska grisar från Danmark går ute större delen av året, och bökar fritt i gräsbevuxen hage. Grisarna har tillgång till innevistelse när de önskar. Under den kallaste vintern är de inne mer, men har då tillgång till rastgård med halm och strö. Även smågrisarna föds upp utomhus, med såväl rastgård som hage. Våra ekologiska grisar äter ekologiskt foder, har knorren kvar och ges ingen antibiotika. Baconet från våra ekologiska utegrisar framställs helt utan tillsatser och innehåller inga e-nummer. I vanligt bacon finns tillsatt nitrit. Nitrit ger bl a köttet en rödare färg. Det gör att baconet i det här paketet kan vara lite brunare i färgen än annat bacon.",
    "countryText": "",
    "companyText": "Tulip",
    "ingrediensText": "Ingredienser: Ekologiskt sidfläsk, salt.",
    "storage": "Hållbarhet efter öppning: 2 dagar vid högst +5 °C, dock längst till bäst före datum.",
    "allergens": "",
    "usage": "",
    "nutrition": [
      {
        "Näringsvärde": "Energi (kcal)",
        "100 Gram": "312 kcal"
      },
      {
        "Näringsvärde": "Energi (kJ)",
        "100 Gram": "1291 kJ"
      },
      {
        "Näringsvärde": "Fett",
        "100 Gram": "28 g"
      },
      {
        "Näringsvärde": "Varav mättat fett",
        "100 Gram": "11 g"
      },
      {
        "Näringsvärde": "Kolhydrat",
        "100 Gram": "0 g"
      },
      {
        "Näringsvärde": "Varav sockerarter",
        "100 Gram": "0 g"
      },
      {
        "Näringsvärde": "Protein",
        "100 Gram": "15 g"
      },
      {
        "Näringsvärde": "Salt",
        "100 Gram": "2.9 g"
      }
    ],
    "nutritionUnitText": "Näringsvärde per 100 gram",
    "categories": {
      "mainCategory": "Kött, Chark & Fågel",
      "subCategories": [
        {
          "name": "Matchark",
          "subSubCategories": [
            "Bacon & stekfläsk"
          ]
        }
      ]
    }
  },
  {
    "name": "Minichorizo hot chipotle 300g ICA Selection",
    "weightText": "0.3 kg",
    "caPart": "",
    "weightValue": 0.3,
    "weightUnit": "kg",
    "comparePrice": "159,83 kr/kg",
    "currentPrice": 47.95,
    "attributes": [
      "Kött från Sverige",
      "Ursprungsland Sverige"
    ],
    "imgUrl": "https://handlaprivatkund.ica.se/images-v3/bf7a00ca-390e-4769-865f-dc369586872e/aa969847-c589-42b6-abe3-dd92e5bed11b/500x500.jpg",
    "productInformation": "",
    "countryText": "Sverige",
    "companyText": "ICA Selection",
    "ingrediensText": "Ingredienser: Kött av gris** 90%, druvsocker, tomat, kryddor(vitpeppar,anchochili,paprika,oregano, cayennepeppar),salt, farinsocker, lök, vatten, kryddextrakter,(chipotle,jalapeno,paprika), köttbuljong(av gris),rökektrakt(ek), antioxidations-medel (E325,E300), konserveringsmedel (E250). **Fött i, uppfött i, slaktat i, styckat i Sverige.",
    "storage": "Kylvara. Förvaras vid högst 4°C. Lägsta förvaringstemperatur 0°C Högsta förvaringstemperatur 4°C",
    "allergens": "",
    "usage": "",
    "nutrition": [
      {
        "Näringsvärde": "Energi (kcal)",
        "100 Gram": "290 kcal"
      },
      {
        "Näringsvärde": "Energi (kJ)",
        "100 Gram": "1250 kJ"
      },
      {
        "Näringsvärde": "Fett",
        "100 Gram": "25 g"
      },
      {
        "Näringsvärde": "Varav mättat fett",
        "100 Gram": "10 g"
      },
      {
        "Näringsvärde": "Kolhydrat",
        "100 Gram": "4.4 g"
      },
      {
        "Näringsvärde": "Varav sockerarter",
        "100 Gram": "2.7 g"
      },
      {
        "Näringsvärde": "Protein",
        "100 Gram": "14 g"
      },
      {
        "Näringsvärde": "Salt",
        "100 Gram": "2.4 g"
      }
    ],
    "nutritionUnitText": "",
    "categories": {
      "mainCategory": "Kött, Chark & Fågel",
      "subCategories": [
        {
          "name": "Korv",
          "subSubCategories": [
            "Färsk korv"
          ]
        }
      ]
    }
  },
  {
    "name": "Lunchkorv Extra fin 70% kötthalt 400g ICA",
    "weightText": "0.4 kg",
    "caPart": "",
    "weightValue": 0.4,
    "weightUnit": "kg",
    "comparePrice": "106,25 kr/kg",
    "currentPrice": 42.5,
    "attributes": [
      "Glutenfritt",
      "Kött från Sverige",
      "Laktosfritt"
    ],
    "imgUrl": "https://handlaprivatkund.ica.se/images-v3/bf7a00ca-390e-4769-865f-dc369586872e/da16c9cc-9372-431b-a8d7-ffad8d0122c0/500x500.jpg",
    "productInformation": "ICA Extra fin lunchkorv gjord på svensk råvara med en hög kötthalt på 70 %. En lunchkorv med mild smak av vitpeppar som passar såväl till lunchen som till frukosten.",
    "countryText": "",
    "companyText": "ICA",
    "ingrediensText": "Gris-* och nötkött* 70%, vatten, potatismjöl, fett från gris*, salt, druvsocker, kryddor (lökpulver, vitpeppar, koriander), kryddextrakt (svartpeppar, muskotblomma), antioxidationsmedel (E300), konserveringsmedel (E250).Stoppad i naturtarm från gris. Alspånsrökt.*Fött, uppfött och slaktat i Sverige.",
    "storage": "Kylvara: max +8°C.",
    "allergens": "",
    "usage": "Öppnad förpackning: max +8°C",
    "nutrition": [
      {
        "Näringsvärde": "Energi (kcal)",
        "100 Gram": "276 kcal"
      },
      {
        "Näringsvärde": "Energi (kJ)",
        "100 Gram": "1143 kJ"
      },
      {
        "Näringsvärde": "Fett",
        "100 Gram": "24 g"
      },
      {
        "Näringsvärde": "Varav mättat fett",
        "100 Gram": "9.6 g"
      },
      {
        "Näringsvärde": "Kolhydrat",
        "100 Gram": "5 g"
      },
      {
        "Näringsvärde": "Varav sockerarter",
        "100 Gram": "0.7 g"
      },
      {
        "Näringsvärde": "Protein",
        "100 Gram": "10 g"
      },
      {
        "Näringsvärde": "Salt",
        "100 Gram": "2 g"
      }
    ],
    "nutritionUnitText": "Näringsvärde per 100 gram",
    "categories": {
      "mainCategory": "Kött, Chark & Fågel",
      "subCategories": [
        {
          "name": "Korv",
          "subSubCategories": [
            "Frukostkorv"
          ]
        }
      ]
    }
  },
  {
    "name": "Bog Rökt 120g ICA",
    "weightText": "0.12 kg",
    "caPart": "",
    "weightValue": 0.12,
    "weightUnit": "kg",
    "comparePrice": "191,25 kr/kg",
    "currentPrice": 22.95,
    "attributes": [
      "Nyckelhålet",
      "Kött från Sverige"
    ],
    "imgUrl": "https://handlaprivatkund.ica.se/images-v3/bf7a00ca-390e-4769-865f-dc369586872e/8e1c7930-3b28-4c58-ae7f-ab68c6e8e59b/500x500.jpg",
    "productInformation": "Alspåns- och enrisrökt.",
    "countryText": "",
    "companyText": "ICA",
    "ingrediensText": "Ingredienser: Bog av gris* (helmuskel) 95%, salt, stabiliseringsmedel (E451), potatismjöl, druvsocker, potatisfiber, socker**, antioxidationsmedel (E301), konserveringsmedel (E250). *Fött, uppfött och slaktat i Sverige.**Ursprung Sverige.",
    "storage": "Lägsta förvaringstemperatur 0°C Högsta förvaringstemperatur 8°C",
    "allergens": "",
    "usage": "",
    "nutrition": [
      {
        "Näringsvärde": "Energi (kcal)",
        "100 Gram": "118 kcal"
      },
      {
        "Näringsvärde": "Energi (kJ)",
        "100 Gram": "494 kJ"
      },
      {
        "Näringsvärde": "Fett",
        "100 Gram": "5 g"
      },
      {
        "Näringsvärde": "Varav mättat fett",
        "100 Gram": "1.6 g"
      },
      {
        "Näringsvärde": "Kolhydrat",
        "100 Gram": "0.5 g"
      },
      {
        "Näringsvärde": "Varav sockerarter",
        "100 Gram": "0.5 g"
      },
      {
        "Näringsvärde": "Protein",
        "100 Gram": "18 g"
      },
      {
        "Näringsvärde": "Salt",
        "100 Gram": "2.5 g"
      }
    ],
    "nutritionUnitText": "Näringsvärde per 100 gram",
    "categories": {
      "mainCategory": "Kött, Chark & Fågel",
      "subCategories": [
        {
          "name": "Pålägg",
          "subSubCategories": [
            "Skinka"
          ]
        }
      ]
    }
  },
  {
    "name": "Stekfläsk Skivat 1kg ICA",
    "weightText": "1 kg",
    "caPart": "",
    "weightValue": 1,
    "weightUnit": "kg",
    "comparePrice": "110,00 kr/kg",
    "currentPrice": 110,
    "attributes": [
      "Kött från Sverige",
      "Ursprungsland Sverige"
    ],
    "imgUrl": "https://handlaprivatkund.ica.se/images-v3/bf7a00ca-390e-4769-865f-dc369586872e/d78116dd-f6b9-4435-863d-ab0379276f23/500x500.jpg",
    "productInformation": "ICA klassiskt rimmat Stekfläsk är skivat utan svål med fyllig smak och fin sälta. Tillverkat i Halmstad av svenskt kött.",
    "countryText": "Sverige",
    "companyText": "ICA",
    "ingrediensText": "Ingredienser: Griskött* 95%, salt, antioxidationsmedel (E301), konserveringsmedel(E250). *Fött uppfött och slaktat i Sverige",
    "storage": "Lägsta förvaringstemperatur 0°C Högsta förvaringstemperatur 8°C",
    "allergens": "",
    "usage": "",
    "nutrition": [
      {
        "Näringsvärde": "Energi (kcal)",
        "100 Gram": "264 kcal"
      },
      {
        "Näringsvärde": "Energi (kJ)",
        "100 Gram": "1095 kJ"
      },
      {
        "Näringsvärde": "Fett",
        "100 Gram": "22 g"
      },
      {
        "Näringsvärde": "Varav mättat fett",
        "100 Gram": "9 g"
      },
      {
        "Näringsvärde": "Kolhydrat",
        "100 Gram": "0.5 g"
      },
      {
        "Näringsvärde": "Varav sockerarter",
        "100 Gram": "0.5 g"
      },
      {
        "Näringsvärde": "Protein",
        "100 Gram": "16 g"
      },
      {
        "Näringsvärde": "Salt",
        "100 Gram": "2 g"
      },
      {
        "Näringsvärde": "Järn",
        "100 Gram": "0 mg"
      },
      {
        "Näringsvärde": "Natrium",
        "100 Gram": "0 mg"
      }
    ],
    "nutritionUnitText": "",
    "categories": {
      "mainCategory": "Kött, Chark & Fågel",
      "subCategories": [
        {
          "name": "Matchark",
          "subSubCategories": [
            "Bacon & stekfläsk"
          ]
        }
      ]
    }
  },
  {
    "name": "Originalpastej Skivbar 250g Arboga",
    "weightText": "0.25 kg",
    "caPart": "",
    "weightValue": 0.25,
    "weightUnit": "kg",
    "comparePrice": "87,80 kr/kg",
    "currentPrice": 21.95,
    "attributes": [],
    "imgUrl": "https://handlaprivatkund.ica.se/images-v3/bf7a00ca-390e-4769-865f-dc369586872e/c897f1e6-c412-4ff5-bade-fa18bab4bcf1/500x500.jpg",
    "productInformation": "Skivbar leverpastej som passar på en macka med smörgåsgurka eller en klick rödbetssallad. Använd även som pålägg på en matig landgång.",
    "countryText": "",
    "companyText": "Arboga",
    "ingrediensText": "Grislever (31%), MJÖLK, griskött (13%), fett från gris, vatten, VETEmjöl, bindväv från gris, potatismjöl, rapsolja, MJÖLKpulver, koksalt, socker, tryffelersättning (champinjoner, fårticka), kryddor och kryddextrakt (bl.a ingefära, muskotnöt, nejlika), druvsocker (majs), maltodextrin (majs), antioxidationsmedel (E300), konserveringsmedel (E250).",
    "storage": "",
    "allergens": "",
    "usage": "Kylvara: Högst +8°C",
    "nutrition": [
      {
        "Näringsvärde": "Energi (kcal)",
        "100 Gram": "270 kcal"
      },
      {
        "Näringsvärde": "Energi (kJ)",
        "100 Gram": "1150 kJ"
      },
      {
        "Näringsvärde": "Fett",
        "100 Gram": "21 g"
      },
      {
        "Näringsvärde": "Varav mättat fett",
        "100 Gram": "9.5 g"
      },
      {
        "Näringsvärde": "Kolhydrat",
        "100 Gram": "8.5 g"
      },
      {
        "Näringsvärde": "Varav sockerarter",
        "100 Gram": "2.5 g"
      },
      {
        "Näringsvärde": "Protein",
        "100 Gram": "12 g"
      },
      {
        "Näringsvärde": "Salt",
        "100 Gram": "2 g"
      },
      {
        "Näringsvärde": "Järn",
        "100 Gram": "7 mg",
        "% av DRI(*)": "50"
      }
    ],
    "nutritionUnitText": "Näringsvärde per 100 gram",
    "categories": {
      "mainCategory": "Kött, Chark & Fågel",
      "subCategories": [
        {
          "name": "Pålägg",
          "subSubCategories": [
            "Pastej & paté",
            "Pastej"
          ]
        }
      ]
    }
  },
  {
    "name": "Salami klassisk 120g Kotivara",
    "weightText": "0.12 kg",
    "caPart": "",
    "weightValue": 0.12,
    "weightUnit": "kg",
    "comparePrice": "241,25 kr/kg",
    "currentPrice": 28.95,
    "attributes": [],
    "imgUrl": "https://handlaprivatkund.ica.se/images-v3/bf7a00ca-390e-4769-865f-dc369586872e/eb6307b3-0aa6-4150-bc8f-69abf928122f/500x500.jpg",
    "productInformation": "Salami passar som pålägg på smörgåsen, som tapas, på buffébordet eller som krydda i matlagningen.",
    "countryText": "",
    "companyText": "Kotivara",
    "ingrediensText": "griskött (EU), nötkött (EU), salt, maltodextrin, kryddor (svart- och vitpeppar, koriander), dextros, antioxidationsmedel (E301), kryddextrakt (svartpeppar) och konserveringsmedel (E250).Till 100 g av den färdiga varan har använts 134 g kött.",
    "storage": "",
    "allergens": "",
    "usage": "",
    "nutrition": [
      {
        "Näringsvärde": "Energi (kcal)",
        "100 Gram": "433 kcal"
      },
      {
        "Näringsvärde": "Energi (kJ)",
        "100 Gram": "1810 kJ"
      },
      {
        "Näringsvärde": "Fett",
        "100 Gram": "37 g"
      },
      {
        "Näringsvärde": "Varav mättat fett",
        "100 Gram": "13.4 g"
      },
      {
        "Näringsvärde": "Kolhydrat",
        "100 Gram": "3.9 g"
      },
      {
        "Näringsvärde": "Varav sockerarter",
        "100 Gram": "0.1 g"
      },
      {
        "Näringsvärde": "Fiber",
        "100 Gram": "2.1 g"
      },
      {
        "Näringsvärde": "Protein",
        "100 Gram": "21.6 g"
      },
      {
        "Näringsvärde": "Salt",
        "100 Gram": "4 g"
      }
    ],
    "nutritionUnitText": "Näringsvärde per 100 gram",
    "categories": {
      "mainCategory": "Kött, Chark & Fågel",
      "subCategories": [
        {
          "name": "Pålägg",
          "subSubCategories": [
            "Salami"
          ]
        }
      ]
    }
  },
  {
    "name": "Kyckling Grillad 240g ICA",
    "weightText": "0.24 kg",
    "caPart": "",
    "weightValue": 0.24,
    "weightUnit": "kg",
    "comparePrice": "203,96 kr/kg",
    "currentPrice": 48.95,
    "attributes": [
      "Från Sverige",
      "Nyckelhålet"
    ],
    "imgUrl": "https://handlaprivatkund.ica.se/images-v3/bf7a00ca-390e-4769-865f-dc369586872e/28184ecf-bf92-4151-ad80-ef01a2da37bf/500x500.jpg",
    "productInformation": "ICA Grillad Kyckling är omsorgsfullt grillad för att få saftig smak och fin konsistens. Den passar både på smörgåsen, pizzan eller i en sallad. Dessutom lyfter den snabbt mellanmålsknäcket till en ny nivå tillsammans med lite cottage cheese och någon skiva paprika. Smarrigt och enkelt!",
    "countryText": "",
    "companyText": "ICA",
    "ingrediensText": "Ingredienser: Kyckling* 95%, salt, grillkrydda (salt, glukossirap, lök, druvsocker, socker**, vitlök, kryddextrakt, antioxidationsmedel (E330)), socker**, antioxidationsmedel (E331, E301), stabiliseringsmedel (E450), konserveringsmedel (E250).*Fött, uppfött och slaktat i Sverige.**Ursprung Sverige.",
    "storage": "Lägsta förvaringstemperatur 0°C Högsta förvaringstemperatur 8°C",
    "allergens": "",
    "usage": "",
    "nutrition": [
      {
        "Näringsvärde": "Energi (kcal)",
        "100 Gram": "90 kcal"
      },
      {
        "Näringsvärde": "Energi (kJ)",
        "100 Gram": "390 kJ"
      },
      {
        "Näringsvärde": "Fett",
        "100 Gram": "1.5 g"
      },
      {
        "Näringsvärde": "Varav mättat fett",
        "100 Gram": "0.5 g"
      },
      {
        "Näringsvärde": "Kolhydrat",
        "100 Gram": "2.2 g"
      },
      {
        "Näringsvärde": "Varav sockerarter",
        "100 Gram": "0.8 g"
      },
      {
        "Näringsvärde": "Protein",
        "100 Gram": "17 g"
      },
      {
        "Näringsvärde": "Salt",
        "100 Gram": "2.5 g"
      }
    ],
    "nutritionUnitText": "",
    "categories": {
      "mainCategory": "Kött, Chark & Fågel",
      "subCategories": [
        {
          "name": "Pålägg",
          "subSubCategories": [
            "Fågel"
          ]
        }
      ]
    }
  },
  {
    "name": "Sylta Lammhults 350g Ello i Lammhult",
    "weightText": "0.35 kg",
    "caPart": "",
    "weightValue": 0.35,
    "weightUnit": "kg",
    "comparePrice": "79,86 kr/kg",
    "currentPrice": 27.95,
    "attributes": [
      "Ursprungsland Sverige"
    ],
    "imgUrl": "https://handlaprivatkund.ica.se/images-v3/bf7a00ca-390e-4769-865f-dc369586872e/fb8b9b74-e4c0-473b-9784-0d4d4edf5bc6/500x500.jpg",
    "productInformation": "Ät syltan som den är kallskuren med potatissallad och inlagda rödbetor, på buffébordet eller helt enkelt som pålägg på mackan.",
    "countryText": "Sverige",
    "companyText": "Ello",
    "ingrediensText": "",
    "storage": "",
    "allergens": "",
    "usage": "",
    "nutrition": [],
    "nutritionUnitText": "",
    "categories": {
      "mainCategory": "Kött, Chark & Fågel",
      "subCategories": [
        {
          "name": "Matchark",
          "subSubCategories": [
            "Sylta"
          ]
        }
      ]
    }
  },
  {
    "name": "Leverpastej Ugnsbakad Ekologisk 200g Scan",
    "weightText": "0.2 kg",
    "caPart": "",
    "weightValue": 0.2,
    "weightUnit": "kg",
    "comparePrice": "114,75 kr/kg",
    "currentPrice": 22.95,
    "attributes": [
      "EU Ekologiskt",
      "Kött från Sverige",
      "Ekologiskt"
    ],
    "imgUrl": "https://handlaprivatkund.ica.se/images-v3/bf7a00ca-390e-4769-865f-dc369586872e/bbe517dc-e1b8-45ca-9f3c-ca388b447457/500x500.jpg",
    "productInformation": "En härligt god ugnsbakad leverpastej som riktar sig till finsmakaren i dig. Den är bredbar och har en omtyckt krydd- och leversmak. Dessutom är den ekologisk, vilket innebär att den är framställd med höga krav på djuromsorg och djurhållning.",
    "countryText": "",
    "companyText": "Scan",
    "ingrediensText": "INGREDIENSER: Svenskt fett fläsk*°, gris- och nötlever*° (30%), vatten, potatismjöl*, socker*, salt, lök*, kryddor*, antioxidationsmedel E301, konserveringsmedel E250, naturlig arom. ° Ursprung: Sverige. *= Ekologisk råvara",
    "storage": "",
    "allergens": "",
    "usage": "",
    "nutrition": [
      {
        "Näringsvärde": "Energi (kcal)",
        "100 Gram": "310 kcal"
      },
      {
        "Näringsvärde": "Energi (kJ)",
        "100 Gram": "1300 kJ"
      },
      {
        "Näringsvärde": "Fett",
        "100 Gram": "26 g"
      },
      {
        "Näringsvärde": "Varav mättat fett",
        "100 Gram": "8 g"
      },
      {
        "Näringsvärde": "Kolhydrat",
        "100 Gram": "10 g"
      },
      {
        "Näringsvärde": "Varav sockerarter",
        "100 Gram": "3.4 g"
      },
      {
        "Näringsvärde": "Protein",
        "100 Gram": "9 g"
      },
      {
        "Näringsvärde": "Salt",
        "100 Gram": "2 g"
      },
      {
        "Näringsvärde": "Järn",
        "100 Gram": "6 mg",
        "% av DRI(*)": "43"
      }
    ],
    "nutritionUnitText": "Näringsvärde per 100 gram",
    "categories": {
      "mainCategory": "Kött, Chark & Fågel",
      "subCategories": [
        {
          "name": "Pålägg",
          "subSubCategories": [
            "Pastej & paté",
            "Pastej"
          ]
        }
      ]
    }
  },
  {
    "name": "Rostbiff Grillad 80g Jakobsdals",
    "weightText": "0.08 kg",
    "caPart": "",
    "weightValue": 0.08,
    "weightUnit": "kg",
    "comparePrice": "399,38 kr/kg",
    "currentPrice": 31.95,
    "attributes": [
      "Kött från Sverige"
    ],
    "imgUrl": "https://handlaprivatkund.ica.se/images-v3/bf7a00ca-390e-4769-865f-dc369586872e/60089dbd-f028-4fbd-aee4-4195d6d7a48a/500x500.jpg",
    "productInformation": "Mor Matildas Grillade Rostbiff är gjord av speciellt utvalt och finputsat svenskt nötkött. Den är kryddad runt om med vår egna utvalda kryddblandning som ger lite extra pepparton. Vi grillar köttet varsamt för att få den rätta rödrosa färgen.",
    "countryText": "",
    "companyText": "Jakobsdals",
    "ingrediensText": "Nötkött, salt, kryddor, druvsocker (majs), stabiliseringsmedel E451, glukossirap, arom, antioxidationsmedel E301, E325, kryddextrakt, kryddor (paprika, vitlök). Ursprung: Sverige",
    "storage": "Lägsta förvaringstemperatur 0°C Högsta förvaringstemperatur 8°C",
    "allergens": "",
    "usage": "",
    "nutrition": [
      {
        "Näringsvärde": "Energi (kcal)",
        "Gram": "110 kcal"
      },
      {
        "Näringsvärde": "Energi (kJ)",
        "Gram": "460 kJ"
      },
      {
        "Näringsvärde": "Fett",
        "Gram": "1.6 g"
      },
      {
        "Näringsvärde": "Varav mättat fett",
        "Gram": "0.7 g"
      },
      {
        "Näringsvärde": "Kolhydrat",
        "Gram": "1.9 g"
      },
      {
        "Näringsvärde": "Varav sockerarter",
        "Gram": "1 g"
      },
      {
        "Näringsvärde": "Protein",
        "Gram": "21 g"
      },
      {
        "Näringsvärde": "Salt",
        "Gram": "2.2 g"
      }
    ],
    "nutritionUnitText": "",
    "categories": {
      "mainCategory": "Kött, Chark & Fågel",
      "subCategories": [
        {
          "name": "Pålägg",
          "subSubCategories": [
            "Rostbiff & pastrami"
          ]
        }
      ]
    }
  },
  {
    "name": "Salami Napoli 80g Zeta",
    "weightText": "0.08 kg",
    "caPart": "",
    "weightValue": 0.08,
    "weightUnit": "kg",
    "comparePrice": "424,38 kr/kg",
    "currentPrice": 33.95,
    "attributes": [],
    "imgUrl": "https://handlaprivatkund.ica.se/images-v3/bf7a00ca-390e-4769-865f-dc369586872e/04c239a5-d1fb-4e3f-8ed6-87687b94749a/500x500.jpg",
    "productInformation": "Zeta Salame Napoli är en lufttorkad traditionell salami med angenäm sälta och lång eftersmak. Grovt malen med hela pepparkorn. God på antipastitallriken.",
    "countryText": "",
    "companyText": "Zeta",
    "ingrediensText": "Ingredienser: Fläskkött*, salt, dextros, sackaros, kryddor, naturliga aromer, rökarom, antioxidationsmedel E301, konserveringsmedel E252 och E250. Till 100 g färdig produkt har 137 g kött använts. *Uppfött och slaktat i Italien. KÖTTHALT 94 %.",
    "storage": "Lägsta förvaringstemperatur 0°C Högsta förvaringstemperatur 8°C",
    "allergens": "",
    "usage": "",
    "nutrition": [
      {
        "Näringsvärde": "Energi (kcal)",
        "100 Gram": "334 kcal"
      },
      {
        "Näringsvärde": "Energi (kJ)",
        "100 Gram": "1387 kJ"
      },
      {
        "Näringsvärde": "Fett",
        "100 Gram": "27 g"
      },
      {
        "Näringsvärde": "Varav mättat fett",
        "100 Gram": "10 g"
      },
      {
        "Näringsvärde": "Kolhydrat",
        "100 Gram": "0.5 g"
      },
      {
        "Näringsvärde": "Varav sockerarter",
        "100 Gram": "0.5 g"
      },
      {
        "Näringsvärde": "Protein",
        "100 Gram": "22 g"
      },
      {
        "Näringsvärde": "Salt",
        "100 Gram": "4.3 g"
      }
    ],
    "nutritionUnitText": "",
    "categories": {
      "mainCategory": "Kött, Chark & Fågel",
      "subCategories": [
        {
          "name": "Delikatesschark",
          "subSubCategories": [
            "Salami delikatess"
          ]
        }
      ]
    }
  },

  {
    "name": "Glass Cookie dough peaces 160ml Ben & Jerrys",
    "weightText": "0.16 l",
    "caPart": "",
    "weightValue": 0.16,
    "weightUnit": "l",
    "comparePrice": "368,44 kr/l",
    "currentPrice": 58.95,
    "attributes": [
      "Rättvisemärkt"
    ],
    "imgUrl": "https://handlaprivatkund.ica.se/images-v3/bf7a00ca-390e-4769-865f-dc369586872e/4b81b132-ecb4-442b-8091-bb05ddf19284/500x500.jpg",
    "productInformation": "Ben & Jerry's Cookie Dough \"Peaces\" är små \"peaces\" av vaniljglass med en mjuk kärna av kakdeg, chokladöverdrag och chokladsmulor. Ta en påse med små bitar av kakdegskärlek när du vill belöna dig alldeles extra, eller tillsammans med någon annan. Ge din glassked en ledig kväll! Dessa ljuvliga munsbitar är perfekta snacks för att tillfredsställa glassbegäret sent på kvällen eller för att stilla eftermiddagens sötsug. Inga rena skålar? Inga problem. Har du bara en minut på dig att få din glassdos? Ice Cream Cookie Dough \"Peaces\" är som gjorda för detta ögonblick. Vi har länge vetat att kakdeg och glass är en mix gjord av dessertgudarna. Faktum är att vi kombinerade kakdeg och glass första gången redan 1984, i vår allra första glassbar. Ett anonymt fan föreslog att vi skulle blanda massor av chocolate chip cookie dough i vår vaniljglass, och vi bestämde oss för att ge det en chans. Vad blev resultatet? Ren dessertperfektion. Sedan dess har vi experimenterat med nya sätt att glädja kakdegsälskare. Ta för dig av vår senaste innovation inom kakdeg och njut. Ben & Jerry's Ice Cream Cookie Dough \"Peaces\" är gjord på Fairtrade-certifierat socker, kakao och vanilj, så att du kan känna dig nöjd med varje tugga av detta glassnack. Alltsammans började på en renoverad bensinmack i Burlington i Vermont, USA, 1978. Två grabbar och ett företag som tillverkade glass. Det var början på ett äventyr som är lika mytomspunnet som vår glass är god. En glass som nu är berömd på avlägsna platser, och med svåruttalade namn världen över.",
    "countryText": "",
    "companyText": "Ben & Jerrys",
    "ingrediensText": "Ingredienser: SKUMMJÖLK,socker, vegetabiliska oljor (soja, solros), GRÄDDE (10%), kokosfett, VETEMJÖL, glukossirap, SKUMMJÖLKSPULVER, fettreducerat kakaopulver (2%), ÄGGULA,kakaopulver (1%), SMÖR, emulgeringsmedel (lecitiner (innehåller SOJA)), salt, melass, stabiliseringsmedel (guarkärnmjöl, fruktkärnmjöl), karamelliserat socker, ÄGG, naturligvaniljarom. Kan innehålla jordnötter, mandlar, hasselnötter, pistagenötter och valnötter.",
    "storage": "Förvaring vid -18°C eller kallare. Lägsta förvaringstemperatur -25°C Högsta förvaringstemperatur -18°C",
    "allergens": "Innehåller Mjölk Kan innehålla Nötter (eng: tree nuts) Innehåller Ägg Innehåller Sojabönor Innehåller Spannmål som innehåller gluten Kan innehålla Jordnötter",
    "usage": "",
    "nutrition": [
      {
        "Näringsvärde": "Energi (kcal)",
        "100 Gram": "380 kcal"
      },
      {
        "Näringsvärde": "Energi (kJ)",
        "100 Gram": "1589 kJ"
      },
      {
        "Näringsvärde": "Fett",
        "100 Gram": "24 g"
      },
      {
        "Näringsvärde": "Varav mättat fett",
        "100 Gram": "10 g"
      },
      {
        "Näringsvärde": "Kolhydrat",
        "100 Gram": "37 g"
      },
      {
        "Näringsvärde": "Varav sockerarter",
        "100 Gram": "29 g"
      },
      {
        "Näringsvärde": "Protein",
        "100 Gram": "4.1 g"
      },
      {
        "Näringsvärde": "Salt",
        "100 Gram": "0.35 g"
      }
    ],
    "nutritionUnitText": "Näringsvärde per 100 gram",
    "categories": {
      "mainCategory": "Glass, Godis & Snacks",
      "subCategories": [
        {
          "name": "Glass",
          "subSubCategories": [
            "Små Glasspaket"
          ]
        }
      ]
    }
  },
  {
    "name": "Glass Magnum mini Classic, Almond, White chocolate 6-p Magnum",
    "weightText": "",
    "caPart": "",
    "weightValue": 0,
    "weightUnit": "",
    "comparePrice": "6 per frp 8,49 kr/st",
    "currentPrice": 50.95,
    "attributes": [],
    "imgUrl": "https://handlaprivatkund.ica.se/images-v3/bf7a00ca-390e-4769-865f-dc369586872e/32255fec-77f5-4f76-91a6-21cee59d7d7d/500x500.jpg",
    "productInformation": "Magnums klassiska smaker i miniformat. Den perfekta glassen för alla chokladälskare. De sex glasspinnarna i multipack har följande smaker: Classic, Almond och White Chocolate. Magnum Classic består av sammetslen vaniljglass och Magnum-choklad. Magnum Almond består av sammetslen vaniljglass med Magnum-choklad och bitar av mandel. Magnum White Chocolate är en kombination av sammetslen vaniljglass och vit choklad. Multipack är det perfekta alternativet för dig som inte kan få nog av Magnum. Njut av glassen själv eller dela en lyxig stund med dina vänner. Magnum erbjuder en unik njutning och tillåtelse att vara lite busig. Vi tror att en dag utan njutning är en bortkastad dag – för glädje och njutning gör livet värt att leva. Det är detaljerna som räknas. Våra experter drivs av passion, precision och kärlek till glass. Vi använder endast noggrant utvalda ingredienser i våra produkter. Vårt nära samarbete med Rainforest Alliance säkerställer att alla våra kakaobönor produceras på ett ansvarsfullt sätt – de har en lång väg framför sig innan de blir Magnum-choklad. Det handlar om kvalitet och hållbarhet hela vägen. Magnum uppmuntrar alla att ta vara på stunden och skämma bort sig själva med lite lyx. Sedan 1989 har livsnjutare över hela världen kunnat njuta av en enastående upplevelse av choklad och glass. Välj bland hela sortimentet med veganska glassar i en mängd olika smaker i kombination. Magnum har något för alla. Vilken glassmak är din favorit? Glöm inte att när du vill ha din glass lika god varje gång, ska glassförpackningen förvaras i -18 °C eller kallare för bästa glassupplevelse. Genom att vara extremt noggrann med varje detalj blir resultatet något unikt. Som Magnum. Upptäck alla våra Magnum-glassar och upptäck en hel värld av njutning.",
    "countryText": "",
    "companyText": "Magnum",
    "ingrediensText": "Vaniljglass med överdrag av vit choklad (33%). Vaniljglass med överdrag av vit choklad (33%). Ingredienser: SKUMMJÖLK, socker, kakaosmör, vatten, SKUMMJÖLKSPULVER, kokosfett, glukossirap, MJÖLKFETT, HELMJÖLKSPULVER, glukos-fruktossirap, vasslepulver (MJÖLK), emulgeringsmedel (E471, lecitiner), stabiliseringsmedel (guarkämmjöl, fruktkämmjöl, taragummi, karragenan), vaniljstångsbitar, naturlig vaniljarom' (MJÖLK), naturlig vaniljarom, färgämne (karotener). Kan innehålla mandlar och pistagenötter. Vaniljglass med överdrag av mjölkchoklad (32%) och mandelbitar (4,5%). Vaniljglass med överdrag av mjölkchoklad (32%) och mandelbitar (4,5%). Ingredienser: SKUMMJÖLK, socker, kakaosmör, vatten, SKUMMJÖLKSPULVER, kokosfett, MANDLAR, glukossirap, MJÖLKFETT, glukos-fruktossirap, kakaomassa', vasslepulver (MJÖLK), emulgeringsmedel (E471, lecitiner), stabiliseringsmedel (guarkämmjöl, fruktkärmjöl, taragummi, karragenan), vaniljstängbitar, naturlig vaniljarom1 (MJÖLK), naturlig vaniljarom, färgämne (karotener). Kan innehålla andra nötter. Glass med vanilj från Madagaskar och överdrag av mjölkchoklad (33%). Ingredienser: SKUMMJÖLK, socker, kakaosmör1, kakaomassa1, vatten, kokosfett, glukossirap, HELMJÖLKSPULVER, glukos-fruktossirap, vasslepulver (MJÖLK), MJÖLKFETT, emulgeringsmedel (E471, SOJALECITIN, E476), vaniljstångsbitar, stabiliseringsmedel (fruktkärnmjöl, guarkärnmjöl, karragenan), naturlig vaniljarom1 (MJÖLK), arom, färgämne (karotener). Kan innehålla mandel. 1Rainforest Alliance-certifierad.",
    "storage": "Förvaring vid -18°C eller kallare.",
    "allergens": "",
    "usage": "",
    "nutrition": [],
    "nutritionUnitText": "",
    "categories": {
      "mainCategory": "Glass, Godis & Snacks",
      "subCategories": [
        {
          "name": "Glass",
          "subSubCategories": [
            "Mixade glasslådor"
          ]
        }
      ]
    }
  },
  {
    "name": "Glass Magnum White chocolate strawberry 4-p Magnum",
    "weightText": "",
    "caPart": "",
    "weightValue": 0,
    "weightUnit": "",
    "comparePrice": "6 per frp 8,49 kr/st",
    "currentPrice": 50.95,
    "attributes": [
      "Rainforest Alliance certifierad"
    ],
    "imgUrl": "https://handlaprivatkund.ica.se/images-v3/bf7a00ca-390e-4769-865f-dc369586872e/5f005276-0cd8-42ae-854e-edf2653fef4f/500x500.jpg",
    "productInformation": "Upplev Magnum White Chocolate & Strawberry glasspinne. Du kommer inte att ångra dig. Lyssna bara på den här beskrivningen och njut av orden. Krämig jordgubbsglass med jordgubbssås och ett överdrag av vit choklad. Vad sägs om det? Det är dags att njuta. Vi tror att en dag utan glädje är en dag som går förlorad, eftersom det är glädje och njutning som gör livet värt att leva. Här i ett flerpack med fyra glasspinnar som gör det enkelt att dela upplevelsen med dina närmaste. Om du vill spara glassen till senare så glöm inte att den ska förvaras vid -18°C eller kallare för bästa upplevelse. När varenda detalj räknas blir resultatet något utöver det vanliga. Därför väljer vi noggrant ut ingredienserna och använder oss av experter för att skapa alla våra produkter med passion och precision. Vårt nära samarbete med Rainforest Alliance säkerställer att vår kakao är ansvarsfullt producerade och Rainforest Alliance-certifierad. De har en lång resa framför sig innan de blir Magnum-choklad. Det handlar om kvalitet och hållbarhet under hela resan. Magnum uppmuntrar alla att ta sig tid och unna sig själva lite lyx. Sedan 1989 har alla som söker en bit lyx världen över kunnat ta del av en extraordinär choklad- och glassupplevelse. Med både klassiska smaker såväl som nya och spännande varianter i kombination med vårt veganska glassutbud, finns det något för alla i vårt sortiment. Vilken glassmak föredrar du?",
    "countryText": "",
    "companyText": "Magnum",
    "ingrediensText": "Ingredienser: SKUMMJÖLK, socker, jordgubbspuré (11%), kakaosmör¹, vatten, SKUMMJÖLKSPULVER, kokosfett, glukossirap, SKUMMJÖLKSPULVER eller koncentrat, MJÖLKFETT, fruktsocker, HELMJÖLKSPULVER, glukos-fruktossirap, emulgeringsmedel (E471, lecitiner), syra (citronsyra), vasslepulver (MJÖLK), stabiliseringsmedel (guarkärnmjöl, fruktkärnmjöl, taragummi, karragenan), rödbetsjuicekoncentrat, aromer (innehåller MJÖLK), fläderbärsjuicekoncentrat, naturlig vaniljarom. Kan innehålla mandlar och pistagenötter. ¹Rainforest Alliance-certifierad.",
    "storage": "Förvaring vid -18°C eller kallare. Lägsta förvaringstemperatur -25°C Högsta förvaringstemperatur -18°C",
    "allergens": "Kan innehålla Nötter (eng: tree nuts) Innehåller Mjölk",
    "usage": "",
    "nutrition": [
      {
        "Näringsvärde": "Energi (kcal)",
        "100 Gram": "288 kcal"
      },
      {
        "Näringsvärde": "Energi (kJ)",
        "100 Gram": "1203 kJ"
      },
      {
        "Näringsvärde": "Fett",
        "100 Gram": "17 g"
      },
      {
        "Näringsvärde": "Varav mättat fett",
        "100 Gram": "11 g"
      },
      {
        "Näringsvärde": "Kolhydrat",
        "100 Gram": "30 g"
      },
      {
        "Näringsvärde": "Varav sockerarter",
        "100 Gram": "26 g"
      },
      {
        "Näringsvärde": "Protein",
        "100 Gram": "3.8 g"
      },
      {
        "Näringsvärde": "Salt",
        "100 Gram": "0.13 g"
      }
    ],
    "nutritionUnitText": "Näringsvärde per 100 gram",
    "categories": {
      "mainCategory": "Glass, Godis & Snacks",
      "subCategories": [
        {
          "name": "Glass",
          "subSubCategories": [
            "Pinnglass"
          ]
        }
      ]
    }
  },
  {
    "name": "Glass Strawberry Cheesecake 465ml Ben & Jerrys",
    "weightText": "0.465 l",
    "caPart": "",
    "weightValue": 0.465,
    "weightUnit": "l",
    "comparePrice": "141,83 kr/l",
    "currentPrice": 65.95,
    "attributes": [
      "Rättvisemärkt"
    ],
    "imgUrl": "https://handlaprivatkund.ica.se/images-v3/bf7a00ca-390e-4769-865f-dc369586872e/e3f4ce1c-0152-497b-b827-c0ee0f27896d/500x500.jpg",
    "productInformation": "Gräddglass med jordgubbscheesecake, jordgubbsbitar och virvlar med grahamskex. Om du kommer på en mer perfekt jordgubbssmak så säg till. Vi tycker den här är svår att överträffa. För dig som älskar jordgubbscheesecake och alltid har längtat efter glass som smakar som din favorit, har vi skapat en glass sprängfylld med jordgubbscheesecakens alla härligheter och en fantastisk virvel av grahamskex. Allt du älskar med cheesecake och allt du älskar med Ben & Jerry's glass i ett och samma paket. Strawberry Cheesecake hamnar alltid på vår tio-i-topp-lista varje år. Kan det vara virveln av grahamskex? Krispigheten är verkligen ett perfekt komplement till den krämiga glassen. Eller är det jordgubbarna? De härliga jordgubbarna blir på något sätt ännu godare mitt i glassen. Säkert har alla sitt svar. Och det fina är att alla har rätt. Så leta fram en sked och njut av en efterrätt fylld av smaskiga bitar och virvlar\" så det låter mer som Ben & Jerry's. Glassen ligger i en förpackning som är framtagen på ett ansvarsfullt sätt. Precis som alla våra förpackningar. Historien om Ben & Jerry's började på en renoverad bensinmack i Burlington i Vermont, USA, 1978. Två grabbar och ett företag som tillverkade glass. Det var starten på ett äventyr som är lika mytomspunnet som vår glass är god. En glass som nu är berömd på avlägsna platser, och med svåruttalade namn världen över. Men nu får det vara nog med ord. Låt glassen tala.Ben & Jerry’s glass framställs av Fairtrade-certifierat socker, kakao och vanilj.",
    "countryText": "",
    "companyText": "Ben & Jerrys",
    "ingrediensText": "Ingredienser: GRÄDDE (24%), socker, vatten, kondenserad SKUMMJÖLK, jordgubbspuré (6%), jordgubbar (4%), vegetabiliska oljor (sojaolja, raps), mjöl (VETE, FULLKORNSVETE), ÄGGULA, majsstärkelse, FÄRSKOST (0,9%), MJÖLKFETT, stabiliseringsmedel (pektin, guarkärnmjöl, fruktkärnmjöl, karragenan), citronjuicekoncentrat, salt, emulgeringsmedel (SOJALECITIN), arom, honung, bakpulver (natriumbikarbonat), fläderbärsjuicekoncentrat, surhetsreglerande medel (mjölksyra). > Socker och honung handlade utifrån principerna för massbalans. Totalt 48% exklusive vatten och mejeriF. Finfo.fairtrade.net/sourcing",
    "storage": "Förvaras vid -18°C Lägsta förvaringstemperatur -25°C Högsta förvaringstemperatur -18°C",
    "allergens": "Innehåller Mjölk Innehåller Sojabönor Innehåller Spannmål som innehåller gluten Innehåller Ägg",
    "usage": "",
    "nutrition": [
      {
        "Näringsvärde": "Energi (kcal)",
        "100 Gram": "243 kcal"
      },
      {
        "Näringsvärde": "Energi (kJ)",
        "100 Gram": "1021 kJ"
      },
      {
        "Näringsvärde": "Fett",
        "100 Gram": "14 g"
      },
      {
        "Näringsvärde": "Varav mättat fett",
        "100 Gram": "7.4 g"
      },
      {
        "Näringsvärde": "Kolhydrat",
        "100 Gram": "27 g"
      },
      {
        "Näringsvärde": "Varav sockerarter",
        "100 Gram": "24 g"
      },
      {
        "Näringsvärde": "Protein",
        "100 Gram": "3.3 g"
      },
      {
        "Näringsvärde": "Salt",
        "100 Gram": "0.28 g"
      }
    ],
    "nutritionUnitText": "Näringsvärde per 100 gram",
    "categories": {
      "mainCategory": "Glass, Godis & Snacks",
      "subCategories": [
        {
          "name": "Glass",
          "subSubCategories": [
            "Små Glasspaket"
          ]
        }
      ]
    }
  },
  {
    "name": "Glass Gammeldags vanilj 500ml GB Gräddglass",
    "weightText": "0.5 l",
    "caPart": "",
    "weightValue": 0.5,
    "weightUnit": "l",
    "comparePrice": "39,90 kr/l",
    "currentPrice": 19.95,
    "attributes": [],
    "imgUrl": "https://handlaprivatkund.ica.se/images-v3/bf7a00ca-390e-4769-865f-dc369586872e/569d0219-3a00-4c96-bb1b-97987fa007b4/500x500.jpg",
    "productInformation": "Gräddglass Gammaldags Vanilj från GB Glace är en ljuvligt krämig gräddglass gjord på hållbart producerad grädde från svenska gårdar. Den färska grädden blandas med äggula, vanilj och socker. Precis som förr i tiden. Enda skillnaden är att den numera görs i vår glassfabrik i Flen, i hjärtat av Sörmland. Den goda gräddglassen förpackas i en pappersförpackning som dessutom är växtbaserad. Och när du har provat vanilj finns det fler smaker att välja mellan. Hos oss finns en smak för varje tillfälle för att du och dina vänner ska kunna njuta av glass tillsammans. Flera gånger. Året om. Förvara glassen vid -18°C eller kallare. GB Glace – Glassglädje och Gemenskap sedan 1942. Våra grundare hade visionen att sprida glädje genom härlig och välsmakande glass vars magi för oss samman och smälter bort hindren mellan människor. Vi vill göra folk glada. Varje dag. Vårt mål är att erbjuda god glass av bra kvalitet till dig samtidigt som vi vill att våra produkter ska överträffa dina förväntningar varje gång. Glassfabriken och vårt hjärta finns i Flen och där producerar vi varje år både omtyckta klassiker såväl som nyheter med omsorgsfullt utvalda ingredienser och omtanke om miljön. Vi vill se till att det finns en glass för alla och hoppas att du kan hitta mer än en favorit bland de glassar som vi erbjuder!",
    "countryText": "",
    "companyText": "GB Gräddglass",
    "ingrediensText": "Ingredienser: SKUMMJÖLK, GRÄDDE (29%), koncentrerad SKUMMJÖLK, socker, MJÖLKFETT, ÄGGULA (1,5%), vaniljstångbitar, arom.",
    "storage": "Lägsta förvaringstemperatur -25°C Högsta förvaringstemperatur -18°C",
    "allergens": "Innehåller Ägg Innehåller Mjölk",
    "usage": "",
    "nutrition": [
      {
        "Näringsvärde": "Energi (kcal)",
        "100 Milliliter": "117 kcal",
        "% av DRI(*)": "6"
      },
      {
        "Näringsvärde": "Energi (kJ)",
        "100 Milliliter": "488 kJ",
        "% av DRI(*)": "6"
      },
      {
        "Näringsvärde": "Fett",
        "100 Milliliter": "8 g",
        "% av DRI(*)": "11"
      },
      {
        "Näringsvärde": "Varav mättat fett",
        "100 Milliliter": "5.3 g",
        "% av DRI(*)": "27"
      },
      {
        "Näringsvärde": "Kolhydrat",
        "100 Milliliter": "9.1 g",
        "% av DRI(*)": "4"
      },
      {
        "Näringsvärde": "Varav sockerarter",
        "100 Milliliter": "9.1 g",
        "% av DRI(*)": "10"
      },
      {
        "Näringsvärde": "Protein",
        "100 Milliliter": "2 g",
        "% av DRI(*)": "4"
      },
      {
        "Näringsvärde": "Salt",
        "100 Milliliter": "0.07 g",
        "% av DRI(*)": "1"
      }
    ],
    "nutritionUnitText": "Näringsvärde per 100 milliliter",
    "categories": {
      "mainCategory": "Glass, Godis & Snacks",
      "subCategories": [
        {
          "name": "Glass",
          "subSubCategories": [
            "Små Glasspaket"
          ]
        }
      ]
    }
  },
  {
    "name": "Glass Chocolate & Vanilla Half Baked 465ml Ben & Jerrys",
    "weightText": "0.465 l",
    "caPart": "",
    "weightValue": 0.465,
    "weightUnit": "l",
    "comparePrice": "141,83 kr/l",
    "currentPrice": 65.95,
    "attributes": [
      "Rättvisemärkt"
    ],
    "imgUrl": "https://handlaprivatkund.ica.se/images-v3/bf7a00ca-390e-4769-865f-dc369586872e/e12c4d07-816f-40f8-8112-f2459ea2f651/500x500.jpg",
    "productInformation": "Ben & Jerry's Half Baked är choklad- och vaniljgräddglass med browniebitar och kakdegsbitar med chokladbitar. Detta är en av de klassiska Ben & Jerry's smakerna så om du inte har provat den, är det dags nu! När du väl provat, är chansen stor att den blir en av dina favoriter. Alla Ben & Jerry's smaker är 100% Fairtrade-certifierad.",
    "countryText": "",
    "companyText": "Ben & Jerrys",
    "ingrediensText": "Ingredienser: GRÄDDE (25%), vatten, socker, kondenserad SKUMMJÖLK, mjöl (VETE, mältat KORN), kakaopulver (2%), farinsocker, ÄGGULA, SMÖR, sojaolja, fettreducerat kakaopulver, ÄGG, kakaomassa, melass, torkad ÄGGVITA, vaniljextrakt, stabiliseringsmedel (guarkärnmjöl, karragenan), salt, kakaosmör, naturlig arom (innehåller MJÖLK), naturlig vaniljarom, emulgeringsmedel (SOJALECITIN), bakpulver (natriumbikarbonat). > Socker, kakao, vanilj handlade utifrån principerna för massbalans. Totalt 73% exklusive vatten och mejeriF. Finfo.fairtrade.net/sourcing",
    "storage": "Förvaring vid -18°C eller kallare. Lägsta förvaringstemperatur -25°C Högsta förvaringstemperatur -18°C",
    "allergens": "Innehåller Mjölk Innehåller Spannmål som innehåller gluten Innehåller Sojabönor Innehåller Ägg",
    "usage": "",
    "nutrition": [
      {
        "Näringsvärde": "Energi (kcal)",
        "100 Gram": "265 kcal"
      },
      {
        "Näringsvärde": "Energi (kJ)",
        "100 Gram": "1111 kJ"
      },
      {
        "Näringsvärde": "Fett",
        "100 Gram": "13 g"
      },
      {
        "Näringsvärde": "Varav mättat fett",
        "100 Gram": "8.1 g"
      },
      {
        "Näringsvärde": "Kolhydrat",
        "100 Gram": "32 g"
      },
      {
        "Näringsvärde": "Varav sockerarter",
        "100 Gram": "27 g"
      },
      {
        "Näringsvärde": "Fiber",
        "100 Gram": "1.3 g"
      },
      {
        "Näringsvärde": "Protein",
        "100 Gram": "4.2 g"
      },
      {
        "Näringsvärde": "Salt",
        "100 Gram": "0.21 g"
      }
    ],
    "nutritionUnitText": "Näringsvärde per 100 gram",
    "categories": {
      "mainCategory": "Glass, Godis & Snacks",
      "subCategories": [
        {
          "name": "Glass",
          "subSubCategories": [
            "Små Glasspaket"
          ]
        }
      ]
    }
  },
  {
    "name": "Glass Bonbon Salted caramel & almond 204 Milliliter Magnum",
    "weightText": "0.204 l",
    "caPart": "",
    "weightValue": 0.204,
    "weightUnit": "l",
    "comparePrice": "264,46 kr/l",
    "currentPrice": 53.95,
    "attributes": [],
    "imgUrl": "https://handlaprivatkund.ica.se/images-v3/bf7a00ca-390e-4769-865f-dc369586872e/3ec77feb-9f72-4e8f-9ec9-7b40e79d6326/500x500.jpg",
    "productInformation": "Vi presenterar nya Magnum Bonbon Salted Caramel & Almond i ett flerpack med 12 bitar med ett skal av rostad mjölkchoklad som omsluter tjock, krämig Magnum vaniljglass och band av kladdig salt kolasås. Den perfekta glassen i bitar för små stunder av oöverträffad njutning, oavsett om du bara vill ha en eller hela burken! Öppna burken med Magnum bonbon och låt njutningen ta över. Bit i det spröda skalet av mjölkchoklad med rostade mandelbitar. Njut av den krämiga vaniljglassen med band av seg, salt kolasås. När varje detalj räknas blir resultatet extraordinärt. Därför väljer vi noggrant ut alla våra ingredienser och använder experter för att skapa våra produkter med både passion och precision. Om du vill spara glassen till senare tillfälle ska den förvaras i -18 °C eller kallare. Vårt nära samarbete med Rainforest Alliance säkerställer att vår kakao är ansvarsfullt producerad och Rainforest Alliance-certifierad. Och kakaon har en lång resa framför sig innan den blir Magnum-choklad, eftersom vi är måna om kvalitet och hållbarhet under hela resan. Magnum uppmuntrar alla att ta sig tid att unna sig lite lyx. Sedan 1989 har de som söker en touch av lyx runt om i världen kunnat njuta av våra extraordinära choklad- och glassupplevelser. Från klassisk vaniljglass, samt nya och spännande smaker i kombination med vårt veganska glassortiment, finns det något för alla i vårt sortiment. Vilken Magnum är rätt för dig?",
    "countryText": "",
    "companyText": "Magnum",
    "ingrediensText": "Ingredienser: Socker, SKUMMJÖLK, GRÄDDE (9,5%), glukos-fruktossirap, kakaosmör¹, koncentrerad SKUMMJÖLK, SKUMMJÖLKSPULVER, glukossirap, MJÖLKFETT, MANDLAR, kakaomassa¹, kokosfett, karamelliserat socker, emulgeringsmedel (E471, lecitiner), havssalt, stabiliseringsmedel (E407, E412, E410, E417), naturlig vaniljarom¹, naturlig vaniljarom. Kan innehålla vete, ägg, soja, hasselnötter och valnötter. ¹Rainforest Alliance-certifierad.",
    "storage": "",
    "allergens": "Innehåller Mjölk Kan innehålla Ägg Kan innehålla Sojabönor Kan innehålla Spannmål som innehåller gluten Innehåller Nötter (eng: tree nuts)",
    "usage": "",
    "nutrition": [
      {
        "Näringsvärde": "Energi (kcal)",
        "100 Gram": "360 kcal"
      },
      {
        "Näringsvärde": "Energi (kJ)",
        "100 Gram": "1505 kJ"
      },
      {
        "Näringsvärde": "Fett",
        "100 Gram": "21 g"
      },
      {
        "Näringsvärde": "Varav mättat fett",
        "100 Gram": "12 g"
      },
      {
        "Näringsvärde": "Kolhydrat",
        "100 Gram": "38 g"
      },
      {
        "Näringsvärde": "Varav sockerarter",
        "100 Gram": "32 g"
      },
      {
        "Näringsvärde": "Protein",
        "100 Gram": "4.9 g"
      },
      {
        "Näringsvärde": "Salt",
        "100 Gram": "0.35 g"
      }
    ],
    "nutritionUnitText": "Näringsvärde per 100 gram",
    "categories": {
      "mainCategory": "Glass, Godis & Snacks",
      "subCategories": [
        {
          "name": "Glass",
          "subSubCategories": [
            "Små Glasspaket"
          ]
        }
      ]
    }
  },
  {
    "name": "Glass Bonbon Gold billionaire 204 Milliliter Magnum",
    "weightText": "0.204 l",
    "caPart": "",
    "weightValue": 0.204,
    "weightUnit": "l",
    "comparePrice": "264,46 kr/l",
    "currentPrice": 53.95,
    "attributes": [],
    "imgUrl": "https://handlaprivatkund.ica.se/images-v3/bf7a00ca-390e-4769-865f-dc369586872e/a139e0c5-ae8a-4db5-9555-b3d03a16494b/500x500.jpg",
    "productInformation": "Vi presenterar nya Magnum Bonbon Gold Caramel Billionaire i ett flerpack med 12 bitar med ett skal av karamelliserad Magnum Gold-choklad, delikat toppat med krispiga ljusa kakbitar, som omsluter sammetslen Magnum glass och mjuka strängar av en salt kolasås för full njutning. Den perfekta glassen i bitar för små stunder av oöverträffad njutning, oavsett om du bara vill ha en eller hela burken! Öppna burken med Magnum bonbon och låt njutningen ta över. Bit i det spröda skalet av karamelliserad choklad. Låt de krispiga kakbitarna förhöja upplevelsen. Och njut av den krämiga glassen och strängarna av salt kolasås. När varje detalj räknas blir resultatet extraordinärt. Därför väljer vi noggrant ut alla våra ingredienser och använder experter för att skapa våra produkter med både passion och precision. Om du vill spara glassen till senare tillfälle ska den förvaras i -18 °C eller kallare. Vårt nära samarbete med Rainforest Alliance säkerställer att vår kakao är ansvarsfullt producerad och Rainforest Alliance-certifierad. Och kakaon har en lång resa framför sig innan den blir Magnum-choklad, eftersom vi är måna om kvalitet och hållbarhet under hela resan. Magnum uppmuntrar alla att ta sig tid att unna sig lite lyx. Sedan 1989 har de som söker en touch av lyx runt om i världen kunnat njuta av våra extraordinära choklad- och glassupplevelser. Från klassisk vaniljglass, samt nya och spännande smaker i kombination med vårt veganska glassortiment, finns det något för alla i vårt sortiment. Vilken Magnum är rätt för dig?",
    "countryText": "",
    "companyText": "Magnum",
    "ingrediensText": "Ingredienser: Socker, SKUMMJÖLK, GRÄDDE (9,5%), glukos-fruktossirap, SKUMMJÖLKSPULVER, kakaosmör¹, koncentrerad SKUMMJÖLK, MJÖLKFETT, glukossirap, kokosfett, karamelliserat socker, vasslepulver (MJÖLK), majsstärkelse, rismjöl, salt, solrosolja, kakaomassa¹, naturlig vaniljarom¹, arom (innehåller SMÖR), stabiliseringsmedel (E407, E412, E410, E417), emulgeringsmedel (E471, E476, lecitiner), bakpulver (E500), naturlig vaniljarom. Kan innehålla vete, ägg, soja, mandlar, hasselnötter och valnötter. ¹Rainforest Alliance-certifierad.",
    "storage": "",
    "allergens": "Innehåller Mjölk Kan innehålla Nötter (eng: tree nuts) Kan innehålla Sojabönor Kan innehålla Ägg Kan innehålla Spannmål som innehåller gluten",
    "usage": "",
    "nutrition": [
      {
        "Näringsvärde": "Energi (kcal)",
        "100 Gram": "356 kcal"
      },
      {
        "Näringsvärde": "Energi (kJ)",
        "100 Gram": "1489 kJ"
      },
      {
        "Näringsvärde": "Fett",
        "100 Gram": "20 g"
      },
      {
        "Näringsvärde": "Varav mättat fett",
        "100 Gram": "12 g"
      },
      {
        "Näringsvärde": "Kolhydrat",
        "100 Gram": "39 g"
      },
      {
        "Näringsvärde": "Varav sockerarter",
        "100 Gram": "33 g"
      },
      {
        "Näringsvärde": "Fiber",
        "100 Gram": "0.5 g"
      },
      {
        "Näringsvärde": "Protein",
        "100 Gram": "5.2 g"
      },
      {
        "Näringsvärde": "Salt",
        "100 Gram": "0.45 g"
      }
    ],
    "nutritionUnitText": "Näringsvärde per 100 gram",
    "categories": {
      "mainCategory": "Glass, Godis & Snacks",
      "subCategories": [
        {
          "name": "Glass",
          "subSubCategories": [
            "Små Glasspaket"
          ]
        }
      ]
    }
  },
  {
    "name": "Halstablett Honey Fresh & natural menthol 72g Vicks",
    "weightText": "0.072 kg",
    "caPart": "",
    "weightValue": 0.072,
    "weightUnit": "kg",
    "comparePrice": "298,61 kr/kg",
    "currentPrice": 21.5,
    "attributes": [],
    "imgUrl": "https://handlaprivatkund.ica.se/images-v3/bf7a00ca-390e-4769-865f-dc369586872e/c8f5e524-2b7f-4099-bcb9-198f50bf5387/500x500.jpg",
    "productInformation": "Vicks Honey Fresh är en halstablett med uppskattad smak av honung och mentol. Produkten har en lindrande och lenande funktion vid förkylning men kan användas vid alla tillfällen. Vicks Honey Fresh känns uppfräschande för både hals och andedräkt.",
    "countryText": "",
    "companyText": "Vicks",
    "ingrediensText": "socker, glukossirap, honung (8 %), mentol (0,13 %), eukalyptussolja (0,05 %), skumdämpningsmedel: E471.",
    "storage": "Förvaras torrt, ej över normal rumstemperatur. Skyddas mot direkt solljus",
    "allergens": "",
    "usage": "För uppfriskande och fräsch känsla i munnen",
    "nutrition": [
      {
        "Näringsvärde": "Energi (kcal)",
        "100 Gram": "392 kcal"
      },
      {
        "Näringsvärde": "Energi (kJ)",
        "100 Gram": "1666 kJ"
      },
      {
        "Näringsvärde": "Fett",
        "100 Gram": "0 g"
      },
      {
        "Näringsvärde": "Varav mättat fett",
        "100 Gram": "0 g"
      },
      {
        "Näringsvärde": "Kolhydrat",
        "100 Gram": "98 g"
      },
      {
        "Näringsvärde": "Varav sockerarter",
        "100 Gram": "74 g"
      },
      {
        "Näringsvärde": "Protein",
        "100 Gram": "0.5 g"
      },
      {
        "Näringsvärde": "Salt",
        "100 Gram": "0.01 g"
      }
    ],
    "nutritionUnitText": "Näringsvärde per 100 gram",
    "categories": {
      "mainCategory": "Glass, Godis & Snacks",
      "subCategories": [
        {
          "name": "Halstabletter",
          "subSubCategories": [
            "Halstabletter, påse"
          ]
        }
      ]
    }
  },
  {
    "name": "Guldnougat Dubbel 50g Cloetta",
    "weightText": "0.05 kg",
    "caPart": "",
    "weightValue": 0.05,
    "weightUnit": "kg",
    "comparePrice": "250,00 kr/kg",
    "currentPrice": 12.5,
    "attributes": [
      "Rainforest Alliance certifierad"
    ],
    "imgUrl": "https://handlaprivatkund.ica.se/images-v3/bf7a00ca-390e-4769-865f-dc369586872e/4b194ac4-6007-4efe-afff-40cd58869c19/500x500.jpg",
    "productInformation": "Krämig och mjuk hasselnötsnougat. Passar när du är sugen på något sött!",
    "countryText": "",
    "companyText": "Cloetta",
    "ingrediensText": "socker, HASSELNÖTTER (19%), kakaomassa1, vegetabiliska fetter (palm, shea), kakaosmör1, VASSLEPULVER (MJÖLK), emulgeringsmedel (solroslecitin), arom. Kan innehålla MANDEL. 1Rainforest Alliance Certified. Find out more at ra.org.",
    "storage": "Lägsta förvaringstemperatur 16°C Högsta förvaringstemperatur 20°C",
    "allergens": "Kan innehålla spår av Mandel.",
    "usage": "",
    "nutrition": [
      {
        "Näringsvärde": "Energi (kcal)",
        "100 Gram": "550 kcal"
      },
      {
        "Näringsvärde": "Energi (kJ)",
        "100 Gram": "2300 kJ"
      },
      {
        "Näringsvärde": "Fett",
        "100 Gram": "33 g"
      },
      {
        "Näringsvärde": "Varav mättat fett",
        "100 Gram": "13 g"
      },
      {
        "Näringsvärde": "Kolhydrat",
        "100 Gram": "56 g"
      },
      {
        "Näringsvärde": "Varav sockerarter",
        "100 Gram": "55 g"
      },
      {
        "Näringsvärde": "Protein",
        "100 Gram": "6 g"
      },
      {
        "Näringsvärde": "Salt",
        "100 Gram": "0.25 g"
      }
    ],
    "nutritionUnitText": "Näringsvärde per 100 gram",
    "categories": {
      "mainCategory": "Glass, Godis & Snacks",
      "subCategories": [
        {
          "name": "Choklad",
          "subSubCategories": [
            "Chokladstycksaker"
          ]
        }
      ]
    }
  },
  {
    "name": "Sportlunch Dubbel 50g Cloetta",
    "weightText": "0.05 kg",
    "caPart": "",
    "weightValue": 0.05,
    "weightUnit": "kg",
    "comparePrice": "250,00 kr/kg",
    "currentPrice": 12.5,
    "attributes": [
      "Rainforest Alliance certifierad"
    ],
    "imgUrl": "https://handlaprivatkund.ica.se/images-v3/bf7a00ca-390e-4769-865f-dc369586872e/dabb4e6c-a3bb-4acc-94dc-2f260efe39cd/500x500.jpg",
    "productInformation": "Frasigt rån täckt av mjölkchoklad. Enkelt att bryta i bitar och dela med sig! Eller ät hela chokladbiten själv!",
    "countryText": "",
    "companyText": "Cloetta",
    "ingrediensText": "socker, kakaosmör1, HELMJÖLKSPULVER, kakaomassa1, VETEMJÖL, vegetabiliska fetter (palm, shea), VASSLEPULVER (MJÖLK), SKUMMJÖLKSPULVER, fettreducerat kakaopulver1, emulgeringsmedel (SOJALECITIN), salt, kokosolja, aromer (bl.a. vanillin), bakpulver (E500). Mjölkchokladen innehåller minst 27% kakao och andra vegetabiliska fetter än kakaosmör. Kan innehålla HASSELNÖTTER. 1Rainforest Alliance Certified. Find out more at ra.org.",
    "storage": "Förvaras torrt och svalt. Lägsta förvaringstemperatur 16°C Högsta förvaringstemperatur 20°C",
    "allergens": "Kan innehålla spår av Nötter.",
    "usage": "",
    "nutrition": [
      {
        "Näringsvärde": "Energi (kcal)",
        "100 Gram": "532 kcal"
      },
      {
        "Näringsvärde": "Energi (kJ)",
        "100 Gram": "2232 kJ"
      },
      {
        "Näringsvärde": "Fett",
        "100 Gram": "30 g"
      },
      {
        "Näringsvärde": "Varav mättat fett",
        "100 Gram": "18 g"
      },
      {
        "Näringsvärde": "Kolhydrat",
        "100 Gram": "59 g"
      },
      {
        "Näringsvärde": "Varav sockerarter",
        "100 Gram": "53 g"
      },
      {
        "Näringsvärde": "Protein",
        "100 Gram": "6.3 g"
      },
      {
        "Näringsvärde": "Salt",
        "100 Gram": "0.34 g"
      }
    ],
    "nutritionUnitText": "Näringsvärde per 100 gram",
    "categories": {
      "mainCategory": "Glass, Godis & Snacks",
      "subCategories": [
        {
          "name": "Choklad",
          "subSubCategories": [
            "Chokladstycksaker"
          ]
        }
      ]
    }
  },
  {
    "name": "Halstablett Blue Extra Strong sockerfri 72g Vicks",
    "weightText": "0.072 kg",
    "caPart": "",
    "weightValue": 0.072,
    "weightUnit": "kg",
    "comparePrice": "298,61 kr/kg",
    "currentPrice": 21.5,
    "attributes": [],
    "imgUrl": "https://handlaprivatkund.ica.se/images-v3/bf7a00ca-390e-4769-865f-dc369586872e/4411b140-fed3-44e9-88da-a5f25c88ecac/500x500.jpg",
    "productInformation": "Vicks Blue Extra Strong är en sockerfri halstablett med frisk smak av mint. Produkten har en lindrande och lenande funktion vid förkylning men kan användas vid alla tillfällen. Vicks Blue Extra Strong känns uppfräschande för både hals och andedräkt. Innehåller sötningsmedel.",
    "countryText": "",
    "companyText": "Vicks",
    "ingrediensText": "Sötningsmedel (isomalt, xylitol, acesulfam k), naturlig mintsmak (0,2 %), mentol (0,2 %), färgämnen: E131 och E132.",
    "storage": "Förvaras torrt, ej över normal rumstemperatur. Skyddas mot direkt solljus",
    "allergens": "",
    "usage": "För uppfriskande och fräsch känsla i munnen",
    "nutrition": [
      {
        "Näringsvärde": "Energi (kcal)",
        "100 Gram": "236 kcal"
      },
      {
        "Näringsvärde": "Energi (kJ)",
        "100 Gram": "985 kJ"
      },
      {
        "Näringsvärde": "Fett",
        "100 Gram": "0 g"
      },
      {
        "Näringsvärde": "Varav mättat fett",
        "100 Gram": "0 g"
      },
      {
        "Näringsvärde": "Kolhydrat",
        "100 Gram": "99 g"
      },
      {
        "Näringsvärde": "Varav sockerarter",
        "100 Gram": "0 g"
      },
      {
        "Näringsvärde": "Protein",
        "100 Gram": "0 g"
      },
      {
        "Näringsvärde": "Salt",
        "100 Gram": "0 g"
      }
    ],
    "nutritionUnitText": "Näringsvärde per 100 gram",
    "categories": {
      "mainCategory": "Glass, Godis & Snacks",
      "subCategories": [
        {
          "name": "Halstabletter",
          "subSubCategories": [
            "Halstabletter, påse"
          ]
        }
      ]
    }
  },
  {
    "name": "Halstablett Fruity Fresh Lemon & natural menthol sockerfri 72g Vicks",
    "weightText": "0.072 kg",
    "caPart": "",
    "weightValue": 0.072,
    "weightUnit": "kg",
    "comparePrice": "298,61 kr/kg",
    "currentPrice": 21.5,
    "attributes": [],
    "imgUrl": "https://handlaprivatkund.ica.se/images-v3/bf7a00ca-390e-4769-865f-dc369586872e/3eae9283-e93e-471c-85ff-8a1b558b3959/500x500.jpg",
    "productInformation": "Vicks Fruity Fresh Lemon är en sockerfri halstablett med uppskattad smak av citron och mentol. Produkten har en lindrande och lenande funktion vid förkylning men kan användas vid alla tillfällen. Vicks Fruity Fresh känns uppfräschande för både hals och andedräkt. Innehåller sötningsmedel.",
    "countryText": "",
    "companyText": "Vicks",
    "ingrediensText": "Sötningsmedel (isomalt, acesulfam k, sukralos), surhetsreglerande medel: citronsyra, citronjuice från koncentrat (0,6 %), naturlig arom, mentol (0,06 %), färgamne: E160a.",
    "storage": "Förvaras torrt, ej över normal rumstemperatur. Skyddas mot direkt solljus",
    "allergens": "",
    "usage": "För uppfriskande och fräsch känsla i munnen",
    "nutrition": [
      {
        "Näringsvärde": "Energi (kcal)",
        "100 Gram": "238 kcal"
      },
      {
        "Näringsvärde": "Energi (kJ)",
        "100 Gram": "992 kJ"
      },
      {
        "Näringsvärde": "Fett",
        "100 Gram": "0 g"
      },
      {
        "Näringsvärde": "Varav mättat fett",
        "100 Gram": "0 g"
      },
      {
        "Näringsvärde": "Kolhydrat",
        "100 Gram": "97 g"
      },
      {
        "Näringsvärde": "Varav sockerarter",
        "100 Gram": "0.5 g"
      },
      {
        "Näringsvärde": "Protein",
        "100 Gram": "0 g"
      },
      {
        "Näringsvärde": "Salt",
        "100 Gram": "0 g"
      }
    ],
    "nutritionUnitText": "Näringsvärde per 100 gram",
    "categories": {
      "mainCategory": "Glass, Godis & Snacks",
      "subCategories": [
        {
          "name": "Halstabletter",
          "subSubCategories": [
            "Halstabletter, påse"
          ]
        }
      ]
    }
  },
  {
    "name": "Halstablett Double Action Eucalyptus sockerfri 72g Vicks",
    "weightText": "0.072 kg",
    "caPart": "",
    "weightValue": 0.072,
    "weightUnit": "kg",
    "comparePrice": "298,61 kr/kg",
    "currentPrice": 21.5,
    "attributes": [],
    "imgUrl": "https://handlaprivatkund.ica.se/images-v3/bf7a00ca-390e-4769-865f-dc369586872e/30241b86-8e73-42ce-bcae-1dfd42ca6f8f/500x500.jpg",
    "productInformation": "Ger en uppfriskande och fräsch smak i munnen. Uppfräschande för hals och andedräkt. Tydlig känsla av mentol & eukalyptus. Sockerfri",
    "countryText": "",
    "companyText": "Vicks",
    "ingrediensText": "Sötningsmedel (isomalt, xylitol, acesulfam k), mentol (0,3 %), eukalyptusolja (0,15 %).",
    "storage": "Förvaras torrt, ej över normal rumstemperatur. Skyddas mot direkt solljus",
    "allergens": "",
    "usage": "För uppfriskande och fräsch känsla i munnen",
    "nutrition": [
      {
        "Näringsvärde": "Energi (kcal)",
        "100 Gram": "236 kcal"
      },
      {
        "Näringsvärde": "Energi (kJ)",
        "100 Gram": "985 kJ"
      },
      {
        "Näringsvärde": "Fett",
        "100 Gram": "0 g"
      },
      {
        "Näringsvärde": "Varav mättat fett",
        "100 Gram": "0 g"
      },
      {
        "Näringsvärde": "Kolhydrat",
        "100 Gram": "99 g"
      },
      {
        "Näringsvärde": "Varav sockerarter",
        "100 Gram": "0 g"
      },
      {
        "Näringsvärde": "Protein",
        "100 Gram": "0 g"
      },
      {
        "Näringsvärde": "Salt",
        "100 Gram": "0 g"
      }
    ],
    "nutritionUnitText": "Näringsvärde per 100 gram",
    "categories": {
      "mainCategory": "Glass, Godis & Snacks",
      "subCategories": [
        {
          "name": "Halstabletter",
          "subSubCategories": [
            "Halstabletter, påse"
          ]
        }
      ]
    }
  },
  {
    "name": "Plopp Dubbel 50g Cloetta",
    "weightText": "0.05 kg",
    "caPart": "",
    "weightValue": 0.05,
    "weightUnit": "kg",
    "comparePrice": "250,00 kr/kg",
    "currentPrice": 12.5,
    "attributes": [
      "Rainforest Alliance certifierad"
    ],
    "imgUrl": "https://handlaprivatkund.ica.se/images-v3/bf7a00ca-390e-4769-865f-dc369586872e/056903c3-bbf8-402a-8ef3-6f7742b624b4/500x500.jpg",
    "productInformation": "Mjölkchokladbit fylld med toffeé. Kan brytas i delar så du kan dela med dig. Eller njut helt själv när du vill unna dig något sött!",
    "countryText": "",
    "companyText": "Cloetta",
    "ingrediensText": "socker, glukossirap, kakaosmör1, HELMJÖLKSPULVER, vegetabiliska fetter (palm, shea), kakaomassa1, SKUMMJÖLKSPULVER, VASSLEPULVER (MJÖLK), salt, emulgeringsmedel (SOJALECITIN), aromer (bl.a. vanillin). Kan innehålla HASSELNÖTTER. Mjölkchokladen innehåller förutom kakaosmör även annat vegetabiliskt fett. 1Rainforest Alliance Certified. Find out more at ra.org.",
    "storage": "Förvaras torrt och svalt. Lägsta förvaringstemperatur 16°C Högsta förvaringstemperatur 20°C",
    "allergens": "Kan innehålla spår av Nötter.",
    "usage": "",
    "nutrition": [
      {
        "Näringsvärde": "Energi (kcal)",
        "100 Gram": "475 kcal"
      },
      {
        "Näringsvärde": "Energi (kJ)",
        "100 Gram": "1998 kJ"
      },
      {
        "Näringsvärde": "Fett",
        "100 Gram": "23 g"
      },
      {
        "Näringsvärde": "Varav mättat fett",
        "100 Gram": "14 g"
      },
      {
        "Näringsvärde": "Kolhydrat",
        "100 Gram": "63 g"
      },
      {
        "Näringsvärde": "Varav sockerarter",
        "100 Gram": "49 g"
      },
      {
        "Näringsvärde": "Protein",
        "100 Gram": "4.1 g"
      },
      {
        "Näringsvärde": "Salt",
        "100 Gram": "0.41 g"
      }
    ],
    "nutritionUnitText": "Näringsvärde per 100 gram",
    "categories": {
      "mainCategory": "Glass, Godis & Snacks",
      "subCategories": [
        {
          "name": "Choklad",
          "subSubCategories": [
            "Chokladstycksaker"
          ]
        }
      ]
    }
  },
  {
    "name": "Halstablett Ice Tea Peach Sugar Free 72g Vicks",
    "weightText": "0.072 kg",
    "caPart": "",
    "weightValue": 0.072,
    "weightUnit": "kg",
    "comparePrice": "298,61 kr/kg",
    "currentPrice": 21.5,
    "attributes": [],
    "imgUrl": "https://handlaprivatkund.ica.se/images-v3/bf7a00ca-390e-4769-865f-dc369586872e/460a9f73-6cdf-4327-8568-a32e6fe52684/500x500.jpg",
    "productInformation": "Vicks IceTea Peach är en sockerfri halstablett med en mjuk kärna med smak av iste och persika. Produkten har en lindrande och lenande funktion vid förkylning men kan användas vid alla tillfällen. Vicks IceTea Peach känns uppfräschande för både hals och andedräkt. Innehåller sötningsmedel.",
    "countryText": "",
    "companyText": "Vicks",
    "ingrediensText": "Sötningsmedel (isomalt, maltitol, xylitol, acesulfam k, sucralose), surhetsreglerande medel: citronsyra, mate extract (0,5%), persika juice koncentrat (0,5%), naturlig arom, färgämnen: karotener, menthol (0,06%).",
    "storage": "Förvaras torrt, ej över normal rumstemperatur. Skyddas mot direkt solljus",
    "allergens": "",
    "usage": "För uppfriskande och fräsch känsla i munnen",
    "nutrition": [
      {
        "Näringsvärde": "Energi (kcal)",
        "100 Gram": "232 kcal"
      },
      {
        "Näringsvärde": "Energi (kJ)",
        "100 Gram": "968 kJ"
      },
      {
        "Näringsvärde": "Fett",
        "100 Gram": "0 g"
      },
      {
        "Näringsvärde": "Varav mättat fett",
        "100 Gram": "0 g"
      },
      {
        "Näringsvärde": "Kolhydrat",
        "100 Gram": "95 g"
      },
      {
        "Näringsvärde": "Varav sockerarter",
        "100 Gram": "0.5 g"
      },
      {
        "Näringsvärde": "Protein",
        "100 Gram": "0.5 g"
      },
      {
        "Näringsvärde": "Salt",
        "100 Gram": "0.01 g"
      }
    ],
    "nutritionUnitText": "Näringsvärde per 100 gram",
    "categories": {
      "mainCategory": "Glass, Godis & Snacks",
      "subCategories": [
        {
          "name": "Halstabletter",
          "subSubCategories": [
            "Halstabletter, påse"
          ]
        }
      ]
    }
  },
  {
    "name": "Center Dubbel 50g Cloetta",
    "weightText": "0.05 kg",
    "caPart": "",
    "weightValue": 0.05,
    "weightUnit": "kg",
    "comparePrice": "250,00 kr/kg",
    "currentPrice": 12.5,
    "attributes": [
      "Rainforest Alliance certifierad"
    ],
    "imgUrl": "https://handlaprivatkund.ica.se/images-v3/bf7a00ca-390e-4769-865f-dc369586872e/c2e24d3c-d0aa-4652-b243-368153a506e9/500x500.jpg",
    "productInformation": "",
    "countryText": "",
    "companyText": "Cloetta",
    "ingrediensText": "socker, glukossirap, kakaosmör1, HELMJÖLKSPULVER, vegetabiliska fetter (palm, shea), kakaomassa1, SKUMMJÖLKSPULVER, VASSLEPULVER (MJÖLK), salt, emulgeringsmedel (SOJALECITIN), aromer (bl.a. vanillin). Mjölkchokladen innehåller förutom kakaosmör även annat vegetabiliskt fett. Kan innehålla HASSELNÖTTER. 1Rainforest Alliance Certified. Find out more at ra.org.",
    "storage": "Lägsta förvaringstemperatur 16°C Högsta förvaringstemperatur 20°C",
    "allergens": "Kan innehålla spår av Nötter.",
    "usage": "",
    "nutrition": [
      {
        "Näringsvärde": "Energi (kcal)",
        "100 Gram": "481 kcal"
      },
      {
        "Näringsvärde": "Energi (kJ)",
        "100 Gram": "2024 kJ"
      },
      {
        "Näringsvärde": "Fett",
        "100 Gram": "23 g"
      },
      {
        "Näringsvärde": "Varav mättat fett",
        "100 Gram": "15 g"
      },
      {
        "Näringsvärde": "Kolhydrat",
        "100 Gram": "63 g"
      },
      {
        "Näringsvärde": "Varav sockerarter",
        "100 Gram": "48 g"
      },
      {
        "Näringsvärde": "Protein",
        "100 Gram": "4.1 g"
      },
      {
        "Näringsvärde": "Salt",
        "100 Gram": "0.42 g"
      }
    ],
    "nutritionUnitText": "Näringsvärde per 100 gram",
    "categories": {
      "mainCategory": "Glass, Godis & Snacks",
      "subCategories": [
        {
          "name": "Choklad",
          "subSubCategories": [
            "Chokladstycksaker"
          ]
        }
      ]
    }
  },
  {
    "name": "Tarragona Dubbel 50g Cloetta",
    "weightText": "0.05 kg",
    "caPart": "",
    "weightValue": 0.05,
    "weightUnit": "kg",
    "comparePrice": "250,00 kr/kg",
    "currentPrice": 12.5,
    "attributes": [
      "Rainforest Alliance certifierad"
    ],
    "imgUrl": "https://handlaprivatkund.ica.se/images-v3/bf7a00ca-390e-4769-865f-dc369586872e/78d361e8-4bfc-40ed-80b1-1275ca393aa9/500x500.jpg",
    "productInformation": "Chokladen för passionerade nötälskare! Tarragona är mjölkchoklad med hasselnötter och har avnjutits sedan 1928. Detta är en choklad för den moderna livsnjutare och den passionerade nötälskaren. Hasselnötterna i Tarragona rostas enligt konstens alla regler och blir härligt spröda. Nötterna blandas med vår krämiga mjölkchoklad och resultatet blir en choklad för nötälskare.",
    "countryText": "",
    "companyText": "Cloetta",
    "ingrediensText": "socker, kakaosmör1, HELMJÖLKSPULVER, kakaomassa1, HASSELNÖTTER, vegetabiliska fetter (palm, shea), VASSLEPULVER (MJÖLK), emulgeringsmedel (SOJALECITIN), salt, arom (bl.a. vanillin). Mjölkchokladen innehåller minst 27% kakao och andra vegetabiliska fetter än kakaosmör. 1Rainforest Alliance Certified. Find out more at ra.org.",
    "storage": "Lägsta förvaringstemperatur 16°C Högsta förvaringstemperatur 25°C",
    "allergens": "",
    "usage": "",
    "nutrition": [
      {
        "Näringsvärde": "Energi (kcal)",
        "100 Gram": "551 kcal"
      },
      {
        "Näringsvärde": "Energi (kJ)",
        "100 Gram": "2316 kJ"
      },
      {
        "Näringsvärde": "Fett",
        "100 Gram": "34 g"
      },
      {
        "Näringsvärde": "Varav mättat fett",
        "100 Gram": "18 g"
      },
      {
        "Näringsvärde": "Kolhydrat",
        "100 Gram": "54 g"
      },
      {
        "Näringsvärde": "Varav sockerarter",
        "100 Gram": "54 g"
      },
      {
        "Näringsvärde": "Protein",
        "100 Gram": "5.9 g"
      },
      {
        "Näringsvärde": "Salt",
        "100 Gram": "0.29 g"
      }
    ],
    "nutritionUnitText": "Näringsvärde per 100 gram",
    "categories": {
      "mainCategory": "Glass, Godis & Snacks",
      "subCategories": [
        {
          "name": "Choklad",
          "subSubCategories": [
            "Chokladstycksaker"
          ]
        }
      ]
    }
  },
  {
    "name": "Halstablett Triple Action Sockerfri 72g Vicks",
    "weightText": "0.072 kg",
    "caPart": "",
    "weightValue": 0.072,
    "weightUnit": "kg",
    "comparePrice": "298,61 kr/kg",
    "currentPrice": 21.5,
    "attributes": [],
    "imgUrl": "https://handlaprivatkund.ica.se/images-v3/bf7a00ca-390e-4769-865f-dc369586872e/5d68a03b-d8a9-403f-9152-53523209b637/500x500.jpg",
    "productInformation": "Vicks Triple Action är en sockerfri halstablett med frisk smak av mint. Tabletterna är fyllda med svartvinbärsjuice från koncentrat och är berikade med vitamin C och zink. Produkten har en lindrande och lenande funktion vid förkylning men kan användas vid alla tillfällen. Vicks Triple Action känns uppfräschande för både hals och andedräkt. Innehåller sötningsmedel.",
    "countryText": "",
    "companyText": "Vicks",
    "ingrediensText": "Sötningsmedel (isomalt, maltitolsirap, sukralos), svart vinbärssaft från koncentrat (0,3 %), naturlig mintsmak, mentol (0,2 %), L-askorbinsyra (vitamin C), naturlig arom, syra: citronsyra, frukt- och växtkoncentrat (morot, blåbär), zinksulfat.",
    "storage": "Förvaras torrt, ej över normal rumstemperatur. Skyddas mot direkt solljus",
    "allergens": "",
    "usage": "För uppfriskande och fräsch känsla i munnen",
    "nutrition": [
      {
        "Näringsvärde": "Energi (kcal)",
        "100 Gram": "231 kcal"
      },
      {
        "Näringsvärde": "Energi (kJ)",
        "100 Gram": "963 kJ"
      },
      {
        "Näringsvärde": "Fett",
        "100 Gram": "0 g"
      },
      {
        "Näringsvärde": "Varav mättat fett",
        "100 Gram": "0 g"
      },
      {
        "Näringsvärde": "Kolhydrat",
        "100 Gram": "96 g"
      },
      {
        "Näringsvärde": "Varav sockerarter",
        "100 Gram": "0.5 g"
      },
      {
        "Näringsvärde": "Protein",
        "100 Gram": "0 g"
      },
      {
        "Näringsvärde": "Salt",
        "100 Gram": "0.01 g"
      },
      {
        "Näringsvärde": "Vitamin C",
        "100 Gram": "198 mg"
      },
      {
        "Näringsvärde": "Zink",
        "100 Gram": "11.6 mg"
      }
    ],
    "nutritionUnitText": "Näringsvärde per 100 gram",
    "categories": {
      "mainCategory": "Glass, Godis & Snacks",
      "subCategories": [
        {
          "name": "Halstabletter",
          "subSubCategories": [
            "Halstabletter, påse"
          ]
        }
      ]
    }
  },
  {
    "name": "Halstablett Blue Active Strong sockerfri 72g Vicks",
    "weightText": "0.072 kg",
    "caPart": "",
    "weightValue": 0.072,
    "weightUnit": "kg",
    "comparePrice": "298,61 kr/kg",
    "currentPrice": 21.5,
    "attributes": [],
    "imgUrl": "https://handlaprivatkund.ica.se/images-v3/bf7a00ca-390e-4769-865f-dc369586872e/b6faf332-2f2a-40ef-baf3-b78054f2b25b/500x500.jpg",
    "productInformation": "Information från leverantör \n Vicks Blue Active Super Strong är en sockerfri halstablett med en frisk smak av mint. Produkten har en lindrande och lenande funktion vid förkylning men kan användas vid alla tillfällen. Vicks Blue Active Super Strong känns uppfräschande för både hals och andedräkt. Innehåller sötningsmedel.",
    "countryText": "",
    "companyText": "Vicks",
    "ingrediensText": "Sötningsmedel (isomalt, xylitol, acesulfam k), aromer, mentol (0,45 %), färgämne: E132.",
    "storage": "Förvaras torrt, ej över normal rumstemperatur. Skyddas mot direkt solljus",
    "allergens": "",
    "usage": "För uppfriskande och fräsch känsla i munnen",
    "nutrition": [
      {
        "Näringsvärde": "Energi (kcal)",
        "100 Gram": "231 kcal"
      },
      {
        "Näringsvärde": "Energi (kJ)",
        "100 Gram": "970 kJ"
      },
      {
        "Näringsvärde": "Fett",
        "100 Gram": "0 g"
      },
      {
        "Näringsvärde": "Varav mättat fett",
        "100 Gram": "0 g"
      },
      {
        "Näringsvärde": "Kolhydrat",
        "100 Gram": "96 g"
      },
      {
        "Näringsvärde": "Varav sockerarter",
        "100 Gram": "0 g"
      },
      {
        "Näringsvärde": "Protein",
        "100 Gram": "0 g"
      },
      {
        "Näringsvärde": "Salt",
        "100 Gram": "0 g"
      }
    ],
    "nutritionUnitText": "Näringsvärde per 100 gram",
    "categories": {
      "mainCategory": "Glass, Godis & Snacks",
      "subCategories": [
        {
          "name": "Halstabletter",
          "subSubCategories": [
            "Halstabletter, påse"
          ]
        }
      ]
    }
  },
  {
    "name": "Chokladask Aladdin 410g Marabou",
    "weightText": "0.41 kg",
    "caPart": "",
    "weightValue": 0.41,
    "weightUnit": "kg",
    "comparePrice": "304,88 kr/kg",
    "currentPrice": 125,
    "attributes": [],
    "imgUrl": "https://handlaprivatkund.ica.se/images-v3/bf7a00ca-390e-4769-865f-dc369586872e/228c1934-16be-405b-90f6-f8d599e810ef/500x500.jpg",
    "productInformation": "Marabou Aladdin är Sveriges mest köpta pralinask från 1939! Asken är fylld av våra ikoniska och fantastiskt goda chokladpraliner med många härliga fyllningar. Aladdin är den perfekta gå-bort-presenten, ett måste till julen eller om du önskar unna dig en riktigt god pralinask. Genom Cocoa Life, vårt program för en hållbar kakaoproduktion, bidrar Marabou till att kakao odlas på rätt sätt, för att skydda planeten och respektera mänskliga rättigheter i vår värdekedja. Läs mer om Cocoa Life här www.cocoalife.org.",
    "countryText": "",
    "companyText": "Marabou",
    "ingrediensText": "Ingredienser: Socker, kakaomassa, kakaosmör, vegetabiliska fetter (palm, shea, palmkärn, kokos), HASSELNÖTTER, invertsocker, SKUMMJÖLKSPULVER, SMÖRFETT, vasslepulver (MJÖLK), glukossirap, vassleprodukt (MJÖLK), MJÖLKPULVER, stabiliseringsmedel (sorbitoler, invertas, E341), sötad kondenserad SKUMMJÖLK, emulgeringsmedel (SOJALECITINER, E476, E471), kokos, salt, GRÄDDPULVER, rismjöl, alkohol, aromer, frystorkade jordgubbar, konjak, hallonpuré, äpple, dextros, rom, arom (salmiak), ananasfiber, apelsinolja, russin, majs, lakritsextrakt, MANDEL, surhetsreglerande medel (E330), apelsinskal, geleringsmedel (E401), färgämnen (E163, E153, E150a, E160a, E150d), maltodextrin, solrosolja, ytbehandlingsmedel (bivax), frystorkade hallon. KAN INNEHÅLLA ANDRA NÖTTER OCH VETE.",
    "storage": "Lägsta förvaringstemperatur 10°C Högsta förvaringstemperatur 20°C",
    "allergens": "",
    "usage": "",
    "nutrition": [
      {
        "Näringsvärde": "Energi (kcal)",
        "100 Gram": "524 kcal"
      },
      {
        "Näringsvärde": "Energi (kJ)",
        "100 Gram": "2187 kJ"
      },
      {
        "Näringsvärde": "Fett",
        "100 Gram": "30 g"
      },
      {
        "Näringsvärde": "Varav mättat fett",
        "100 Gram": "16 g"
      },
      {
        "Näringsvärde": "Kolhydrat",
        "100 Gram": "58 g"
      },
      {
        "Näringsvärde": "Varav sockerarter",
        "100 Gram": "54 g"
      },
      {
        "Näringsvärde": "Fiber",
        "100 Gram": "3.1 g"
      },
      {
        "Näringsvärde": "Protein",
        "100 Gram": "4 g"
      },
      {
        "Näringsvärde": "Salt",
        "100 Gram": "0.25 g"
      }
    ],
    "nutritionUnitText": "Näringsvärde per 100 gram",
    "categories": {
      "mainCategory": "Glass, Godis & Snacks",
      "subCategories": [
        {
          "name": "Choklad",
          "subSubCategories": [
            "Praliner & presentaskar"
          ]
        }
      ]
    }
  },
  {
    "name": "Halstablett Blue Extra Strong 72g Vicks",
    "weightText": "0.072 kg",
    "caPart": "",
    "weightValue": 0.072,
    "weightUnit": "kg",
    "comparePrice": "298,61 kr/kg",
    "currentPrice": 21.5,
    "attributes": [],
    "imgUrl": "https://handlaprivatkund.ica.se/images-v3/bf7a00ca-390e-4769-865f-dc369586872e/214f9e36-523f-45e7-9d72-37f0b18accb5/500x500.jpg",
    "productInformation": "Vicks Blue Extra Strong är en halstablett med en frisk smak av mint. Produkten har en lindrande och lenande funktion vid förkylning men kan användas vid alla tillfällen. Vicks Blue Extra Strong känns uppfräschande för både hals och andedräkt.",
    "countryText": "",
    "companyText": "Vicks",
    "ingrediensText": "Socker, glukossirap, naturlig mintsmak (0,2 %), mentol (0,2 %), färgämnen: E131 och E132.",
    "storage": "Förvaras svalt och torrt.",
    "allergens": "",
    "usage": "Förtäring",
    "nutrition": [
      {
        "Näringsvärde": "Energi (kcal)",
        "100 Gram": "388 kcal"
      },
      {
        "Näringsvärde": "Energi (kJ)",
        "100 Gram": "1649 kJ"
      },
      {
        "Näringsvärde": "Fett",
        "100 Gram": "0 g"
      },
      {
        "Näringsvärde": "Varav mättat fett",
        "100 Gram": "0 g"
      },
      {
        "Näringsvärde": "Kolhydrat",
        "100 Gram": "97 g"
      },
      {
        "Näringsvärde": "Varav sockerarter",
        "100 Gram": "73 g"
      },
      {
        "Näringsvärde": "Protein",
        "100 Gram": "0 g"
      },
      {
        "Näringsvärde": "Salt",
        "100 Gram": "0 g"
      }
    ],
    "nutritionUnitText": "Näringsvärde per 100 gram",
    "categories": {
      "mainCategory": "Glass, Godis & Snacks",
      "subCategories": [
        {
          "name": "Halstabletter",
          "subSubCategories": [
            "Halstabletter, påse"
          ]
        }
      ]
    }
  },
  {
    "name": "Pastiller Sockerfri Multifruit 72g Vicks",
    "weightText": "0.072 kg",
    "caPart": "",
    "weightValue": 0.072,
    "weightUnit": "kg",
    "comparePrice": "298,61 kr/kg",
    "currentPrice": 21.5,
    "attributes": [],
    "imgUrl": "https://handlaprivatkund.ica.se/images-v3/bf7a00ca-390e-4769-865f-dc369586872e/abb70a56-e34c-4249-8cee-740b9431e433/500x500.jpg",
    "productInformation": "Sockerfria pastiller med multifruktjuicekoncentrat (0,5%) och naturlig mentol. Med sötningsmedel.",
    "countryText": "",
    "companyText": "Vicks",
    "ingrediensText": "Sötningsmedel (isomalt, acesulfam K, sukralos), syra: citronsyra, äppeljuicekoncentrat, arom, frukt- och växtkoncentrat (morotkoncentrat, svartvinbärskoncentrat, koncentrat av gurkmeja), mentol (0,03 %), päronjuicekoncentrat, plommonjuicekoncentrat, passionsfruktsjuicekoncentrat (0,01 %), bananjuicekoncentrat (0,01%), mandarinjuicekoncentrat, apelsinjuicekoncentrat (0,01 %), blond grapefruktjuicekoncentrat, citronjuicekoncentrat, ananasjuicekoncentrat (0,01 %).",
    "storage": "Förvaras svalt och torrt.",
    "allergens": "",
    "usage": "Förtäring",
    "nutrition": [
      {
        "Näringsvärde": "Energi (kcal)",
        "100 Gram": "238 kcal"
      },
      {
        "Näringsvärde": "Energi (kJ)",
        "100 Gram": "994 kJ"
      },
      {
        "Näringsvärde": "Fett",
        "100 Gram": "0 g"
      },
      {
        "Näringsvärde": "Varav mättat fett",
        "100 Gram": "0 g"
      },
      {
        "Näringsvärde": "Kolhydrat",
        "100 Gram": "97 g"
      },
      {
        "Näringsvärde": "Varav sockerarter",
        "100 Gram": "0.5 g"
      },
      {
        "Näringsvärde": "Fiber",
        "100 Gram": "0.5 g"
      },
      {
        "Näringsvärde": "Protein",
        "100 Gram": "0.5 g"
      },
      {
        "Näringsvärde": "Salt",
        "100 Gram": "0 g"
      }
    ],
    "nutritionUnitText": "Näringsvärde per 100 gram",
    "categories": {
      "mainCategory": "Glass, Godis & Snacks",
      "subCategories": [
        {
          "name": "Halstabletter",
          "subSubCategories": [
            "Halstabletter, påse"
          ]
        }
      ]
    }
  },
  {
    "name": "Chokladask Paradis 410g Marabou",
    "weightText": "0.41 kg",
    "caPart": "",
    "weightValue": 0.41,
    "weightUnit": "kg",
    "comparePrice": "304,88 kr/kg",
    "currentPrice": 125,
    "attributes": [],
    "imgUrl": "https://handlaprivatkund.ica.se/images-v3/bf7a00ca-390e-4769-865f-dc369586872e/b76d36a3-db91-4a6c-aa55-983a8ed808fb/500x500.jpg",
    "productInformation": "Marabou Paradis är lika klassisk som sitt storasyskon Aladdin, med sina ljusa mjölkchokladöverdragna praliner och har varit en svensk trotjänare sedan 1957. Paradis är den perfekta gå-bort-presenten, ett måste till julen eller om du önskar unna dig en riktigt god pralinask. Genom Cocoa Life, vårt program för en hållbar kakaoproduktion, bidrar Marabou till att kakao odlas på rätt sätt, för att skydda planeten och respektera mänskliga rättigheter i vår värdekedja. Läs mer om Cocoa Life här www.cocoalife.org.",
    "countryText": "",
    "companyText": "Marabou",
    "ingrediensText": "Ingredienser: Socker, kakaosmör, kakaomassa, vegetabiliska fetter (palm, shea, palmkärn, kokos), SKUMMJÖLKSPULVER, vasslepulver (MJÖLK), SMÖRFETT, vassleprodukt (MJÖLK), HASSELNÖTTER, invertsocker, glukossirap, sötad kondenserad SKUMMJÖLK, stabiliseringsmedel (sorbitoler, E341, invertas), MJÖLKPULVER, emulgeringsmedel (SOJALECITINER, E476, E471), MANDEL, kokos, alkohol, salt, GRÄDDPULVER, rismjöl, aromer, konjak, hallonpuré, äpple, dextros, rom, arom (salmiak), ananasfiber, russin, majs, lakritsextrakt, frystorkade jordgubbar, apelsinskal, geleringsmedel (E401), färgämnen (E163, E153, E150a, E160a, E150d), maltodextrin, solrosolja, ytbehandlingsmedel (bivax), apelsinolja, surhetsreglerande medel (E330), frystorkade hallon. KAN INNEHÅLLA ANDRA NÖTTER OCH VETE.",
    "storage": "Lägsta förvaringstemperatur 10°C Högsta förvaringstemperatur 20°C",
    "allergens": "",
    "usage": "",
    "nutrition": [
      {
        "Näringsvärde": "Energi (kcal)",
        "100 Gram": "531 kcal"
      },
      {
        "Näringsvärde": "Energi (kJ)",
        "100 Gram": "2219 kJ"
      },
      {
        "Näringsvärde": "Fett",
        "100 Gram": "31 g"
      },
      {
        "Näringsvärde": "Varav mättat fett",
        "100 Gram": "17 g"
      },
      {
        "Näringsvärde": "Kolhydrat",
        "100 Gram": "58 g"
      },
      {
        "Näringsvärde": "Varav sockerarter",
        "100 Gram": "55 g"
      },
      {
        "Näringsvärde": "Fiber",
        "100 Gram": "1.8 g"
      },
      {
        "Näringsvärde": "Protein",
        "100 Gram": "4 g"
      },
      {
        "Näringsvärde": "Salt",
        "100 Gram": "0.32 g"
      }
    ],
    "nutritionUnitText": "Näringsvärde per 100 gram",
    "categories": {
      "mainCategory": "Glass, Godis & Snacks",
      "subCategories": [
        {
          "name": "Choklad",
          "subSubCategories": [
            "Praliner & presentaskar"
          ]
        }
      ]
    }
  },
  {
    "name": "Halstablett Honey Fresh Ginger 72g Vicks",
    "weightText": "0.072 kg",
    "caPart": "",
    "weightValue": 0.072,
    "weightUnit": "kg",
    "comparePrice": "298,61 kr/kg",
    "currentPrice": 21.5,
    "attributes": [],
    "imgUrl": "https://handlaprivatkund.ica.se/images-v3/bf7a00ca-390e-4769-865f-dc369586872e/10eb58ba-c5c2-4e0f-8c7c-1bf5ecbda9dd/500x500.jpg",
    "productInformation": "Vicks Honey Fresh Ginger är en halstablett med en hård yta och en mjuk kärna av ingefära. Den har en härlig honungsmak och verkar lenande vid halsont. Halstabletten ger en uppfriskande känsla för halsen och andedräkten och kan användas vid alla tillfällen. Produkten är sockerbaserad.",
    "countryText": "",
    "companyText": "Vicks",
    "ingrediensText": "Ingredienser: socker, glukossirap, invertsockersirap, honung (8%), fruktos, ingefäraextrakt (0,6%), mentol (0,2%), syra (citronsyra), mandarinjuicekoncentrat, aromer, vitamin C.",
    "storage": "Förvaras torrt, ej över normal rumstemperatur. Skyddas mot direkt solljus",
    "allergens": "",
    "usage": "För uppfriskande och fräsch känsla i munnen. Överdriven konsumtion kan ha laxerande effekt.",
    "nutrition": [
      {
        "Näringsvärde": "Energi (kcal)",
        "100 Gram": "384 kcal"
      },
      {
        "Näringsvärde": "Energi (kJ)",
        "100 Gram": "1633 kJ"
      },
      {
        "Näringsvärde": "Fett",
        "100 Gram": "0 g"
      },
      {
        "Näringsvärde": "Varav mättat fett",
        "100 Gram": "0 g"
      },
      {
        "Näringsvärde": "Kolhydrat",
        "100 Gram": "98 g"
      },
      {
        "Näringsvärde": "Varav sockerarter",
        "100 Gram": "74 g"
      },
      {
        "Näringsvärde": "Protein",
        "100 Gram": "0.5 g"
      },
      {
        "Näringsvärde": "Salt",
        "100 Gram": "0.01 g"
      },
      {
        "Näringsvärde": "Vitamin C",
        "100 Gram": "27 mg",
        "% av DRI(*)": "34"
      }
    ],
    "nutritionUnitText": "Näringsvärde per 100 gram",
    "categories": {
      "mainCategory": "Glass, Godis & Snacks",
      "subCategories": [
        {
          "name": "Halstabletter",
          "subSubCategories": [
            "Halstabletter, ask"
          ]
        }
      ]
    }
  },
  {
    "name": "Chokladkaka Mjölkchoklad 160g Marabou",
    "weightText": "0.16 kg",
    "caPart": "",
    "weightValue": 0.16,
    "weightUnit": "kg",
    "comparePrice": "193,44 kr/kg",
    "currentPrice": 30.95,
    "attributes": [],
    "imgUrl": "https://handlaprivatkund.ica.se/images-v3/bf7a00ca-390e-4769-865f-dc369586872e/97416242-954e-48ad-acaa-1994a4f17e9f/500x500.jpg",
    "productInformation": "Marabou Mjölkchoklad, en riktig klassiker! En chokladkaka med vår älskade Marabou Mjölkchoklad i 200g som passar för alla tillfällen. Genom Cocoa Life, vårt program för en hållbar kakaoproduktion, bidrar Marabou till att kakao odlas på rätt sätt, för att skydda planeten och respektera mänskliga rättigheter i vår värdekedja. Läs mer om Cocoa Life här www.cocoalife.org.",
    "countryText": "",
    "companyText": "Marabou",
    "ingrediensText": "Ingredienser: Socker, kakaosmör, kakaomassa, vasslepulver (MJÖLK), SKUMMJÖLKSPULVER, SMÖRFETT, vassleprodukt (MJÖLK), emulgeringsmedel (SOJALECITINER), arom. Minst 30% kakao. KAN INNEHÅLLA NÖTTER OCH VETE.",
    "storage": "",
    "allergens": "",
    "usage": "",
    "nutrition": [
      {
        "Näringsvärde": "Energi (kcal)",
        "100 Gram": "544 kcal"
      },
      {
        "Näringsvärde": "Energi (kJ)",
        "100 Gram": "2273 kJ"
      },
      {
        "Näringsvärde": "Fett",
        "100 Gram": "32 g"
      },
      {
        "Näringsvärde": "Varav mättat fett",
        "100 Gram": "19 g"
      },
      {
        "Näringsvärde": "Kolhydrat",
        "100 Gram": "59 g"
      },
      {
        "Näringsvärde": "Varav sockerarter",
        "100 Gram": "58 g"
      },
      {
        "Näringsvärde": "Fiber",
        "100 Gram": "1.9 g"
      },
      {
        "Näringsvärde": "Protein",
        "100 Gram": "4.4 g"
      },
      {
        "Näringsvärde": "Salt",
        "100 Gram": "0.26 g"
      }
    ],
    "nutritionUnitText": "Näringsvärde per 100 gram",
    "categories": {
      "mainCategory": "Glass, Godis & Snacks",
      "subCategories": [
        {
          "name": "Choklad",
          "subSubCategories": [
            "Chokladkakor"
          ]
        }
      ]
    }
  },
  {
    "name": "Kexchoklad 60g Cloetta",
    "weightText": "0.06 kg",
    "caPart": "",
    "weightValue": 0.06,
    "weightUnit": "kg",
    "comparePrice": "199,17 kr/kg",
    "currentPrice": 11.95,
    "attributes": [
      "Rainforest Alliance certifierad"
    ],
    "imgUrl": "https://handlaprivatkund.ica.se/images-v3/bf7a00ca-390e-4769-865f-dc369586872e/6bb766c8-7a76-4e25-971b-812f88771497/500x500.jpg",
    "productInformation": "Kexchoklad är Cloettas aktiva svenska klassiker som har en speciell plats i många svenskars hjärtan. Kexchoklad är frasiga rån fyllda med choklad under ett täcke av läcker, ljus mjölkchoklad. Sveriges godaste mellanmål! Innehåller 60 g Kexchoklad.",
    "countryText": "",
    "companyText": "Cloetta",
    "ingrediensText": "socker, VETEMJÖL, SKUMMJÖLKSPULVER, vegetabiliska fetter (palm, shea), VASSLEPULVER (MJÖLK), kakaosmör1, HELMJÖLKSPULVER, kakaomassa1, fettreducerat kakaopulver1, kokosolja, emulgeringsmedel (SOJALECITIN), salt, bakpulver (natriumvätekarbonat), aromer (bl.a. vanillin). Mjölkchokladen innehåller förutom kakaosmör även annat vegetabiliskt fett och minst 25 % kakao. 1Rainforest Alliance Certified. Find out more at ra.org.",
    "storage": "Förvaras torrt och svalt. Lägsta förvaringstemperatur 16°C Högsta förvaringstemperatur 20°C",
    "allergens": "",
    "usage": "",
    "nutrition": [
      {
        "Näringsvärde": "Energi (kcal)",
        "100 Gram": "502 kcal"
      },
      {
        "Näringsvärde": "Energi (kJ)",
        "100 Gram": "2106 kJ"
      },
      {
        "Näringsvärde": "Fett",
        "100 Gram": "24 g"
      },
      {
        "Näringsvärde": "Varav mättat fett",
        "100 Gram": "14 g"
      },
      {
        "Näringsvärde": "Kolhydrat",
        "100 Gram": "61 g"
      },
      {
        "Näringsvärde": "Varav sockerarter",
        "100 Gram": "42 g"
      },
      {
        "Näringsvärde": "Protein",
        "100 Gram": "9.7 g"
      },
      {
        "Näringsvärde": "Salt",
        "100 Gram": "0.41 g"
      }
    ],
    "nutritionUnitText": "Näringsvärde per 100 gram",
    "categories": {
      "mainCategory": "Glass, Godis & Snacks",
      "subCategories": [
        {
          "name": "Choklad",
          "subSubCategories": [
            "Chokladstycksaker"
          ]
        }
      ]
    }
  },
  {
    "name": "Cheezdoodles 225g OLW",
    "weightText": "0.225 kg",
    "caPart": "",
    "weightValue": 0.225,
    "weightUnit": "kg",
    "comparePrice": "148,89 kr/kg",
    "currentPrice": 33.5,
    "attributes": [],
    "imgUrl": "https://handlaprivatkund.ica.se/images-v3/bf7a00ca-390e-4769-865f-dc369586872e/f2b61bb8-c3a8-4848-8ca0-01f49b42412a/500x500.jpg",
    "productInformation": "Ostbågar, ostkrokar eller cheez doodles - kärt barn har många namn. OLWs ostbågar är Sveriges mest sålda snacks, och vi förstår varför. Spröda och frasiga majsbågar som smaksatts med mild ostkrydda. En riktig klassiker till fredagsmyset. Njut och bestäm själv om du vill bjuda!",
    "countryText": "",
    "companyText": "Olw",
    "ingrediensText": "Majsmjöl, vegetabilisk olja², OSTPULVER (85% OST, vasslepulver (från MJÖLK), salt, färgämne (betakaroten, paprikaextrakt)), KÄRNMJÖLKSPULVER, potatisstärkelse, salt, druvsocker.²För info om vilken olja som använts se www.olw.se/ravaror",
    "storage": "",
    "allergens": "Innehåller Mjölk",
    "usage": "",
    "nutrition": [
      {
        "Näringsvärde": "Energi (kcal)",
        "100 Gram": "520 kcal"
      },
      {
        "Näringsvärde": "Energi (kJ)",
        "100 Gram": "2200 kJ"
      },
      {
        "Näringsvärde": "Fett",
        "100 Gram": "30 g"
      },
      {
        "Näringsvärde": "Varav mättat fett",
        "100 Gram": "14 g"
      },
      {
        "Näringsvärde": "Kolhydrat",
        "100 Gram": "53 g"
      },
      {
        "Näringsvärde": "Varav sockerarter",
        "100 Gram": "2.5 g"
      },
      {
        "Näringsvärde": "Protein",
        "100 Gram": "10 g"
      },
      {
        "Näringsvärde": "Salt",
        "100 Gram": "2.1 g"
      }
    ],
    "nutritionUnitText": "Näringsvärde per 100 gram",
    "categories": {
      "mainCategory": "Glass, Godis & Snacks",
      "subCategories": [
        {
          "name": "Chips & snacks",
          "subSubCategories": [
            "Ostbågar"
          ]
        }
      ]
    }
  },
  {
    "name": "Godis Original 160g Ahlgrens Bilar",
    "weightText": "0.16 kg",
    "caPart": "",
    "weightValue": 0.16,
    "weightUnit": "kg",
    "comparePrice": "118,44 kr/kg",
    "currentPrice": 18.95,
    "attributes": [],
    "imgUrl": "https://handlaprivatkund.ica.se/images-v3/bf7a00ca-390e-4769-865f-dc369586872e/9d47a209-a3bd-4488-a664-ecb7ce2d2098/500x500.jpg",
    "productInformation": "Ahlgrens bilar Original är en favorit bland godispåsar. De mjuka bilarna erbjuds här i de klassiska Ahlgrens bilar färgerna rosa, vit och grön. Under åren som gått har det tillkommit en del nya modeller men originalets smak är och förblir orörd. Har man Sveriges godaste bil så har man!",
    "countryText": "",
    "companyText": "Ahlgrens Bilar",
    "ingrediensText": "glukossirap, socker, stärkelse, gelatin, invertsockersirap, syra (E270), vegetabiliska oljor (kokos, raps), naturliga aromer, ytbehandlingsmedel (karnaubavax), färgämnen (klorofyllinkopparkomplex, karmin).",
    "storage": "Förvaras torrt och i rumstemperatur.",
    "allergens": "",
    "usage": "",
    "nutrition": [
      {
        "Näringsvärde": "Energi (kcal)",
        "100 Gram": "352 kcal"
      },
      {
        "Näringsvärde": "Energi (kJ)",
        "100 Gram": "1493 kJ"
      },
      {
        "Näringsvärde": "Fett",
        "100 Gram": "0.2 g"
      },
      {
        "Näringsvärde": "Varav mättat fett",
        "100 Gram": "0.2 g"
      },
      {
        "Näringsvärde": "Kolhydrat",
        "100 Gram": "82 g"
      },
      {
        "Näringsvärde": "Varav sockerarter",
        "100 Gram": "57 g"
      },
      {
        "Näringsvärde": "Protein",
        "100 Gram": "4.4 g"
      },
      {
        "Näringsvärde": "Salt",
        "100 Gram": "0.02 g"
      }
    ],
    "nutritionUnitText": "Näringsvärde per 100 gram",
    "categories": {
      "mainCategory": "Glass, Godis & Snacks",
      "subCategories": [
        {
          "name": "Godis",
          "subSubCategories": [
            "Godispåsar"
          ]
        }
      ]
    }
  },
  {
    "name": "Müslibar BIG Chocolate 50g Corny",
    "weightText": "0.05 kg",
    "caPart": "",
    "weightValue": 0.05,
    "weightUnit": "kg",
    "comparePrice": "210,00 kr/kg",
    "currentPrice": 10.5,
    "attributes": [
      "Rainforest Alliance certifierad"
    ],
    "imgUrl": "https://handlaprivatkund.ica.se/images-v3/bf7a00ca-390e-4769-865f-dc369586872e/72517c5b-8ba1-4a3d-9f72-9b1ba44abe49/500x500.jpg",
    "productInformation": "Corny Müslibar är ett nyttigare mellanmålsalternativ i barformat, lätt att ta med sig på utflykten. Perfekt före, under och efter träningspasset. Lätt att stoppa i fickan och ha med sig under fritidsaktiviteterna.",
    "countryText": "",
    "companyText": "Corny",
    "ingrediensText": "Ingredienser: MJÖLKchoklad 20% (socker, kakaomassa*, kakaosmör*, skumMJÖLKspulver, MJÖLKfett, emulgeringsmedel (E476, E442)), glukossirap, spannmålsflingor (VETEmjöl, socker, rismjöl, majsmjöl, KORNmaltsextrakt, salt, karamelliserad sockersirap), glukos-fruktossirap, fullkornsflingor (HAVRE 5%, VETE 2,8%, KORN 1,8%), rostade JORDNÖTTER, kokosolja, majsflingor (majs, salt, KORNmaltsextrakt), socker, honung, naturliga aromer, salt, karamelliserad sockersirap, emulgeringsmedel (lecitin). Kan innehålla spår av NÖTTER. * Rainforest Alliance Certified. Find out more at ra.org.",
    "storage": "Förvaras torrt och svalt, skyddad från värme. Lägsta förvaringstemperatur 10°C Högsta förvaringstemperatur 25°C",
    "allergens": "Innehåller Jordnötter Innehåller Mjölk Innehåller Spannmål som innehåller gluten Kan innehålla Nötter (eng: tree nuts)",
    "usage": "",
    "nutrition": [
      {
        "Näringsvärde": "Energi (kcal)",
        "100 Gram": "439 kcal"
      },
      {
        "Näringsvärde": "Energi (kJ)",
        "100 Gram": "1845 kJ"
      },
      {
        "Näringsvärde": "Fett",
        "100 Gram": "17 g"
      },
      {
        "Näringsvärde": "Varav mättat fett",
        "100 Gram": "9.7 g"
      },
      {
        "Näringsvärde": "Kolhydrat",
        "100 Gram": "65 g"
      },
      {
        "Näringsvärde": "Varav sockerarter",
        "100 Gram": "31 g"
      },
      {
        "Näringsvärde": "Fiber",
        "100 Gram": "3.2 g"
      },
      {
        "Näringsvärde": "Protein",
        "100 Gram": "6.2 g"
      },
      {
        "Näringsvärde": "Salt",
        "100 Gram": "0.53 g"
      }
    ],
    "nutritionUnitText": "Näringsvärde per 100 gram",
    "categories": {
      "mainCategory": "Glass, Godis & Snacks",
      "subCategories": [
        {
          "name": "Naturgodis, Nötter & Bars",
          "subSubCategories": [
            "Bars"
          ]
        }
      ]
    }
  },
  {
    "name": "Choklad Dubbel nougat 43g Marabou",
    "weightText": "0.043 kg",
    "caPart": "",
    "weightValue": 0.043,
    "weightUnit": "kg",
    "comparePrice": "347,67 kr/kg",
    "currentPrice": 14.95,
    "attributes": [],
    "imgUrl": "https://handlaprivatkund.ica.se/images-v3/bf7a00ca-390e-4769-865f-dc369586872e/c9718fb2-7001-48de-9cd9-6abdaa88b774/500x500.jpg",
    "productInformation": "Dubbel Nougat- Med ett lager ljus, len mandelnougat och ett lager mörk, krämig hasselnötsnougat förenar vår Dubbel Nougat det bästa av två världar. Låt den smälta i munnen och njut!",
    "countryText": "",
    "companyText": "Marabou",
    "ingrediensText": "Ingredienser: Socker, HASSELNÖTTER/-NØDDER (18%), vegetabiliskt fett/fedtstoffer (palm/palme, shea), MANDEL (9,5%), vassle-/vallepulver (MJÖLK/MÆLK), kakaomassa, kakaosmör, SKUMMJÖLKS-/SKUMMETMÆLKSPULVER, SMÖRFETT/SMØROLIE, emulgeringsmedel/emulgatorer (SOJALECITIN, E476), aromer. KAN INNEHÅLLA JORDNÖTTER, ÄGG OCH VETE/JORDNØDDER, ÆG OG HVEDE.",
    "storage": "",
    "allergens": "",
    "usage": "",
    "nutrition": [
      {
        "Näringsvärde": "Energi (kcal)",
        "100 Gram": "565 kcal"
      },
      {
        "Näringsvärde": "Energi (kJ)",
        "100 Gram": "2357 kJ"
      },
      {
        "Näringsvärde": "Fett",
        "100 Gram": "36 g"
      },
      {
        "Näringsvärde": "Varav mättat fett",
        "100 Gram": "13 g"
      },
      {
        "Näringsvärde": "Kolhydrat",
        "100 Gram": "52 g"
      },
      {
        "Näringsvärde": "Varav sockerarter",
        "100 Gram": "50 g"
      },
      {
        "Näringsvärde": "Fiber",
        "100 Gram": "3.7 g"
      },
      {
        "Näringsvärde": "Protein",
        "100 Gram": "6.2 g"
      },
      {
        "Näringsvärde": "Salt",
        "100 Gram": "0.13 g"
      }
    ],
    "nutritionUnitText": "Näringsvärde per 100 gram",
    "categories": {
      "mainCategory": "Glass, Godis & Snacks",
      "subCategories": [
        {
          "name": "Choklad",
          "subSubCategories": [
            "Chokladstycksaker"
          ]
        }
      ]
    }
  },
  {
    "name": "Chips Sourcream & onion 275g Estrella",
    "weightText": "0.275 kg",
    "caPart": "",
    "weightValue": 0.275,
    "weightUnit": "kg",
    "comparePrice": "114,55 kr/kg",
    "currentPrice": 31.5,
    "attributes": [],
    "imgUrl": "https://handlaprivatkund.ica.se/images-v3/bf7a00ca-390e-4769-865f-dc369586872e/7a64601a-1419-48a8-9e4f-a6fe2cb5aa60/500x500.jpg",
    "productInformation": "Estrella Sourcream & Onion är krispiga finräfflade potatischips med smak av gräddfil och lök. Sveriges mest populära chips och en riktig klassiker! Smaken är syrligt krämig och läcker med ett sting av lök. Lika goda precis som de är eller med dipp. Tillverkade på chipsfabriken i Göteborg av naturliga råvaror i vår mest älskade smak - finns det något godare? Krispig helg med snacks från Estrella!",
    "countryText": "",
    "companyText": "Estrella",
    "ingrediensText": "Potatis, solros-/rapsolja, kryddblandning (salt, lökpulver (gul-och rödlök), VASSLEpulver (från MJÖLK), socker, KÄRNMJÖLKspulver, naturlig arom, persilja, GRÄDDpulver, jästextrakt, MJÖLKpulver, kryddor (vitlökspulver, svartpeppar), syra (mjölksyra, citronsyra), färgämne (paprika, gurkmeja)).",
    "storage": "",
    "allergens": "Innehåller Mjölk",
    "usage": "",
    "nutrition": [
      {
        "Näringsvärde": "Energi (kcal)",
        "100 Gram": "515 kcal"
      },
      {
        "Näringsvärde": "Energi (kJ)",
        "100 Gram": "2147 kJ"
      },
      {
        "Näringsvärde": "Fett",
        "100 Gram": "33 g"
      },
      {
        "Näringsvärde": "Varav mättat fett",
        "100 Gram": "2.7 g"
      },
      {
        "Näringsvärde": "Kolhydrat",
        "100 Gram": "46 g"
      },
      {
        "Näringsvärde": "Varav sockerarter",
        "100 Gram": "3.1 g"
      },
      {
        "Näringsvärde": "Fiber",
        "100 Gram": "5.3 g"
      },
      {
        "Näringsvärde": "Protein",
        "100 Gram": "5.8 g"
      },
      {
        "Näringsvärde": "Salt",
        "100 Gram": "1.5 g"
      }
    ],
    "nutritionUnitText": "Näringsvärde per 100 gram",
    "categories": {
      "mainCategory": "Glass, Godis & Snacks",
      "subCategories": [
        {
          "name": "Chips & snacks",
          "subSubCategories": [
            "Chips"
          ]
        }
      ]
    }
  },
  {
    "name": "Daim Dubbel 56g Marabou",
    "weightText": "0.056 kg",
    "caPart": "",
    "weightValue": 0.056,
    "weightUnit": "kg",
    "comparePrice": "266,96 kr/kg",
    "currentPrice": 14.95,
    "attributes": [],
    "imgUrl": "https://handlaprivatkund.ica.se/images-v3/bf7a00ca-390e-4769-865f-dc369586872e/0407c567-0511-4aa4-99d9-8f85725e73fa/500x500.jpg",
    "productInformation": "Daim, med sin krispiga mandelknäck överdragen med Marabou mjölkchoklad, är sedan 1953 en riktig klassiker som är älskad över hela världen. Njut av chokladen på språng eller i en lugn och skön hemmamiljö. Genom Cocoa Life, vårt program för en hållbar kakaoproduktion, bidrar Daim till att kakao odlas på rätt sätt, för att skydda planeten och respektera mänskliga rättigheter i vår värdekedja. Läs mer om Cocoa Life här www.cocoalife.org.",
    "countryText": "",
    "companyText": "Daim",
    "ingrediensText": "Ingredienser: Socker, palmolja/palmeolie, kakaosmör*, kakaomassa*, MANDEL (3%), vassle-/valle-/mysepulver (MJÖLK/MÆLK/MELK), SKUMMJÖLKSPULVER, SMÖRFETT/SMØROLIE/MELKEFETT, vassle-/valle-/myseprodukt (MJÖLK), sockrad kondenserad SKUMMJÖLK, salt, emulgeringsmedel/emulgator (SOJALECITIN), aromer.",
    "storage": "",
    "allergens": "Innehåller Mjölk Innehåller Nötter (eng: tree nuts) Innehåller Sojabönor",
    "usage": "",
    "nutrition": [
      {
        "Näringsvärde": "Energi (kcal)",
        "100 Gram": "545 kcal"
      },
      {
        "Näringsvärde": "Energi (kJ)",
        "100 Gram": "2275 kJ"
      },
      {
        "Näringsvärde": "Fett",
        "100 Gram": "32 g"
      },
      {
        "Näringsvärde": "Varav mättat fett",
        "100 Gram": "17 g"
      },
      {
        "Näringsvärde": "Kolhydrat",
        "100 Gram": "61 g"
      },
      {
        "Näringsvärde": "Varav sockerarter",
        "100 Gram": "61 g"
      },
      {
        "Näringsvärde": "Fiber",
        "100 Gram": "1.2 g"
      },
      {
        "Näringsvärde": "Protein",
        "100 Gram": "2.9 g"
      },
      {
        "Näringsvärde": "Salt",
        "100 Gram": "0.86 g"
      }
    ],
    "nutritionUnitText": "Näringsvärde per 100 gram",
    "categories": {
      "mainCategory": "Glass, Godis & Snacks",
      "subCategories": [
        {
          "name": "Choklad",
          "subSubCategories": [
            "Chokladstycksaker"
          ]
        }
      ]
    }
  },
  {
    "name": "Chips Sourcream & Onion 275g OLW",
    "weightText": "0.275 kg",
    "caPart": "",
    "weightValue": 0.275,
    "weightUnit": "kg",
    "comparePrice": "114,55 kr/kg",
    "currentPrice": 31.5,
    "attributes": [],
    "imgUrl": "https://handlaprivatkund.ica.se/images-v3/bf7a00ca-390e-4769-865f-dc369586872e/ba87b85d-82e1-4696-a774-f528ce3d0293/500x500.jpg",
    "productInformation": "Goda och krispiga Sourcream & Onion chips från OLW. Vi använder oss av naturliga ingredienser och den allra finaste potatisen. Chipsen är finräfflade och har en smak av syrlig gräddfil, lök och persilja. En riktig chipsklassiker!",
    "countryText": "",
    "companyText": "Olw",
    "ingrediensText": "Potatis, solrosolja, kryddblandning (salt, lök, socker, MJÖLKSOCKER, VASSLEPULVER (från MJÖLK), naturlig arom, KÄRNMJÖLKPULVER, jästextrakt, maltodextrin, vitlök, persilja, rödlök).",
    "storage": "",
    "allergens": "Innehåller Mjölk",
    "usage": "",
    "nutrition": [
      {
        "Näringsvärde": "Energi (kcal)",
        "100 Gram": "520 kcal"
      },
      {
        "Näringsvärde": "Energi (kJ)",
        "100 Gram": "2200 kJ"
      },
      {
        "Näringsvärde": "Fett",
        "100 Gram": "32 g"
      },
      {
        "Näringsvärde": "Varav mättat fett",
        "100 Gram": "3.3 g"
      },
      {
        "Näringsvärde": "Kolhydrat",
        "100 Gram": "56 g"
      },
      {
        "Näringsvärde": "Varav sockerarter",
        "100 Gram": "2.6 g"
      },
      {
        "Näringsvärde": "Protein",
        "100 Gram": "5.1 g"
      },
      {
        "Näringsvärde": "Salt",
        "100 Gram": "1.6 g"
      }
    ],
    "nutritionUnitText": "Näringsvärde per 100 gram",
    "categories": {
      "mainCategory": "Glass, Godis & Snacks",
      "subCategories": [
        {
          "name": "Chips & snacks",
          "subSubCategories": [
            "Chips"
          ]
        }
      ]
    }
  },
  {
    "name": "Kexchoklad mini 156g Cloetta",
    "weightText": "0.156 kg",
    "caPart": "",
    "weightValue": 0.156,
    "weightUnit": "kg",
    "comparePrice": "185,58 kr/kg",
    "currentPrice": 28.95,
    "attributes": [
      "Rainforest Alliance certifierad"
    ],
    "imgUrl": "https://handlaprivatkund.ica.se/images-v3/bf7a00ca-390e-4769-865f-dc369586872e/83aa15bc-f537-4afc-af1f-a2e30c4a6850/500x500.jpg",
    "productInformation": "En påse med små Kexchoklad. Frasiga rån som är fyllda och täckta med mjölkchoklad. Passar att ta med på picknicken!",
    "countryText": "",
    "companyText": "Cloetta",
    "ingrediensText": "socker, VETEMJÖL, SKUMMJÖLKSPULVER, vegetabiliska fetter (palm, shea), VASSLEPULVER (MJÖLK), kakaosmör1, HELMJÖLKSPULVER, kakaomassa1, fettreducerat kakaopulver1, kokosolja, emulgeringsmedel (SOJALECITIN), salt, bakpulver (natriumvätekarbonat), aromer (bl.a. vanillin). Mjölkchokladen innehåller förutom kakaosmör även annat vegetabiliskt fett. 1Rainforest Alliance Certified. Find out more at ra.org.",
    "storage": "Förvaras torrt och svalt.",
    "allergens": "",
    "usage": "",
    "nutrition": [
      {
        "Näringsvärde": "Energi (kcal)",
        "100 Gram": "502 kcal"
      },
      {
        "Näringsvärde": "Energi (kJ)",
        "100 Gram": "2106 kJ"
      },
      {
        "Näringsvärde": "Fett",
        "100 Gram": "24 g"
      },
      {
        "Näringsvärde": "Varav mättat fett",
        "100 Gram": "14 g"
      },
      {
        "Näringsvärde": "Kolhydrat",
        "100 Gram": "61 g"
      },
      {
        "Näringsvärde": "Varav sockerarter",
        "100 Gram": "42 g"
      },
      {
        "Näringsvärde": "Protein",
        "100 Gram": "9.7 g"
      },
      {
        "Näringsvärde": "Salt",
        "100 Gram": "0.41 g"
      }
    ],
    "nutritionUnitText": "Näringsvärde per 100 gram",
    "categories": {
      "mainCategory": "Glass, Godis & Snacks",
      "subCategories": [
        {
          "name": "Godis",
          "subSubCategories": [
            "Godispåsar",
            "Chokladpåsar"
          ]
        }
      ]
    }
  },
  {
    "name": "Chips Lättsaltade 275g OLW",
    "weightText": "0.275 kg",
    "caPart": "",
    "weightValue": 0.275,
    "weightUnit": "kg",
    "comparePrice": "114,55 kr/kg",
    "currentPrice": 31.5,
    "attributes": [],
    "imgUrl": "https://handlaprivatkund.ica.se/images-v3/bf7a00ca-390e-4769-865f-dc369586872e/ef6a51ae-914f-4970-b463-22a0a618c6a4/500x500.jpg",
    "productInformation": "Goda och krispiga lättsaltade chips från OLW. Vi använder oss av naturliga ingredienser och den allra finaste potatisen. Våra plana saltade chips är en riktig klassiker. Chipsen är bara smaksatta med en nypa salt - mer än så behövs inte.",
    "countryText": "",
    "companyText": "Olw",
    "ingrediensText": "Potatis, solrosolja, salt.",
    "storage": "",
    "allergens": "",
    "usage": "",
    "nutrition": [
      {
        "Näringsvärde": "Energi (kcal)",
        "100 Gram": "520 kcal"
      },
      {
        "Näringsvärde": "Energi (kJ)",
        "100 Gram": "2200 kJ"
      },
      {
        "Näringsvärde": "Fett",
        "100 Gram": "32 g"
      },
      {
        "Näringsvärde": "Varav mättat fett",
        "100 Gram": "3.5 g"
      },
      {
        "Näringsvärde": "Kolhydrat",
        "100 Gram": "58 g"
      },
      {
        "Näringsvärde": "Varav sockerarter",
        "100 Gram": "0.8 g"
      },
      {
        "Näringsvärde": "Protein",
        "100 Gram": "5 g"
      },
      {
        "Näringsvärde": "Salt",
        "100 Gram": "1.3 g"
      }
    ],
    "nutritionUnitText": "Näringsvärde per 100 gram",
    "categories": {
      "mainCategory": "Glass, Godis & Snacks",
      "subCategories": [
        {
          "name": "Chips & snacks",
          "subSubCategories": [
            "Chips"
          ]
        }
      ]
    }
  },
  {
    "name": "Chokladkaka Schweizernöt 160g Marabou",
    "weightText": "0.16 kg",
    "caPart": "",
    "weightValue": 0.16,
    "weightUnit": "kg",
    "comparePrice": "193,44 kr/kg",
    "currentPrice": 30.95,
    "attributes": [],
    "imgUrl": "https://handlaprivatkund.ica.se/images-v3/bf7a00ca-390e-4769-865f-dc369586872e/869f95f7-2fc1-4bb6-836b-2293ca346af4/500x500.jpg",
    "productInformation": "Marabou Schweizernöt är en av Marabous klassiker! Marabou Mjölkchokladkaka med grovhackade hasselnötter som passar för alla tillfällen. Genom Cocoa Life, vårt program för en hållbar kakaoproduktion, bidrar Marabou till att kakao odlas på rätt sätt, för att skydda planeten och respektera mänskliga rättigheter i vår värdekedja. Läs mer om Cocoa Life här www.cocoalife.org.",
    "countryText": "",
    "companyText": "Marabou",
    "ingrediensText": "Ingredienser: Socker, kakaosmör, HASSELNÖTTER, kakaomassa, vasslepulver (MJÖLK), SKUMMJÖLKSPULVER, SMÖRFETT, vassleprodukt (MJÖLK), emulgeringsmedel (SOJALECITINER), arom. Minst 30% kakao. KAN INNEHÅLLA ANDRA NÖTTER OCH VETE.",
    "storage": "",
    "allergens": "",
    "usage": "",
    "nutrition": [
      {
        "Näringsvärde": "Energi (kcal)",
        "100 Gram": "564 kcal"
      },
      {
        "Näringsvärde": "Energi (kJ)",
        "100 Gram": "2351 kJ"
      },
      {
        "Näringsvärde": "Fett",
        "100 Gram": "36 g"
      },
      {
        "Näringsvärde": "Varav mättat fett",
        "100 Gram": "17 g"
      },
      {
        "Näringsvärde": "Kolhydrat",
        "100 Gram": "51 g"
      },
      {
        "Näringsvärde": "Varav sockerarter",
        "100 Gram": "50 g"
      },
      {
        "Näringsvärde": "Fiber",
        "100 Gram": "3 g"
      },
      {
        "Näringsvärde": "Protein",
        "100 Gram": "6 g"
      },
      {
        "Näringsvärde": "Salt",
        "100 Gram": "0.22 g"
      }
    ],
    "nutritionUnitText": "Näringsvärde per 100 gram",
    "categories": {
      "mainCategory": "Glass, Godis & Snacks",
      "subCategories": [
        {
          "name": "Choklad",
          "subSubCategories": [
            "Chokladkakor"
          ]
        }
      ]
    }
  },
  {
    "name": "Cheez Cruncherz Extra crispy 225g OLW",
    "weightText": "0.225 kg",
    "caPart": "",
    "weightValue": 0.225,
    "weightUnit": "kg",
    "comparePrice": "148,89 kr/kg",
    "currentPrice": 33.5,
    "attributes": [],
    "imgUrl": "https://handlaprivatkund.ica.se/images-v3/bf7a00ca-390e-4769-865f-dc369586872e/4179d2d3-8879-463c-bd7e-32ed14f62abf/500x500.jpg",
    "productInformation": "OLW Cheez Cruncherz är ostbågar med samma goda smak som originalet Cheez Doodles, vad som skiljer dem åt är att våra cruncherz är extra krispiga. Friterade ostbågar (eller ostkrokar) som gör fredagsmyset ännu bättre. Njut och bestäm själv om du vill dela med dig av det goda!",
    "countryText": "",
    "companyText": "Olw",
    "ingrediensText": "Majsmjöl, solrosolja, 8,5% OSTPULVER (84% OST, salt, jästextrakt, färgämne (E 160a, E 160c)), KÄRNMJÖLKSPULVER, salt, potatisstärkelse, druvsocker.",
    "storage": "",
    "allergens": "Innehåller Mjölk",
    "usage": "",
    "nutrition": [
      {
        "Näringsvärde": "Energi (kcal)",
        "100 Gram": "600 kcal"
      },
      {
        "Näringsvärde": "Energi (kJ)",
        "100 Gram": "2450 kJ"
      },
      {
        "Näringsvärde": "Fett",
        "100 Gram": "43 g"
      },
      {
        "Näringsvärde": "Varav mättat fett",
        "100 Gram": "5.6 g"
      },
      {
        "Näringsvärde": "Kolhydrat",
        "100 Gram": "44 g"
      },
      {
        "Näringsvärde": "Varav sockerarter",
        "100 Gram": "1.8 g"
      },
      {
        "Näringsvärde": "Protein",
        "100 Gram": "8.1 g"
      },
      {
        "Näringsvärde": "Salt",
        "100 Gram": "1.8 g"
      }
    ],
    "nutritionUnitText": "Näringsvärde per 100 gram",
    "categories": {
      "mainCategory": "Glass, Godis & Snacks",
      "subCategories": [
        {
          "name": "Chips & snacks",
          "subSubCategories": [
            "Ostbågar"
          ]
        }
      ]
    }
  },
  {
    "name": "Japp Dubbel 60g Marabou",
    "weightText": "0.06 kg",
    "caPart": "",
    "weightValue": 0.06,
    "weightUnit": "kg",
    "comparePrice": "249,17 kr/kg",
    "currentPrice": 14.95,
    "attributes": [],
    "imgUrl": "https://handlaprivatkund.ica.se/images-v3/bf7a00ca-390e-4769-865f-dc369586872e/f5fd9e68-2f67-4e8c-ad22-9954c048ed41/500x500.jpg",
    "productInformation": "Japp- Vår goda mjölkchoklad med mjuk kola och härligt, seg chokladmaräng har bjudit svenskarna på energikickar sedan 1947. Älskar du den lika mycket som vi? Säg japp!",
    "countryText": "",
    "companyText": "Marabou",
    "ingrediensText": "Ingredienser: Socker, glukossirap, sockrad kondenserad SKUMMJÖLK/SKUMMETMÆLK, shea-olja, kakaosmör, kakaomassa, SKUMMJÖLKS-/SKUMMETMÆLKSPULVER, stabiliseringsmedel/stabilisator (sorbitol), vassle-/vallepulver (MJÖLK/mælk), invertsocker, fettreducerad/fedtfattig kakao, SMÖRFETT/SMØROLIE, maltextrakt från KORN/ fra BYG, ÄGGVITA/ÆGGEHVIDE , emulgeringsmedel/emulgatorer(SOJALECITINER, E476), aromer. KAN INNEHÅLLA JORDNÖTTER/JORDNØDDER, NÖTTER/NØDDER OCH VETE/HVEDE.",
    "storage": "",
    "allergens": "",
    "usage": "",
    "nutrition": [
      {
        "Näringsvärde": "Energi (kcal)",
        "100 Gram": "441 kcal"
      },
      {
        "Näringsvärde": "Energi (kJ)",
        "100 Gram": "1855 kJ"
      },
      {
        "Näringsvärde": "Fett",
        "100 Gram": "15 g"
      },
      {
        "Näringsvärde": "Varav mättat fett",
        "100 Gram": "7.3 g"
      },
      {
        "Näringsvärde": "Kolhydrat",
        "100 Gram": "73 g"
      },
      {
        "Näringsvärde": "Varav sockerarter",
        "100 Gram": "53 g"
      },
      {
        "Näringsvärde": "Fiber",
        "100 Gram": "1.1 g"
      },
      {
        "Näringsvärde": "Protein",
        "100 Gram": "3.3 g"
      },
      {
        "Näringsvärde": "Salt",
        "100 Gram": "0.16 g"
      }
    ],
    "nutritionUnitText": "Näringsvärde per 100 gram",
    "categories": {
      "mainCategory": "Glass, Godis & Snacks",
      "subCategories": [
        {
          "name": "Choklad",
          "subSubCategories": [
            "Chokladstycksaker"
          ]
        }
      ]
    }
  },
  {
    "name": "Godis Gott & Blandat Original 210g Malaco",
    "weightText": "0.21 kg",
    "caPart": "",
    "weightValue": 0.21,
    "weightUnit": "kg",
    "comparePrice": "102,38 kr/kg",
    "currentPrice": 21.5,
    "attributes": [],
    "imgUrl": "https://handlaprivatkund.ica.se/images-v3/bf7a00ca-390e-4769-865f-dc369586872e/29121faf-2c09-4bdb-b148-60c14a093f5c/500x500.jpg",
    "productInformation": "Malaco Gott & Blandat lanserades i Sverige 1979 och blev snabbt en av våra största folkfavoriter, uppskattad av hela familjen. Malaco Gott & Blandat Original är en unik blandning av sött, salt och syrligt godis. Vingummiblandningen har saftiga fruktsmaker och en mjuk konsistens med ett fint sockerskal. I godispåsen hittar du även revolverlakrits som är en av de absoluta favoriterna.",
    "countryText": "",
    "companyText": "Malaco",
    "ingrediensText": "socker, glukossirap, glukos-fruktossirap, stärkelse, VETEMJÖL, modifierad stärkelse, ammoniumklorid (=salmiak), melass, syra (E270), lakritsextrakt, fuktighetsbevarande medel (sorbitoler, glycerol), vegetabiliska oljor (kokos, raps), aromer, salt, färgämnen (E153, E160c, E100, E141), koncentrat från (morot, svarta vinbär), ytbehandlingsmedel (karnaubavax), stabiliseringsmedel (E471), kokosfett.",
    "storage": "Förvaras torrt och i rumstemperatur. Lägsta förvaringstemperatur 5°C Högsta förvaringstemperatur 30°C",
    "allergens": "Innehåller Spannmål som innehåller gluten",
    "usage": "",
    "nutrition": [
      {
        "Näringsvärde": "Energi (kcal)",
        "100 Gram": "351 kcal"
      },
      {
        "Näringsvärde": "Energi (kJ)",
        "100 Gram": "1489 kJ"
      },
      {
        "Näringsvärde": "Fett",
        "100 Gram": "0.3 g"
      },
      {
        "Näringsvärde": "Varav mättat fett",
        "100 Gram": "0.2 g"
      },
      {
        "Näringsvärde": "Kolhydrat",
        "100 Gram": "86 g"
      },
      {
        "Näringsvärde": "Varav sockerarter",
        "100 Gram": "59 g"
      },
      {
        "Näringsvärde": "Protein",
        "100 Gram": "0.5 g"
      },
      {
        "Näringsvärde": "Salt",
        "100 Gram": "0.16 g"
      }
    ],
    "nutritionUnitText": "Näringsvärde per 100 gram",
    "categories": {
      "mainCategory": "Glass, Godis & Snacks",
      "subCategories": [
        {
          "name": "Godis",
          "subSubCategories": [
            "Godispåsar"
          ]
        }
      ]
    }
  },
  {
    "name": "Müslibar BIG Salted Caramel 40g Corny",
    "weightText": "0.04 kg",
    "caPart": "",
    "weightValue": 0.04,
    "weightUnit": "kg",
    "comparePrice": "262,50 kr/kg",
    "currentPrice": 10.5,
    "attributes": [
      "Rainforest Alliance certifierad"
    ],
    "imgUrl": "https://handlaprivatkund.ica.se/images-v3/bf7a00ca-390e-4769-865f-dc369586872e/fb972e7f-f051-4428-b4c2-53c3eb6ad4d2/500x500.jpg",
    "productInformation": "Corny BIG – Sveriges mest köpta Müslibar! Nu som Corny BIG salted Caramel. Den perfekta kombinationen av krispiga flingor, mjölkchoklad & krämig kola med en touch av salt. Ett godare och nyttigare mellanmålsalternativ i XXL-format. Perfekt före, under och efter träningspasset. Lätt att stoppa i fickan för extra energi under fritidsaktiviteterna. Oavsett om du gillar mörk-, ljus- eller vit choklad, jordnötter, banan eller kokos så har vi en Corny BIG för dig! Corny BIG - var som helst, när som helst!",
    "countryText": "",
    "companyText": "Corny",
    "ingrediensText": "Ingredienser: Glukossirap, flingor av spannmål (VETEmjöl, socker, majsmjöl, rismjöl, KORNmaltsextrakt, salt, karamelliserad sockersirap), MJÖLKchoklad 20% (socker, kakaomassa*, kakaosmör*, skumMJÖLKspulver, MJÖLKfett, emulgeringsmedel: (E442, E476)), fullkornsflingor 9% (VETE, HAVRE), kokosfett, kolapulver 5% (sött vasslepulver (från MJÖLK), maltodextrin, palmfett, socker, karamelliserad sockersirap), majsflingor (majs, salt, KORNmaltextrakt), oligofruktos, stabiliseringsmedel: glycerol, havssalt, naturlig arom, emulgeringsmedel: lecitin. Kan innehålla spår av NÖTTER och JORDNÖTTER. *Rainforest Alliance Certified.",
    "storage": "Förvaras torrt och svalt, skyddad från värme. Lägsta förvaringstemperatur 10°C Högsta förvaringstemperatur 25°C",
    "allergens": "Innehåller Mjölk Kan innehålla Nötter (eng: tree nuts) Kan innehålla Jordnötter Innehåller Spannmål som innehåller gluten",
    "usage": "",
    "nutrition": [
      {
        "Näringsvärde": "Energi (kcal)",
        "100 Gram": "417 kcal"
      },
      {
        "Näringsvärde": "Energi (kJ)",
        "100 Gram": "1753 kJ"
      },
      {
        "Näringsvärde": "Fett",
        "100 Gram": "14 g"
      },
      {
        "Näringsvärde": "Varav mättat fett",
        "100 Gram": "9.7 g"
      },
      {
        "Näringsvärde": "Kolhydrat",
        "100 Gram": "66 g"
      },
      {
        "Näringsvärde": "Varav sockerarter",
        "100 Gram": "23 g"
      },
      {
        "Näringsvärde": "Fiber",
        "100 Gram": "5.1 g"
      },
      {
        "Näringsvärde": "Protein",
        "100 Gram": "4.8 g"
      },
      {
        "Näringsvärde": "Salt",
        "100 Gram": "1.1 g"
      }
    ],
    "nutritionUnitText": "",
    "categories": {
      "mainCategory": "Glass, Godis & Snacks",
      "subCategories": [
        {
          "name": "Chips & snacks",
          "subSubCategories": [
            "Ostbågar"
          ]
        }
      ]
    }
  },
  {
    "name": "Cashewnötter 500g ICA Gott Liv",
    "weightText": "0.5 kg",
    "caPart": "",
    "weightValue": 0.5,
    "weightUnit": "kg",
    "comparePrice": "165,90 kr/kg",
    "currentPrice": 82.95,
    "attributes": [
      "Nyckelhålet"
    ],
    "imgUrl": "https://handlaprivatkund.ica.se/images-v3/bf7a00ca-390e-4769-865f-dc369586872e/7da250e4-7dc3-48cd-ba8c-9cae51e54a3b/500x500.jpg",
    "productInformation": "ICA Gott Liv Cashewnötter är perfekt som snacks eller att ha som mellanmål när du behöver energi snabbt. Pröva att köra nötterna i en mixer tillsammans med koriander och en skvätt havremjölk så får du en fantastiskt god röra att ha på smörgåsen eller toppa en sallad med.",
    "countryText": "",
    "companyText": "ICA Gott Liv",
    "ingrediensText": "CASHEWNÖTTER*. Kan innehålla spår av jordnötter, mandel, paranötter, hasselnötter, makadamianötter, pekannötter, pistagenötter och valnötter. *Odlade i: Icke EU.",
    "storage": "Förvaras torrt och svalt. Förslut öppnad påse väl. Lägsta förvaringstemperatur 0°C Högsta förvaringstemperatur 25°C",
    "allergens": "",
    "usage": "",
    "nutrition": [
      {
        "Näringsvärde": "Energi (kcal)",
        "100 Gram": "597 kcal"
      },
      {
        "Näringsvärde": "Energi (kJ)",
        "100 Gram": "2499 kJ"
      },
      {
        "Näringsvärde": "Fett",
        "100 Gram": "48 g"
      },
      {
        "Näringsvärde": "Varav mättat fett",
        "100 Gram": "8.7 g"
      },
      {
        "Näringsvärde": "Kolhydrat",
        "100 Gram": "19 g"
      },
      {
        "Näringsvärde": "Varav sockerarter",
        "100 Gram": "5.9 g"
      },
      {
        "Näringsvärde": "Fiber",
        "100 Gram": "8.3 g"
      },
      {
        "Näringsvärde": "Protein",
        "100 Gram": "18 g"
      },
      {
        "Näringsvärde": "Salt",
        "100 Gram": "0 g"
      },
      {
        "Näringsvärde": "Järn",
        "100 Gram": "5 mg",
        "% av DRI(*)": "36"
      },
      {
        "Näringsvärde": "Magnesium",
        "100 Gram": "257 mg",
        "% av DRI(*)": "68"
      },
      {
        "Näringsvärde": "Zink",
        "100 Gram": "4.7 mg",
        "% av DRI(*)": "47"
      }
    ],
    "nutritionUnitText": "Näringsvärde per 100 gram",
    "categories": {
      "mainCategory": "Glass, Godis & Snacks",
      "subCategories": [
        {
          "name": "Naturgodis, Nötter & Bars",
          "subSubCategories": [
            "Naturella nötter",
            "Cashewnötter"
          ]
        }
      ]
    }
  },
  {
    "name": "Chips Grill 275g Estrella",
    "weightText": "0.275 kg",
    "caPart": "",
    "weightValue": 0.275,
    "weightUnit": "kg",
    "comparePrice": "114,55 kr/kg",
    "currentPrice": 31.5,
    "attributes": [],
    "imgUrl": "https://handlaprivatkund.ica.se/images-v3/bf7a00ca-390e-4769-865f-dc369586872e/c128f1d8-4a6a-491c-a8d2-3a6afa624837/500x500.jpg",
    "productInformation": "Estrella Grillchips är krispiga grovräfflade chips med bastant och fyllig smak av gul lök. Det är faktiskt ett av Sveriges mest populära potatischips! Fantastiskt goda precis som de är eller med dipp. Tillverkade i Göteborg på naturliga ingredienser och vår finaste potatis. En klassiker utan krusiduller och dessutom vegansk. Finns det något godare? Krispig helg med snacks från Estrella!",
    "countryText": "",
    "companyText": "Estrella",
    "ingrediensText": "Potatis, solros-/rapsolja, kryddblandning (lök, salt, maltodextrin, jästextrakt, druvsocker). Kan innehålla spår av MJÖLK",
    "storage": "",
    "allergens": "Kan innehålla Mjölk",
    "usage": "",
    "nutrition": [
      {
        "Näringsvärde": "Energi (kcal)",
        "100 Gram": "517 kcal"
      },
      {
        "Näringsvärde": "Energi (kJ)",
        "100 Gram": "2152 kJ"
      },
      {
        "Näringsvärde": "Fett",
        "100 Gram": "33 g"
      },
      {
        "Näringsvärde": "Varav mättat fett",
        "100 Gram": "2.6 g"
      },
      {
        "Näringsvärde": "Kolhydrat",
        "100 Gram": "46 g"
      },
      {
        "Näringsvärde": "Varav sockerarter",
        "100 Gram": "0.8 g"
      },
      {
        "Näringsvärde": "Fiber",
        "100 Gram": "5.5 g"
      },
      {
        "Näringsvärde": "Protein",
        "100 Gram": "5.5 g"
      },
      {
        "Näringsvärde": "Salt",
        "100 Gram": "1.7 g"
      }
    ],
    "nutritionUnitText": "Näringsvärde per 100 gram",
    "categories": {
      "mainCategory": "Glass, Godis & Snacks",
      "subCategories": [
        {
          "name": "Chips & snacks",
          "subSubCategories": [
            "Chips"
          ]
        }
      ]
    }
  },
  {
    "name": "Chokladkaka Mjölkchoklad 145g Fazer",
    "weightText": "0.145 kg",
    "caPart": "",
    "weightValue": 0.145,
    "weightUnit": "kg",
    "comparePrice": "237,93 kr/kg",
    "currentPrice": 34.5,
    "attributes": [],
    "imgUrl": "https://handlaprivatkund.ica.se/images-v3/bf7a00ca-390e-4769-865f-dc369586872e/a0a72baf-315c-4213-9607-db39dbfb1150/500x500.jpg",
    "productInformation": "Karl Fazer Mjölkchoklad är en klassisk chokladkaka som passar perfekt för alla tillfällen - fredagsmys med familjen eller om du ska ha middag med vänner. Vår choklad är gjord på färsk mjölk och 100% spårbar och ansvarsfullt producerad kakao. Ät och njut!",
    "countryText": "",
    "companyText": "Fazer",
    "ingrediensText": "Ingredienser: MJÖLK/MÆLK/MELK, socker, kakaosmör, kakaomassa, emulgeringsmedel (SOJAlecitin), salt, naturlig arom (vanilj). KAN INNEHÅLLA NÖTTER, MANDLAR OCH SPANNMÅL SOM INNEHÅLLER GLUTEN/KAN INDEHOLDE NØDDER, MANDLER OG KORNPRODUKTER/KORNSLAG SOM INDEHOLDER GLUTEN. Mjölkchokladen innehåller minst 30% kakao/Kakaotørstof.",
    "storage": "",
    "allergens": "Innehåller Mjölk Innehåller Sojabönor Kan innehålla Nötter (eng: tree nuts) Kan innehålla Spannmål som innehåller gluten",
    "usage": "",
    "nutrition": [
      {
        "Näringsvärde": "Energi (kcal)",
        "100 Gram": "550 kcal"
      },
      {
        "Näringsvärde": "Energi (kJ)",
        "100 Gram": "2260 kJ"
      },
      {
        "Näringsvärde": "Fett",
        "100 Gram": "33 g"
      },
      {
        "Näringsvärde": "Varav mättat fett",
        "100 Gram": "21 g"
      },
      {
        "Näringsvärde": "Kolhydrat",
        "100 Gram": "49 g"
      },
      {
        "Näringsvärde": "Varav sockerarter",
        "100 Gram": "48 g"
      },
      {
        "Näringsvärde": "Protein",
        "100 Gram": "11 g"
      },
      {
        "Näringsvärde": "Salt",
        "100 Gram": "0.35 g"
      }
    ],
    "nutritionUnitText": "Näringsvärde per 100 gram",
    "categories": {
      "mainCategory": "Glass, Godis & Snacks",
      "subCategories": [
        {
          "name": "Choklad",
          "subSubCategories": [
            "Chokladkakor",
            "Ljus choklad"
          ]
        }
      ]
    }
  },
  {
    "name": "Choklad Polly Original Blå 200g Cloetta",
    "weightText": "0.2 kg",
    "caPart": "",
    "weightValue": 0.2,
    "weightUnit": "kg",
    "comparePrice": "154,75 kr/kg",
    "currentPrice": 30.95,
    "attributes": [
      "Rainforest Alliance certifierad"
    ],
    "imgUrl": "https://handlaprivatkund.ica.se/images-v3/bf7a00ca-390e-4769-865f-dc369586872e/a3ba8177-f11c-424e-be69-90091e54a6b5/500x500.jpg",
    "productInformation": "Polly original är härligt sega skumtoppar dragerade med en ljuvlig chokladsmak. De ljusa Polly-kulorna har två smaker, arrak och smörkola medans de mörka kulorna har en smak av vanilj. Kombinationen av ett frestande segt inre med smaken av choklad gör godispåsen så mumsigt att det är omöjligt att bara ta en.",
    "countryText": "",
    "companyText": "Cloetta",
    "ingrediensText": "socker, vegetabiliska fetter (palm, shea), invertsockersirap, glukossirap, kakaomassa1, SKUMMJÖLKSPULVER, VASSLEPULVER (MJÖLK), gelatin, emulgeringsmedel (SOJALECITIN, E476), ytbehandlingsmedel (gummi arabicum, shellack), förtjockningsmedel (pektin), aromer (bl.a. vanillin), HELMJÖLKSPULVER, syra (citronsyra), vegetabiliska oljor (kokos, raps). Kan innehålla HASSELNÖTTER och MANDEL. 1Rainforest Alliance Certified. Find out more at ra.org.",
    "storage": "Förvaras torrt och i rumstemperatur. Lägsta förvaringstemperatur 16°C Högsta förvaringstemperatur 20°C",
    "allergens": "Innehåller Mjölk Innehåller Sojabönor Kan innehålla Nötter (eng: tree nuts)",
    "usage": "",
    "nutrition": [
      {
        "Näringsvärde": "Energi (kcal)",
        "100 Gram": "464 kcal"
      },
      {
        "Näringsvärde": "Energi (kJ)",
        "100 Gram": "1946 kJ"
      },
      {
        "Näringsvärde": "Fett",
        "100 Gram": "18 g"
      },
      {
        "Näringsvärde": "Varav mättat fett",
        "100 Gram": "10 g"
      },
      {
        "Näringsvärde": "Kolhydrat",
        "100 Gram": "71 g"
      },
      {
        "Näringsvärde": "Varav sockerarter",
        "100 Gram": "68 g"
      },
      {
        "Näringsvärde": "Protein",
        "100 Gram": "4.1 g"
      },
      {
        "Näringsvärde": "Salt",
        "100 Gram": "0.09 g"
      }
    ],
    "nutritionUnitText": "",
    "categories": {
      "mainCategory": "Jul",
      "subCategories": [
        {
          "name": "Julgodis & Chokladaskar",
          "subSubCategories": [
            "Julgodis"
          ]
        }
      ]
    }
  },
  {
    "name": "Cheese Ballz 225g Olw",
    "weightText": "0.225 kg",
    "caPart": "",
    "weightValue": 0.225,
    "weightUnit": "kg",
    "comparePrice": "148,89 kr/kg",
    "currentPrice": 33.5,
    "attributes": [],
    "imgUrl": "https://handlaprivatkund.ica.se/images-v3/bf7a00ca-390e-4769-865f-dc369586872e/faf40028-fd91-4779-89ec-2712774dc569/500x500.jpg",
    "productInformation": "Otroligt goda och krispiga Cheez Ballz från OLW. Våra cheese balls är en ganska nära släkting till våra klassiska ostbågar cheez doodles, men lite starkare och med dragning åt det mexikanska hållet. Extra frasiga ostbollar som gör fredagsmyset ännu bättre.",
    "countryText": "",
    "companyText": "Olw",
    "ingrediensText": "Majsmjöl, vegetabilisk olja², 12 % OSTPULVER (85% OST, vasslepulver (från MJÖLK), salt, färgämne (betakaroten, paprikaextrakt)), salt, socker, MJÖLKPROTEIN, tomat, druvsocker, KÄRNMJÖLKSPULVER, vasslepulver (från MJÖLK), vitlök, potatisstärkelse, lök, jästextrakt, kryddextrakt (paprika, cayennepeppar), surhetsreglerande medel (citronsyra), arom. ² För info om vilken olja som använts se www.olw.se/ravaror",
    "storage": "",
    "allergens": "Innehåller Mjölk",
    "usage": "",
    "nutrition": [
      {
        "Näringsvärde": "Energi (kcal)",
        "100 Gram": "540 kcal"
      },
      {
        "Näringsvärde": "Energi (kJ)",
        "100 Gram": "2250 kJ"
      },
      {
        "Näringsvärde": "Fett",
        "100 Gram": "31 g"
      },
      {
        "Näringsvärde": "Varav mättat fett",
        "100 Gram": "15 g"
      },
      {
        "Näringsvärde": "Kolhydrat",
        "100 Gram": "54 g"
      },
      {
        "Näringsvärde": "Varav sockerarter",
        "100 Gram": "2.8 g"
      },
      {
        "Näringsvärde": "Protein",
        "100 Gram": "11 g"
      },
      {
        "Näringsvärde": "Salt",
        "100 Gram": "1.9 g"
      }
    ],
    "nutritionUnitText": "Näringsvärde per 100 gram",
    "categories": {
      "mainCategory": "Glass, Godis & Snacks",
      "subCategories": [
        {
          "name": "Chips & snacks",
          "subSubCategories": [
            "Ostbågar"
          ]
        }
      ]
    }
  },
  {
    "name": "Potatischips Lättsaltade 275g Estrella",
    "weightText": "0.275 kg",
    "caPart": "",
    "weightValue": 0.275,
    "weightUnit": "kg",
    "comparePrice": "114,55 kr/kg",
    "currentPrice": 31.5,
    "attributes": [],
    "imgUrl": "https://handlaprivatkund.ica.se/images-v3/bf7a00ca-390e-4769-865f-dc369586872e/1d688a5e-2159-43b4-b0b2-1d9df5d8246c/500x500.jpg",
    "productInformation": "Estrella Salta Potatischips är krispiga släta chips med lätt och härlig sälta som lyfter den goda potatisen till skyarna. De klassiska tunna chipsen är extra krispiga samtidigt som de nästan smälter i munnen. Perfekta att dippa eller servera precis som de är. Direkt från chipsfabriken i Göteborg på naturliga råvaror för godaste smak. Bara potatis, olja och salt - finn det något godare? Krispig helg med snacks från Estrella!",
    "countryText": "",
    "companyText": "Estrella",
    "ingrediensText": "Potatis, solros-/rapsolja, salt. Kan innehålla spår av MJÖLK.",
    "storage": "",
    "allergens": "Kan innehålla Mjölk",
    "usage": "",
    "nutrition": [
      {
        "Näringsvärde": "Energi (kcal)",
        "100 Gram": "513 kcal"
      },
      {
        "Näringsvärde": "Energi (kJ)",
        "100 Gram": "2138 kJ"
      },
      {
        "Näringsvärde": "Fett",
        "100 Gram": "32 g"
      },
      {
        "Näringsvärde": "Varav mättat fett",
        "100 Gram": "2.6 g"
      },
      {
        "Näringsvärde": "Kolhydrat",
        "100 Gram": "47 g"
      },
      {
        "Näringsvärde": "Varav sockerarter",
        "100 Gram": "0.5 g"
      },
      {
        "Näringsvärde": "Fiber",
        "100 Gram": "5.5 g"
      },
      {
        "Näringsvärde": "Protein",
        "100 Gram": "5.8 g"
      },
      {
        "Näringsvärde": "Salt",
        "100 Gram": "1.3 g"
      }
    ],
    "nutritionUnitText": "Näringsvärde per 100 gram",
    "categories": {
      "mainCategory": "Glass, Godis & Snacks",
      "subCategories": [
        {
          "name": "Chips & snacks",
          "subSubCategories": [
            "Chips"
          ]
        }
      ]
    }
  },
  {
    "name": "Jordnötter 250g ICA",
    "weightText": "0.25 kg",
    "caPart": "",
    "weightValue": 0.25,
    "weightUnit": "kg",
    "comparePrice": "75,80 kr/kg",
    "currentPrice": 18.95,
    "attributes": [],
    "imgUrl": "https://handlaprivatkund.ica.se/images-v3/bf7a00ca-390e-4769-865f-dc369586872e/18a94fe4-d2a2-49e8-adf8-69aa63c08068/500x500.jpg",
    "productInformation": "ICA Jordnötter är världens populäraste nöt, vilket egentligen är konstigt eftersom jordnöten inte alls är en nöt utan ett frö i en baljväxt. Nöt eller ej – du kan äta den på en massa olika sätt: precis som den är, lägga den på glass eller kanske i en asiatisk gryta.",
    "countryText": "",
    "companyText": "ICA",
    "ingrediensText": "INGREDIENSER: JORDNÖTTER* 95%, solrosolja, salt. Kan innehålla spår av cashewnötter, mandel, hasselnötter, pistagenötter, pekannötter, macadamianötter, paranötter, valnötter. *Odlade i icke EU.",
    "storage": "Förvaras torrt och svalt, ej över normal rumstemperatur.",
    "allergens": "",
    "usage": "",
    "nutrition": [
      {
        "Näringsvärde": "Energi (kcal)",
        "100 Gram": "617 kcal"
      },
      {
        "Näringsvärde": "Energi (kJ)",
        "100 Gram": "2555 kJ"
      },
      {
        "Näringsvärde": "Fett",
        "100 Gram": "51 g"
      },
      {
        "Näringsvärde": "Varav mättat fett",
        "100 Gram": "7.9 g"
      },
      {
        "Näringsvärde": "Kolhydrat",
        "100 Gram": "11 g"
      },
      {
        "Näringsvärde": "Varav sockerarter",
        "100 Gram": "5.3 g"
      },
      {
        "Näringsvärde": "Protein",
        "100 Gram": "25 g"
      },
      {
        "Näringsvärde": "Salt",
        "100 Gram": "0.97 g"
      }
    ],
    "nutritionUnitText": "Näringsvärde per 100 gram",
    "categories": {
      "mainCategory": "Glass, Godis & Snacks",
      "subCategories": [
        {
          "name": "Chips & snacks",
          "subSubCategories": [
            "Salta nötter",
            "Jordnötter saltade"
          ]
        }
      ]
    }
  },
  {
    "name": "Chips Dill & Gräslök 275g OLW",
    "weightText": "0.275 kg",
    "caPart": "",
    "weightValue": 0.275,
    "weightUnit": "kg",
    "comparePrice": "114,55 kr/kg",
    "currentPrice": 31.5,
    "attributes": [],
    "imgUrl": "https://handlaprivatkund.ica.se/images-v3/bf7a00ca-390e-4769-865f-dc369586872e/570a1315-daaf-46d4-92ad-e9f069d83f87/500x500.jpg",
    "productInformation": "Goda och krispiga Dill & Gräslök chips från OLW. Vi använder oss av naturliga ingredienser och den allra finaste potatisen, allt för att skapa de bästa chipsen. Våra grovräfflade dillchips för tankarna till den svenska sommaren med sin goda kryddning. Utsökt!",
    "countryText": "",
    "companyText": "Olw",
    "ingrediensText": "Potatis, solrosolja, kryddblandning (potatisstärkelse, salt, socker, jästextrakt, lök, druvsocker, dill, gräslök, surhetsreglerande medel (citronsyra), dillextrakt, naturlig arom).",
    "storage": "",
    "allergens": "",
    "usage": "",
    "nutrition": [
      {
        "Näringsvärde": "Energi (kcal)",
        "100 Gram": "520 kcal"
      },
      {
        "Näringsvärde": "Energi (kJ)",
        "100 Gram": "2200 kJ"
      },
      {
        "Näringsvärde": "Fett",
        "100 Gram": "33 g"
      },
      {
        "Näringsvärde": "Varav mättat fett",
        "100 Gram": "3.4 g"
      },
      {
        "Näringsvärde": "Kolhydrat",
        "100 Gram": "58 g"
      },
      {
        "Näringsvärde": "Varav sockerarter",
        "100 Gram": "2.5 g"
      },
      {
        "Näringsvärde": "Protein",
        "100 Gram": "5 g"
      },
      {
        "Näringsvärde": "Salt",
        "100 Gram": "1.9 g"
      }
    ],
    "nutritionUnitText": "Näringsvärde per 100 gram",
    "categories": {
      "mainCategory": "Glass, Godis & Snacks",
      "subCategories": [
        {
          "name": "Chips & snacks",
          "subSubCategories": [
            "Chips"
          ]
        }
      ]
    }
  },
  {
    "name": "Chips Sour Cream & Onion 165g Pringles",
    "weightText": "0.165 kg",
    "caPart": "",
    "weightValue": 0.165,
    "weightUnit": "kg",
    "comparePrice": "227,27 kr/kg",
    "currentPrice": 37.5,
    "attributes": [],
    "imgUrl": "https://handlaprivatkund.ica.se/images-v3/bf7a00ca-390e-4769-865f-dc369586872e/dcb4fda0-594c-495f-ab4a-23c3b033e409/500x500.jpg",
    "productInformation": "Information från leverantör \n En god twist på klassiska snacks – Pringles Sour Cream & Onion-chips är ett perfekt sätt att liva upp snacksen. Pringles Sour Cream & Onion-chips har en tydlig smak som garanterat kommer att stilla även de mest intensiva begär. De här ljuvliga chipsen är perfekta för alla typer av fester eller som ett snabbt snacks under eftermiddagen eller framför tv:n på kvällen. Tack vare vår klassiska återförslutningsbara förpackning är Pringles Sour Cream & Onion-chips alltid fräscha – oavsett när du väljer att äta dem. Pop, Play, Eat med Pringles Sour Cream & Onion-chips.",
    "countryText": "",
    "companyText": "Pringles",
    "ingrediensText": "Vakuumtorkad potatis / Tørrede kartofler / Tørkede poteter, vegetabiliska oljor / vegetabilske olier / vegetabilske oljer (solros / solsikke, palm / palme, mais / majs) i varierande proportion / i variabelt mængdeforhold / i varierende proporsjoner, VETEMJÖL / HVEDEMEL / HVETEMEL, majsmjöl / majsmel, rismjöl / rismel, gräddfil- och lökkryddblandning / creme fraiche- og løgkrydderiblanding / rømme- og løkkrydderblanding (lökpulver, VETESTÄRKELSE / HVEDESTIVELSE / HVETESTIVELSE, maltodextrin, smakförstärkare / smagsforstærkere {mononatriumglutamat, dinatriumguanylat, dinatriuminosinat}, druvsocker / dextrose, solrosolja / solsikkeolie, salt, aromaer {MJÖLK / MÆLK / MELK}, socker / sukker, gräddfilspulver {MJÖLK} / creme fraichepulver {MÆLK} / rømmepulver {MELK}, modifierad majsstärkelse / modificeret / modifisert / -majsstivelse, sött vasslepulver {mjölk} / sød vallepulver {mælk} / søtt mysepulver {melk}, glukossirap / glukosesirup, syror {citronsyra / sitronsyre, mjölksyra / mælkesyre, äppel / æble / eple / -syra}, MJÖLKPROTEINER / MÆLKEPROTEINER / MELKEPROTEINER), maltodextrin, emulgeringsmedel / emulgator (E471), salt, färgämne / farve / farge (annattoextrakt / annattoekstrakter / - norbixin). Kan innehålla / Kan indeholde / Kan inneholde soja / soya.",
    "storage": "",
    "allergens": "",
    "usage": "",
    "nutrition": [
      {
        "Näringsvärde": "Energi (kcal)",
        "100 Gram": "525 kcal"
      },
      {
        "Näringsvärde": "Energi (kJ)",
        "100 Gram": "2191 kJ"
      },
      {
        "Näringsvärde": "Fett",
        "100 Gram": "30 g"
      },
      {
        "Näringsvärde": "Varav mättat fett",
        "100 Gram": "6.4 g"
      },
      {
        "Näringsvärde": "Kolhydrat",
        "100 Gram": "56 g"
      },
      {
        "Näringsvärde": "Varav sockerarter",
        "100 Gram": "2.7 g"
      },
      {
        "Näringsvärde": "Fiber",
        "100 Gram": "3.4 g"
      },
      {
        "Näringsvärde": "Protein",
        "100 Gram": "6 g"
      },
      {
        "Näringsvärde": "Salt",
        "100 Gram": "1.3 g"
      }
    ],
    "nutritionUnitText": "Näringsvärde per 100 gram",
    "categories": {
      "mainCategory": "Glass, Godis & Snacks",
      "subCategories": [
        {
          "name": "Chips & snacks",
          "subSubCategories": [
            "Chips"
          ]
        }
      ]
    }
  },
  {
    "name": "Glass Gammeldags vanilj 500ml GB Gräddglass",
    "weightText": "0.5 l",
    "caPart": "",
    "weightValue": 0.5,
    "weightUnit": "l",
    "comparePrice": "39,90 kr/l",
    "currentPrice": 19.95,
    "attributes": [],
    "imgUrl": "https://handlaprivatkund.ica.se/images-v3/bf7a00ca-390e-4769-865f-dc369586872e/569d0219-3a00-4c96-bb1b-97987fa007b4/500x500.jpg",
    "productInformation": "Gräddglass Gammaldags Vanilj från GB Glace är en ljuvligt krämig gräddglass gjord på hållbart producerad grädde från svenska gårdar. Den färska grädden blandas med äggula, vanilj och socker. Precis som förr i tiden. Enda skillnaden är att den numera görs i vår glassfabrik i Flen, i hjärtat av Sörmland. Den goda gräddglassen förpackas i en pappersförpackning som dessutom är växtbaserad. Och när du har provat vanilj finns det fler smaker att välja mellan. Hos oss finns en smak för varje tillfälle för att du och dina vänner ska kunna njuta av glass tillsammans. Flera gånger. Året om. Förvara glassen vid -18°C eller kallare. GB Glace – Glassglädje och Gemenskap sedan 1942. Våra grundare hade visionen att sprida glädje genom härlig och välsmakande glass vars magi för oss samman och smälter bort hindren mellan människor. Vi vill göra folk glada. Varje dag. Vårt mål är att erbjuda god glass av bra kvalitet till dig samtidigt som vi vill att våra produkter ska överträffa dina förväntningar varje gång. Glassfabriken och vårt hjärta finns i Flen och där producerar vi varje år både omtyckta klassiker såväl som nyheter med omsorgsfullt utvalda ingredienser och omtanke om miljön. Vi vill se till att det finns en glass för alla och hoppas att du kan hitta mer än en favorit bland de glassar som vi erbjuder!",
    "countryText": "",
    "companyText": "GB Gräddglass",
    "ingrediensText": "Ingredienser: SKUMMJÖLK, GRÄDDE (29%), koncentrerad SKUMMJÖLK, socker, MJÖLKFETT, ÄGGULA (1,5%), vaniljstångbitar, arom.",
    "storage": "Lägsta förvaringstemperatur -25°C Högsta förvaringstemperatur -18°C",
    "allergens": "Innehåller Ägg Innehåller Mjölk",
    "usage": "",
    "nutrition": [
      {
        "Näringsvärde": "Energi (kcal)",
        "100 Milliliter": "117 kcal",
        "% av DRI(*)": "6"
      },
      {
        "Näringsvärde": "Energi (kJ)",
        "100 Milliliter": "488 kJ",
        "% av DRI(*)": "6"
      },
      {
        "Näringsvärde": "Fett",
        "100 Milliliter": "8 g",
        "% av DRI(*)": "11"
      },
      {
        "Näringsvärde": "Varav mättat fett",
        "100 Milliliter": "5.3 g",
        "% av DRI(*)": "27"
      },
      {
        "Näringsvärde": "Kolhydrat",
        "100 Milliliter": "9.1 g",
        "% av DRI(*)": "4"
      },
      {
        "Näringsvärde": "Varav sockerarter",
        "100 Milliliter": "9.1 g",
        "% av DRI(*)": "10"
      },
      {
        "Näringsvärde": "Protein",
        "100 Milliliter": "2 g",
        "% av DRI(*)": "4"
      },
      {
        "Näringsvärde": "Salt",
        "100 Milliliter": "0.07 g",
        "% av DRI(*)": "1"
      }
    ],
    "nutritionUnitText": "Näringsvärde per 100 milliliter",
    "categories": {
      "mainCategory": "Glass, Godis & Snacks",
      "subCategories": [
        {
          "name": "Glass",
          "subSubCategories": [
            "Små Glasspaket"
          ]
        }
      ]
    }
  },
  {
    "name": "Glass Chocolate & Vanilla Half Baked 465ml Ben & Jerrys",
    "weightText": "0.465 l",
    "caPart": "",
    "weightValue": 0.465,
    "weightUnit": "l",
    "comparePrice": "141,83 kr/l",
    "currentPrice": 65.95,
    "attributes": [
      "Rättvisemärkt"
    ],
    "imgUrl": "https://handlaprivatkund.ica.se/images-v3/bf7a00ca-390e-4769-865f-dc369586872e/e12c4d07-816f-40f8-8112-f2459ea2f651/500x500.jpg",
    "productInformation": "Ben & Jerry's Half Baked är choklad- och vaniljgräddglass med browniebitar och kakdegsbitar med chokladbitar. Detta är en av de klassiska Ben & Jerry's smakerna så om du inte har provat den, är det dags nu! När du väl provat, är chansen stor att den blir en av dina favoriter. Alla Ben & Jerry's smaker är 100% Fairtrade-certifierad.",
    "countryText": "",
    "companyText": "Ben & Jerrys",
    "ingrediensText": "Ingredienser: GRÄDDE (25%), vatten, socker, kondenserad SKUMMJÖLK, mjöl (VETE, mältat KORN), kakaopulver (2%), farinsocker, ÄGGULA, SMÖR, sojaolja, fettreducerat kakaopulver, ÄGG, kakaomassa, melass, torkad ÄGGVITA, vaniljextrakt, stabiliseringsmedel (guarkärnmjöl, karragenan), salt, kakaosmör, naturlig arom (innehåller MJÖLK), naturlig vaniljarom, emulgeringsmedel (SOJALECITIN), bakpulver (natriumbikarbonat). > Socker, kakao, vanilj handlade utifrån principerna för massbalans. Totalt 73% exklusive vatten och mejeriF. Finfo.fairtrade.net/sourcing",
    "storage": "Förvaring vid -18°C eller kallare. Lägsta förvaringstemperatur -25°C Högsta förvaringstemperatur -18°C",
    "allergens": "Innehåller Mjölk Innehåller Spannmål som innehåller gluten Innehåller Sojabönor Innehåller Ägg",
    "usage": "",
    "nutrition": [
      {
        "Näringsvärde": "Energi (kcal)",
        "100 Gram": "265 kcal"
      },
      {
        "Näringsvärde": "Energi (kJ)",
        "100 Gram": "1111 kJ"
      },
      {
        "Näringsvärde": "Fett",
        "100 Gram": "13 g"
      },
      {
        "Näringsvärde": "Varav mättat fett",
        "100 Gram": "8.1 g"
      },
      {
        "Näringsvärde": "Kolhydrat",
        "100 Gram": "32 g"
      },
      {
        "Näringsvärde": "Varav sockerarter",
        "100 Gram": "27 g"
      },
      {
        "Näringsvärde": "Fiber",
        "100 Gram": "1.3 g"
      },
      {
        "Näringsvärde": "Protein",
        "100 Gram": "4.2 g"
      },
      {
        "Näringsvärde": "Salt",
        "100 Gram": "0.21 g"
      }
    ],
    "nutritionUnitText": "Näringsvärde per 100 gram",
    "categories": {
      "mainCategory": "Glass, Godis & Snacks",
      "subCategories": [
        {
          "name": "Glass",
          "subSubCategories": [
            "Små Glasspaket"
          ]
        }
      ]
    }
  },
  {
    "name": "Jordnötsringar 250g Estrella",
    "weightText": "0.25 kg",
    "caPart": "",
    "weightValue": 0.25,
    "weightUnit": "kg",
    "comparePrice": "119,80 kr/kg",
    "currentPrice": 29.95,
    "attributes": [],
    "imgUrl": "https://handlaprivatkund.ica.se/images-v3/bf7a00ca-390e-4769-865f-dc369586872e/4dfbaeed-1cd4-422c-8d4e-796161b8e7bf/500x500.jpg",
    "productInformation": "Estrella Jordnötsringar är krispiga snacksringar smaksatta med äkta jordnötssmör. En riktig klassiker från Estrella sedan 1977. Den krispiga basen är en robust fullkornsblandning av majs, ris, råg och korn formade till ringar som passar både stora och små nötälskare. Ett veganvänligt snacks från chipsfabriken i Göteborg. Dessutom med plast-bantad påse. Mindre plast = godare snacks.",
    "countryText": "",
    "companyText": "Estrella",
    "ingrediensText": "JORDNÖTSSMÖR 29% (malda rostade JORDNÖTTER, druvsocker, salt), majsmjöl, rismjöl, solros- /rapsolja, KORNmjöl, RÅGmjöl, socker, salt, druvsocker.",
    "storage": "",
    "allergens": "JORDNÖTSSMÖR, JORDNÖTTER, NÖTTER och MJÖLK",
    "usage": "",
    "nutrition": [
      {
        "Näringsvärde": "Energi (kcal)",
        "100 Gram": "465 kcal"
      },
      {
        "Näringsvärde": "Energi (kJ)",
        "100 Gram": "1945 kJ"
      },
      {
        "Näringsvärde": "Fett",
        "100 Gram": "25 g"
      },
      {
        "Näringsvärde": "Varav mättat fett",
        "100 Gram": "3.1 g"
      },
      {
        "Näringsvärde": "Kolhydrat",
        "100 Gram": "46 g"
      },
      {
        "Näringsvärde": "Varav sockerarter",
        "100 Gram": "8.4 g"
      },
      {
        "Näringsvärde": "Fiber",
        "100 Gram": "5.5 g"
      },
      {
        "Näringsvärde": "Protein",
        "100 Gram": "12 g"
      },
      {
        "Näringsvärde": "Salt",
        "100 Gram": "2.3 g"
      }
    ],
    "nutritionUnitText": "Näringsvärde per 100 gram",
    "categories": {
      "mainCategory": "Glass, Godis & Snacks",
      "subCategories": [
        {
          "name": "Chips & snacks",
          "subSubCategories": [
            "Chips"
          ]
        }
      ]
    }
  },
  {
    "name": "Västkustchips Havssalt Räfflade 180g Estrella",
    "weightText": "0.18 kg",
    "caPart": "",
    "weightValue": 0.18,
    "weightUnit": "kg",
    "comparePrice": "169,44 kr/kg",
    "currentPrice": 30.5,
    "attributes": [
      "Svenskt sigill"
    ],
    "imgUrl": "https://handlaprivatkund.ica.se/images-v3/bf7a00ca-390e-4769-865f-dc369586872e/03acb094-0ccf-472c-9a98-621510b19a3a/500x500.jpg",
    "productInformation": "Estrella Västkustchips Havssalt är Estrellas grytfriterade potatischips med riktigt krispig textur, goda grova räfflor och precis rätt mängd salt. Dessa premiumchips tillverkas i Göteborg med noga utvalt svensk potatis som skivas med skalet kvar och grytfriteras i små omgångar under längre tid än vanliga chips. Resultatet? Extra krispiga och smakrika chips – en naturligt krispig smakupplevelse! Miljömärkt med Svenskt Sigill.",
    "countryText": "",
    "companyText": "Estrella",
    "ingrediensText": "Potatis*, solros-/rapsolja i varierande proportion, havssalt. Kan innehålla spår av MJÖLK. *Sigillråvara.",
    "storage": "",
    "allergens": "Kan innehålla spår av Mjölk.",
    "usage": "",
    "nutrition": [
      {
        "Näringsvärde": "Energi (kcal)",
        "100 Gram": "481 kcal"
      },
      {
        "Näringsvärde": "Energi (kJ)",
        "100 Gram": "2009 kJ"
      },
      {
        "Näringsvärde": "Fett",
        "100 Gram": "27 g"
      },
      {
        "Näringsvärde": "Varav mättat fett",
        "100 Gram": "2.3 g"
      },
      {
        "Näringsvärde": "Kolhydrat",
        "100 Gram": "51 g"
      },
      {
        "Näringsvärde": "Varav sockerarter",
        "100 Gram": "0.6 g"
      },
      {
        "Näringsvärde": "Fiber",
        "100 Gram": "6 g"
      },
      {
        "Näringsvärde": "Protein",
        "100 Gram": "6.3 g"
      },
      {
        "Näringsvärde": "Salt",
        "100 Gram": "1.2 g"
      }
    ],
    "nutritionUnitText": "Näringsvärde per 100 gram",
    "categories": {
      "mainCategory": "Glass, Godis & Snacks",
      "subCategories": [
        {
          "name": "Chips & snacks",
          "subSubCategories": [
            "Chips"
          ]
        }
      ]
    }
  },
  {
    "name": "Russin Kärnfria 500g ICA",
    "weightText": "0.5 kg",
    "caPart": "",
    "weightValue": 0.5,
    "weightUnit": "kg",
    "comparePrice": "81,90 kr/kg",
    "currentPrice": 40.95,
    "attributes": [],
    "imgUrl": "https://handlaprivatkund.ica.se/images-v3/bf7a00ca-390e-4769-865f-dc369586872e/80f401a7-a529-436e-856c-5503e9acdb61/500x500.jpg",
    "productInformation": "ICA Russin är solmogna vindruvor som har fått torka för att till slut bli söta russin. Perfekt till müslin, i baket eller som snacks eller mellanmål.",
    "countryText": "",
    "companyText": "ICA",
    "ingrediensText": "Kärnfria russin*/stenfrie rosiner*, solrosolja. * Odlade i USA.",
    "storage": "",
    "allergens": "",
    "usage": "",
    "nutrition": [],
    "nutritionUnitText": "",
    "categories": {
      "mainCategory": "Jul",
      "subCategories": [
        {
          "name": "Julbak",
          "subSubCategories": [
            "Saffran & Bullbak"
          ]
        }
      ]
    }
  },
  {
    "name": "Dumle Original 200g Fazer",
    "weightText": "0.2 kg",
    "caPart": "",
    "weightValue": 0.2,
    "weightUnit": "kg",
    "comparePrice": "177,50 kr/kg",
    "currentPrice": 35.5,
    "attributes": [],
    "imgUrl": "https://handlaprivatkund.ica.se/images-v3/bf7a00ca-390e-4769-865f-dc369586872e/d3757afb-25dc-43d6-a085-ec430ce822a7/500x500.jpg",
    "productInformation": "Dumle är en populär och älskad klassiker som nästan alla känner till! En utsökt krämig kola täckt i härlig mjölkchoklad. Dumle är ett gott sällskap som garanterat gör dig på glatt humör. Dela glädjen - påsen är perfekt att bjuda på! Tillverkad av 100% ansvarsfullt producerad kakao.",
    "countryText": "",
    "companyText": "Fazer",
    "ingrediensText": "Ingredienser: glukossirap, socker, vegetabiliskt fett (palm), helMJÖLKSpulver/sødMÆLKSpulver/tørrMELK, kakaosmör, vasslepulver (av MJÖLK)/vallepulver (fra MÆLK)/mysepulver (fra MELK), kakaomassa, skumMJÖLKSpulver/skummetMÆLKSpulver, salt, emulgeringsmedel (SOJAlecitin), aromer (kola/karamell, vanillin). KAN INNEHÅLLA NÖTTER, MANDLAR OCH SPANNMÅL SOM INNEHÅLLER GLUTEN/KAN INDEHOLDE NØDDER, MANDLER OG KORNPRODUKTER/KORNSLAG SOM INDEHOLDER GLUTEN. Mjölkchokladen innehåller minst 30% kakao/kakaotørstof.",
    "storage": "",
    "allergens": "",
    "usage": "",
    "nutrition": [
      {
        "Näringsvärde": "Energi (kcal)",
        "100 Gram": "475 kcal"
      },
      {
        "Näringsvärde": "Energi (kJ)",
        "100 Gram": "1988 kJ"
      },
      {
        "Näringsvärde": "Fett",
        "100 Gram": "22 g"
      },
      {
        "Näringsvärde": "Varav mättat fett",
        "100 Gram": "15 g"
      },
      {
        "Näringsvärde": "Kolhydrat",
        "100 Gram": "67 g"
      },
      {
        "Näringsvärde": "Varav sockerarter",
        "100 Gram": "53 g"
      },
      {
        "Näringsvärde": "Protein",
        "100 Gram": "3.2 g"
      },
      {
        "Näringsvärde": "Salt",
        "100 Gram": "0.3 g"
      }
    ],
    "nutritionUnitText": "Näringsvärde per 100 gram",
    "categories": {
      "mainCategory": "Glass, Godis & Snacks",
      "subCategories": [
        {
          "name": "Godis",
          "subSubCategories": [
            "Godispåsar",
            "Chokladpåsar"
          ]
        }
      ]
    }
  },
  {
    "name": "Choklad Polly Röd 200g Cloetta",
    "weightText": "0.2 kg",
    "caPart": "",
    "weightValue": 0.2,
    "weightUnit": "kg",
    "comparePrice": "154,75 kr/kg",
    "currentPrice": 30.95,
    "attributes": [
      "Rainforest Alliance certifierad"
    ],
    "imgUrl": "https://handlaprivatkund.ica.se/images-v3/bf7a00ca-390e-4769-865f-dc369586872e/6f2b908f-5898-4996-8863-60e0fc1b545f/500x500.jpg",
    "productInformation": "Polly är härligt sega skumtoppar dragerade med en ljuvlig chokladsmak. Polly Milkchoco har enbart en smak av arrak och smörkola. Kombinationen av ett frestande segt inre med smaken av choklad gör godispåsen så mumsigt att det är omöjligt att bara ta en.",
    "countryText": "",
    "companyText": "Cloetta",
    "ingrediensText": "Socker (EU), vegetabiliska fetter (palm, shea), invertsockersirap, glukossirap, SKUMMJÖLKSPULVER, VASSLEPULVER (MJÖLK), kakaomassa1, gelatin, emulgeringsmedel (SOJALECITIN, E476), ytbehandlingsmedel (gummi arabicum, shellack), aromer (bl.a. vanillin), förtjockningsmedel (pektin), syra (citronsyra), vegetabiliska oljor (kokos, raps). Kan innehålla HASSELNÖTTER och MANDEL. 1Rainforest Alliance Certified. Find out more at ra.org.",
    "storage": "Förvaras torrt och i rumstemperatur. Lägsta förvaringstemperatur 16°C Högsta förvaringstemperatur 20°C",
    "allergens": "Innehåller Mjölk Innehåller Sojabönor Kan innehålla Nötter (eng: tree nuts)",
    "usage": "",
    "nutrition": [
      {
        "Näringsvärde": "Energi (kcal)",
        "100 Gram": "467 kcal"
      },
      {
        "Näringsvärde": "Energi (kJ)",
        "100 Gram": "1959 kJ"
      },
      {
        "Näringsvärde": "Fett",
        "100 Gram": "18 g"
      },
      {
        "Näringsvärde": "Varav mättat fett",
        "100 Gram": "10 g"
      },
      {
        "Näringsvärde": "Kolhydrat",
        "100 Gram": "71 g"
      },
      {
        "Näringsvärde": "Varav sockerarter",
        "100 Gram": "68 g"
      },
      {
        "Näringsvärde": "Protein",
        "100 Gram": "4.6 g"
      },
      {
        "Näringsvärde": "Salt",
        "100 Gram": "0.12 g"
      }
    ],
    "nutritionUnitText": "",
    "categories": {
      "mainCategory": "Jul",
      "subCategories": [
        {
          "name": "Julgodis & Chokladaskar",
          "subSubCategories": [
            "Julgodis"
          ]
        }
      ]
    }
  },
  {
    "name": "Nappar Fruit 80g Haribo",
    "weightText": "0.08 kg",
    "caPart": "",
    "weightValue": 0.08,
    "weightUnit": "kg",
    "comparePrice": "143,75 kr/kg",
    "currentPrice": 11.5,
    "attributes": [],
    "imgUrl": "https://handlaprivatkund.ica.se/images-v3/bf7a00ca-390e-4769-865f-dc369586872e/12c427f2-22d7-45d8-be11-3656fb113429/500x500.jpg",
    "productInformation": "De små favoriterna med fruktsmak",
    "countryText": "",
    "companyText": "Haribo",
    "ingrediensText": "Ingredienser: Glukossirap; socker; gelatin; druvsocker; syra: citronsyra; frukt- och plantkoncentrat: spirulina, safflor, äpple, citron, rättika, sötpotatis, morot, svarta vinbär, hibiskus; arom; solrosolja; ytbehandlingsmedel: bivax vitt och gult.",
    "storage": "Skyddas mot värme och fukt Lägsta förvaringstemperatur 13°C Högsta förvaringstemperatur 25°C",
    "allergens": "Kan innehålla Spannmål som innehåller gluten",
    "usage": "",
    "nutrition": [
      {
        "Näringsvärde": "Energi (kcal)",
        "100 Gram": "343 kcal"
      },
      {
        "Näringsvärde": "Energi (kJ)",
        "100 Gram": "1459 kJ"
      },
      {
        "Näringsvärde": "Fett",
        "100 Gram": "0.5 g"
      },
      {
        "Näringsvärde": "Varav mättat fett",
        "100 Gram": "0.1 g"
      },
      {
        "Näringsvärde": "Kolhydrat",
        "100 Gram": "77 g"
      },
      {
        "Näringsvärde": "Varav sockerarter",
        "100 Gram": "46 g"
      },
      {
        "Näringsvärde": "Protein",
        "100 Gram": "6.9 g"
      },
      {
        "Näringsvärde": "Salt",
        "100 Gram": "0.07 g"
      }
    ],
    "nutritionUnitText": "Näringsvärde per 100 gram",
    "categories": {
      "mainCategory": "Glass, Godis & Snacks",
      "subCategories": [
        {
          "name": "Godis",
          "subSubCategories": [
            "Godispåsar"
          ]
        }
      ]
    }
  },
  {
    "name": "LantChips Lättsaltade 200g LantChips",
    "weightText": "0.2 kg",
    "caPart": "",
    "weightValue": 0.2,
    "weightUnit": "kg",
    "comparePrice": "119,75 kr/kg",
    "currentPrice": 23.95,
    "attributes": [],
    "imgUrl": "https://handlaprivatkund.ica.se/images-v3/bf7a00ca-390e-4769-865f-dc369586872e/170534f1-d220-47d5-a633-dec178a56ab8/500x500.jpg",
    "productInformation": "",
    "countryText": "",
    "companyText": "LantChips",
    "ingrediensText": "Ingredienser: potatis (71,8%), solrosolja och rapsolja i varierande proportioner, salt.",
    "storage": "",
    "allergens": "",
    "usage": "",
    "nutrition": [
      {
        "Näringsvärde": "Energi (kcal)",
        "100 Gram": "500 kcal"
      },
      {
        "Näringsvärde": "Energi (kJ)",
        "100 Gram": "2092 kJ"
      },
      {
        "Näringsvärde": "Fett",
        "100 Gram": "27 g"
      },
      {
        "Näringsvärde": "Varav mättat fett",
        "100 Gram": "2.7 g"
      },
      {
        "Näringsvärde": "Kolhydrat",
        "100 Gram": "56 g"
      },
      {
        "Näringsvärde": "Varav sockerarter",
        "100 Gram": "0.8 g"
      },
      {
        "Näringsvärde": "Protein",
        "100 Gram": "8.3 g"
      },
      {
        "Näringsvärde": "Salt",
        "100 Gram": "1.2 g"
      }
    ],
    "nutritionUnitText": "Näringsvärde per 100 gram",
    "categories": {
      "mainCategory": "Glass, Godis & Snacks",
      "subCategories": [
        {
          "name": "Chips & snacks",
          "subSubCategories": [
            "Chips"
          ]
        }
      ]
    }
  },
  {
    "name": "Tuggummi White Sweet mint 29g Extra",
    "weightText": "0.029 kg",
    "caPart": "",
    "weightValue": 0.029,
    "weightUnit": "kg",
    "comparePrice": "653,45 kr/kg",
    "currentPrice": 18.95,
    "attributes": [],
    "imgUrl": "https://handlaprivatkund.ica.se/images-v3/bf7a00ca-390e-4769-865f-dc369586872e/e89435d5-5546-4dde-b36f-980a24530d84/500x500.jpg",
    "productInformation": "Sockerfritt tuggummi",
    "countryText": "",
    "companyText": "Extra",
    "ingrediensText": "Ingredienser: Sötningsmedel/sødestoffer Xylitol (32%), Sorbitol, Aspartam, Mannitol, Acesulfam K; Gummibas/gummibase, Förtjockningsmedel/fortykningsmiddel E414, Fuktighetsbevarande Medel/middel E422, Aromer/aromaer, Fyllnadsmedel/fyllstoff E341, Emulgeringsmedel/emulgator SOJA-/SOYALECITIN, Surhetsreglerande Medel/surhedsregulerende Middel E500, Ytbehandlingsmedel/glasurmiddel E903, Antioxidant/antioksidant E320, Färgämne/farvestof/fargestof E133.",
    "storage": "Ska förvaras torrt och svalt Lägsta förvaringstemperatur 5°C Högsta förvaringstemperatur 25°C",
    "allergens": "Innehåller Sojabönor",
    "usage": "Konsumera snarast efter öppnandet. Tugga i minst 20 minuter efter intagande av mat och dryck. Varierad och balanserad kost och hälsosam livsstil är viktig. \n \n ÖVERDRIVEN KONSUMTION/OVERDREVET FORBRUG/INNTAK KAN HA LAXERANDE EFFEKT/KAN VIRKE AFFØRENDE. INNEHÅLLER/INNEHOLDER EN KÄLLA TILL FENYLALANIN/INNEHOLDER EN KILDE TIL FENYLALANIN.",
    "nutrition": [
      {
        "Näringsvärde": "Energi (kcal)",
        "100 Gram": "155 kcal"
      },
      {
        "Näringsvärde": "Energi (kJ)",
        "100 Gram": "647 kJ"
      },
      {
        "Näringsvärde": "Fett",
        "100 Gram": "0 g"
      },
      {
        "Näringsvärde": "Varav mättat fett",
        "100 Gram": "0 g"
      },
      {
        "Näringsvärde": "Kolhydrat",
        "100 Gram": "65 g"
      },
      {
        "Näringsvärde": "Varav sockerarter",
        "100 Gram": "0 g"
      },
      {
        "Näringsvärde": "Varav polyoler",
        "100 Gram": "65 g"
      },
      {
        "Näringsvärde": "Protein",
        "100 Gram": "0 g"
      },
      {
        "Näringsvärde": "Salt",
        "100 Gram": "0.06 g"
      }
    ],
    "nutritionUnitText": "Näringsvärde per 100 gram",
    "categories": {
      "mainCategory": "Glass, Godis & Snacks",
      "subCategories": [
        {
          "name": "Tuggummi",
          "subSubCategories": [
            "Tuggummi, påse"
          ]
        }
      ]
    }
  },
  {
    "name": "Salta pinnar 250g ICA",
    "weightText": "0.25 kg",
    "caPart": "",
    "weightValue": 0.25,
    "weightUnit": "kg",
    "comparePrice": "82,00 kr/kg",
    "currentPrice": 20.5,
    "attributes": [],
    "imgUrl": "https://handlaprivatkund.ica.se/images-v3/bf7a00ca-390e-4769-865f-dc369586872e/c327c929-65da-4c44-b22b-9cb40b07a507/500x500.jpg",
    "productInformation": "ICA Salta pinnar är kanske tidernas mest flitiga festdeltagare. Det krispiga snackset är en populär gäst på många kalas eller myskvällar. Tips att använda salta pinnar till olika spännande desserter till exempel till glass.",
    "countryText": "",
    "companyText": "ICA",
    "ingrediensText": "VETEMJÖL*, rapsolja, salt, havssalt 1,3%, surhetsreglerande medel (E524), KORNMALTEXTRAKT, jäst. Kan innehålla spår av sesamfrö. *Odlat i EU.",
    "storage": "Förvaras torrt, skyddat för starkt ljus och ej över normal rumstemperatur.",
    "allergens": "",
    "usage": "",
    "nutrition": [
      {
        "Näringsvärde": "Energi (kcal)",
        "100 Gram": "391 kcal"
      },
      {
        "Näringsvärde": "Energi (kJ)",
        "100 Gram": "1653 kJ"
      },
      {
        "Näringsvärde": "Fett",
        "100 Gram": "5.9 g"
      },
      {
        "Näringsvärde": "Varav mättat fett",
        "100 Gram": "0.8 g"
      },
      {
        "Näringsvärde": "Kolhydrat",
        "100 Gram": "71 g"
      },
      {
        "Näringsvärde": "Varav sockerarter",
        "100 Gram": "2.4 g"
      },
      {
        "Näringsvärde": "Protein",
        "100 Gram": "12 g"
      },
      {
        "Näringsvärde": "Salt",
        "100 Gram": "3.8 g"
      }
    ],
    "nutritionUnitText": "Näringsvärde per 100 gram",
    "categories": {
      "mainCategory": "Glass, Godis & Snacks",
      "subCategories": [
        {
          "name": "Chips & snacks",
          "subSubCategories": [
            "Övrigt snacks"
          ]
        }
      ]
    }
  },
  {
    "name": "Popcorn 500g ICA",
    "weightText": "0.5 kg",
    "caPart": "",
    "weightValue": 0.5,
    "weightUnit": "kg",
    "comparePrice": "31,00 kr/kg",
    "currentPrice": 15.5,
    "attributes": [],
    "imgUrl": "https://handlaprivatkund.ica.se/images-v3/bf7a00ca-390e-4769-865f-dc369586872e/18a67582-02a4-4d09-ad88-509e76dbb784/500x500.jpg",
    "productInformation": "ICA Popcorn är popcornkärnor att poppa själv! För bästa resultat, täck kastrullbotten med olja och ett tunt lager popcorn. Använd lock. Poppa på hög värme samtidigt som du skakar kastrullen. Lämna aldrig katrullen utan tillsyn under poppningen.",
    "countryText": "",
    "companyText": "ICA",
    "ingrediensText": "INGREDIENSER: Majskorn odlade i EU/Icke-EU.",
    "storage": "Förvaras torrt, skyddat för starkt ljus och ej över normal rumstemperatur.",
    "allergens": "",
    "usage": "",
    "nutrition": [
      {
        "Näringsvärde": "Energi (kcal)",
        "100 Gram": "337 kcal"
      },
      {
        "Näringsvärde": "Energi (kJ)",
        "100 Gram": "1422 kJ"
      },
      {
        "Näringsvärde": "Fett",
        "100 Gram": "3.4 g"
      },
      {
        "Näringsvärde": "Varav mättat fett",
        "100 Gram": "0.5 g"
      },
      {
        "Näringsvärde": "Kolhydrat",
        "100 Gram": "61 g"
      },
      {
        "Näringsvärde": "Varav sockerarter",
        "100 Gram": "0.5 g"
      },
      {
        "Näringsvärde": "Protein",
        "100 Gram": "9.4 g"
      },
      {
        "Näringsvärde": "Salt",
        "100 Gram": "0.13 g"
      }
    ],
    "nutritionUnitText": "Näringsvärde per 100 gram",
    "categories": {
      "mainCategory": "Glass, Godis & Snacks",
      "subCategories": [
        {
          "name": "Chips & snacks",
          "subSubCategories": [
            "Popcorn"
          ]
        }
      ]
    }
  },
  {
    "name": "Geléhallon 170g Treatville",
    "weightText": "0.17 kg",
    "caPart": "",
    "weightValue": 0.17,
    "weightUnit": "kg",
    "comparePrice": "79,41 kr/kg",
    "currentPrice": 13.5,
    "attributes": [],
    "imgUrl": "https://handlaprivatkund.ica.se/images-v3/bf7a00ca-390e-4769-865f-dc369586872e/b92102b3-d754-45b1-9d89-fcb2f26d50c0/500x500.jpg",
    "productInformation": "Mjuk sockrat gelégodis med smak av hallon. Välkommen till Treatville – din drömdestination för alla typer av godsaker. Kom och smaka!",
    "countryText": "",
    "companyText": "Treatville",
    "ingrediensText": "INGREDIENSER: Glukossirap, socker, gelatin (av gris), surhetsreglerande medel (E330), arom, färgämne (E120).",
    "storage": "",
    "allergens": "",
    "usage": "",
    "nutrition": [
      {
        "Näringsvärde": "Energi (kcal)",
        "100 Gram": "350 kcal"
      },
      {
        "Näringsvärde": "Energi (kJ)",
        "100 Gram": "1450 kJ"
      },
      {
        "Näringsvärde": "Fett",
        "100 Gram": "0 g"
      },
      {
        "Näringsvärde": "Varav mättat fett",
        "100 Gram": "0 g"
      },
      {
        "Näringsvärde": "Kolhydrat",
        "100 Gram": "81 g"
      },
      {
        "Näringsvärde": "Varav sockerarter",
        "100 Gram": "48 g"
      },
      {
        "Näringsvärde": "Protein",
        "100 Gram": "5.1 g"
      },
      {
        "Näringsvärde": "Salt",
        "100 Gram": "0 g"
      }
    ],
    "nutritionUnitText": "Näringsvärde per 100 gram",
    "categories": {
      "mainCategory": "Glass, Godis & Snacks",
      "subCategories": [
        {
          "name": "Godis",
          "subSubCategories": [
            "Godispåsar"
          ]
        }
      ]
    }
  },
  {
    "name": "Torkad Mango 200g Sunshine Delights",
    "weightText": "0.2 kg",
    "caPart": "",
    "weightValue": 0.2,
    "weightUnit": "kg",
    "comparePrice": "247,50 kr/kg",
    "currentPrice": 49.5,
    "attributes": [],
    "imgUrl": "https://handlaprivatkund.ica.se/images-v3/bf7a00ca-390e-4769-865f-dc369586872e/778b8c21-f13a-4a12-80b3-d100635aabb3/500x500.jpg",
    "productInformation": "Solmogen, torkad tropisk frukt av högsta kvalité",
    "countryText": "",
    "companyText": "Sunshine Delights",
    "ingrediensText": "Ingredienser: Mango (96,37%), socker (3,4%), surhetsreglerande medel (citronsyra (E330)), konserveringsmedel (NATRIUMDISULFIT (E223)).",
    "storage": "Förvaras torrt och svalt",
    "allergens": "",
    "usage": "",
    "nutrition": [
      {
        "Näringsvärde": "Energi (kcal)",
        "100 Gram": "341 kcal"
      },
      {
        "Näringsvärde": "Energi (kJ)",
        "100 Gram": "1448 kJ"
      },
      {
        "Näringsvärde": "Fett",
        "100 Gram": "0.6 g"
      },
      {
        "Näringsvärde": "Varav mättat fett",
        "100 Gram": "0 g"
      },
      {
        "Näringsvärde": "Kolhydrat",
        "100 Gram": "80 g"
      },
      {
        "Näringsvärde": "Varav sockerarter",
        "100 Gram": "70 g"
      },
      {
        "Näringsvärde": "Fiber",
        "100 Gram": "4.4 g"
      },
      {
        "Näringsvärde": "Protein",
        "100 Gram": "1.8 g"
      },
      {
        "Näringsvärde": "Salt",
        "100 Gram": "0.3 g"
      }
    ],
    "nutritionUnitText": "Näringsvärde per 100 gram",
    "categories": {
      "mainCategory": "Glass, Godis & Snacks",
      "subCategories": [
        {
          "name": "Naturgodis, Nötter & Bars",
          "subSubCategories": [
            "Russin & Torkad frukt",
            "Exotisk frukt torkad"
          ]
        }
      ]
    }
  },
  {
    "name": "Toblerone 50g Marabou",
    "weightText": "0.05 kg",
    "caPart": "",
    "weightValue": 0.05,
    "weightUnit": "kg",
    "comparePrice": "299,00 kr/kg",
    "currentPrice": 14.95,
    "attributes": [],
    "imgUrl": "https://handlaprivatkund.ica.se/images-v3/bf7a00ca-390e-4769-865f-dc369586872e/fc95f88f-43bc-4b2b-b481-67171109a545/500x500.jpg",
    "productInformation": "Toblerone Milk- Är en Schweizisk mjölkchoklad med honung och mandel Nougat",
    "countryText": "",
    "companyText": "Toblerone",
    "ingrediensText": "Ingredienser: Socker, MJÖLK-/ MÆLKEPULVER/TØRRMELK, kakaosmör, kakaomassa, honung/honning (3 %), SMÖRFETT/ SMØROLIE/ MELKEFETT, MANDEL (1,6%), emulgeringsmedel/emulgator (SOJALECITIN), ÄGGVITA/ ÆGGEHVIDE, arom. Minst 28% kakao/kakaotørstof.",
    "storage": "",
    "allergens": "",
    "usage": "",
    "nutrition": [
      {
        "Näringsvärde": "Energi (kcal)",
        "100 Gram": "535 kcal"
      },
      {
        "Näringsvärde": "Energi (kJ)",
        "100 Gram": "2235 kJ"
      },
      {
        "Näringsvärde": "Fett",
        "100 Gram": "29.5 g"
      },
      {
        "Näringsvärde": "Varav mättat fett",
        "100 Gram": "18 g"
      },
      {
        "Näringsvärde": "Kolhydrat",
        "100 Gram": "60.5 g"
      },
      {
        "Näringsvärde": "Varav sockerarter",
        "100 Gram": "59.5 g"
      },
      {
        "Näringsvärde": "Fiber",
        "100 Gram": "2.2 g"
      },
      {
        "Näringsvärde": "Protein",
        "100 Gram": "5.6 g"
      },
      {
        "Näringsvärde": "Salt",
        "100 Gram": "0.15 g"
      }
    ],
    "nutritionUnitText": "Näringsvärde per 100 gram",
    "categories": {
      "mainCategory": "Glass, Godis & Snacks",
      "subCategories": [
        {
          "name": "Choklad",
          "subSubCategories": [
            "Chokladstycksaker"
          ]
        }
      ]
    }
  },
  {
    "name": "Choklad Plopp mini påse 158g Cloetta",
    "weightText": "0.158 kg",
    "caPart": "",
    "weightValue": 0.158,
    "weightUnit": "kg",
    "comparePrice": "183,23 kr/kg",
    "currentPrice": 28.95,
    "attributes": [
      "Rainforest Alliance certifierad"
    ],
    "imgUrl": "https://handlaprivatkund.ica.se/images-v3/bf7a00ca-390e-4769-865f-dc369586872e/fc28c227-2125-4c7d-88b0-3721df2b09b3/500x500.jpg",
    "productInformation": "Populära Plopp Mini i påse. Påsen väger 158 gram och består av 13 stycken minibitar. Plopp är en ruta av omtanke som har en söt och ljuv toffeefyllning med ett täcke av mjölkchoklad.",
    "countryText": "",
    "companyText": "Cloetta",
    "ingrediensText": "socker, glukossirap, kakaosmör1, HELMJÖLKSPULVER, vegetabiliska fetter (palm, shea), kakaomassa1, SKUMMJÖLKSPULVER, VASSLEPULVER (MJÖLK), salt, emulgeringsmedel (SOJALECITIN), aromer (bl.a. vanillin). Kan innehålla HASSELNÖTTER. Mjölkchokladen innehåller förutom kakaosmör även annat vegetabiliskt fett. 1Rainforest Alliance Certified. Find out more at ra.org.",
    "storage": "Förvaras torrt och svalt.",
    "allergens": "Kan innehålla spår av Nötter.",
    "usage": "",
    "nutrition": [
      {
        "Näringsvärde": "Energi (kcal)",
        "100 Gram": "475 kcal"
      },
      {
        "Näringsvärde": "Energi (kJ)",
        "100 Gram": "1997 kJ"
      },
      {
        "Näringsvärde": "Fett",
        "100 Gram": "23 g"
      },
      {
        "Näringsvärde": "Varav mättat fett",
        "100 Gram": "14 g"
      },
      {
        "Näringsvärde": "Kolhydrat",
        "100 Gram": "63 g"
      },
      {
        "Näringsvärde": "Varav sockerarter",
        "100 Gram": "49 g"
      },
      {
        "Näringsvärde": "Protein",
        "100 Gram": "4.1 g"
      },
      {
        "Näringsvärde": "Salt",
        "100 Gram": "0.41 g"
      }
    ],
    "nutritionUnitText": "Näringsvärde per 100 gram",
    "categories": {
      "mainCategory": "Glass, Godis & Snacks",
      "subCategories": [
        {
          "name": "Godis",
          "subSubCategories": [
            "Godispåsar",
            "Chokladpåsar"
          ]
        }
      ]
    }
  },
  {
    "name": "Chips Ranch & Sourcream 275g Estrella",
    "weightText": "0.275 kg",
    "caPart": "",
    "weightValue": 0.275,
    "weightUnit": "kg",
    "comparePrice": "114,55 kr/kg",
    "currentPrice": 31.5,
    "attributes": [],
    "imgUrl": "https://handlaprivatkund.ica.se/images-v3/bf7a00ca-390e-4769-865f-dc369586872e/9b838edb-8ac1-4326-8eef-3cddb6cca508/500x500.jpg",
    "productInformation": "Estrella Ranch & Sourcream är finräfflade chips med en fyllig, smakrik kryddblandning. Den snillrikt sammansatta kryddan bjuder på härliga smaker av tomat, ost, lök, vitlök och syrlig gräddfil. En mustigt och frisk smak på samma gång. Perfekta att dippa eller snacksa på precis som de är - finns det något godare? Krispig helg med snacks från Estrella!",
    "countryText": "",
    "companyText": "Estrella",
    "ingrediensText": "Potatis, solros-/rapsolja, kryddblandning (salt, VASSLEpulver (från MJÖLK), socker, lökpulver, tomatpulver, jästextrakt, paprikapulver, syror (mjölksyra, citronsyra, äpplesyra), druvsocker, OSTpulver, vitlök, persilja, färgämne (paprikaextrakt), naturlig arom).",
    "storage": "",
    "allergens": "",
    "usage": "",
    "nutrition": [
      {
        "Näringsvärde": "Energi (kcal)",
        "100 Gram": "520 kcal"
      },
      {
        "Näringsvärde": "Energi (kJ)",
        "100 Gram": "2164 kJ"
      },
      {
        "Näringsvärde": "Fett",
        "100 Gram": "33 g"
      },
      {
        "Näringsvärde": "Varav mättat fett",
        "100 Gram": "2.7 g"
      },
      {
        "Näringsvärde": "Kolhydrat",
        "100 Gram": "46 g"
      },
      {
        "Näringsvärde": "Varav sockerarter",
        "100 Gram": "2.9 g"
      },
      {
        "Näringsvärde": "Fiber",
        "100 Gram": "5.3 g"
      },
      {
        "Näringsvärde": "Protein",
        "100 Gram": "5.9 g"
      },
      {
        "Näringsvärde": "Salt",
        "100 Gram": "1.6 g"
      }
    ],
    "nutritionUnitText": "Näringsvärde per 100 gram",
    "categories": {
      "mainCategory": "Glass, Godis & Snacks",
      "subCategories": [
        {
          "name": "Chips & snacks",
          "subSubCategories": [
            "Chips"
          ]
        }
      ]
    }
  },
  {
    "name": "Dippmix Holiday 26g Estrella",
    "weightText": "0.026 kg",
    "caPart": "",
    "weightValue": 0.026,
    "weightUnit": "kg",
    "comparePrice": "459,62 kr/kg",
    "currentPrice": 11.95,
    "attributes": [],
    "imgUrl": "https://handlaprivatkund.ica.se/images-v3/bf7a00ca-390e-4769-865f-dc369586872e/549ae66a-5246-4b8c-9f8a-d8838c5d74e4/500x500.jpg",
    "productInformation": "Estrella Dippmix Holiday är Sveriges mest populära dipp med mild smak av paprika och lök. En färdig kryddblandning som gör grönsaker till godsaker! Blanda med gräddfil och dippa fint skurna grönsakstavar, chips eller servera som sås till mat och sallad. Ett enkelt snackhack för att piffa till vardagsrätten eller helgens snacks. Dessutom vegansk!",
    "countryText": "",
    "companyText": "Estrella",
    "ingrediensText": "Salt, maltodextrin, lök (pulver och bitar), socker, modifierad potatisstärkelse, paprika (bitar), druvsocker, jästextrakt, kryddor (vitlök, vitpeppar, chilipeppar, gurkmeja, persilja), syra (askorbinsyra), arom, kryddextrakt (paprika).",
    "storage": "",
    "allergens": "",
    "usage": "",
    "nutrition": [
      {
        "Näringsvärde": "Energi (kcal)",
        "100 Gram": "298 kcal"
      },
      {
        "Näringsvärde": "Energi (kJ)",
        "100 Gram": "1264 kJ"
      },
      {
        "Näringsvärde": "Fett",
        "100 Gram": "2.5 g"
      },
      {
        "Näringsvärde": "Varav mättat fett",
        "100 Gram": "0.5 g"
      },
      {
        "Näringsvärde": "Kolhydrat",
        "100 Gram": "66 g"
      },
      {
        "Näringsvärde": "Varav sockerarter",
        "100 Gram": "31 g"
      },
      {
        "Näringsvärde": "Fiber",
        "100 Gram": "3.5 g"
      },
      {
        "Näringsvärde": "Protein",
        "100 Gram": "6.4 g"
      },
      {
        "Näringsvärde": "Salt",
        "100 Gram": "20.8 g"
      }
    ],
    "nutritionUnitText": "Näringsvärde per 100 gram",
    "categories": {
      "mainCategory": "Glass, Godis & Snacks",
      "subCategories": [
        {
          "name": "Chips & snacks",
          "subSubCategories": [
            "Dipp"
          ]
        }
      ]
    }
  },
  {
    "name": "Gräddglass Glassbåtar 6-p 840ml Sia Glass",
    "weightText": "",
    "caPart": "",
    "weightValue": 0,
    "weightUnit": "",
    "comparePrice": "6 per frp 7,92 kr/st",
    "currentPrice": 47.5,
    "attributes": [
      "Från Sverige",
      "Rainforest Alliance certifierad",
      "Ursprungsland Sverige"
    ],
    "imgUrl": "https://handlaprivatkund.ica.se/images-v3/bf7a00ca-390e-4769-865f-dc369586872e/810147d9-958b-40f1-b637-da716431d6ab/500x500.jpg",
    "productInformation": "Svensk krämig gräddglass med vaniljsmak och tydliga stråk av jordgubbssylt, toppad med chokladöverdrag i båtformat rån. Glassbåt, originalet från 1961, en klassiker som alla gillar.SIA Glass är ett familjeföretag med hjärtat i halländska Slöinge. Det är med kärlek för hantverket och omtanke om djur och natur som vi tillverkar all vår gräddglass i Sverige. Alltid gjord på svensk färsk grädde.",
    "countryText": "Sverige",
    "companyText": "SIA Glass",
    "ingrediensText": "Ingredienser: SKUMMJÖLK*, GRÄDDE* (18%), socker*, kokosolja, VETEMJÖL, glukossirap, jordgubbar*, SKUMMJÖLKSPULVER*, socker, kakao, vaniljarom, emulgeringsmedel (mono- och diglycerider av veg fettsyror, lecitin, SOJALECITIN), stabiliseringsmedel (fruktkärnmjöl, guarkärnmjöl, pektin), VETESTÄRKELSE, syra (citronsyra), salt. *Ursprung: Sverige. Grädde med 40% fetthalt.",
    "storage": "Lägsta förvaringstemperatur -25°C Högsta förvaringstemperatur -18°C",
    "allergens": "Innehåller Sojabönor Innehåller Mjölk Innehåller Spannmål som innehåller gluten",
    "usage": "",
    "nutrition": [
      {
        "Näringsvärde": "Energi (kcal)",
        "100 Gram": "250 kcal"
      },
      {
        "Näringsvärde": "Energi (kJ)",
        "100 Gram": "1050 kJ"
      },
      {
        "Näringsvärde": "Fett",
        "100 Gram": "13 g"
      },
      {
        "Näringsvärde": "Varav mättat fett",
        "100 Gram": "9.9 g"
      },
      {
        "Näringsvärde": "Kolhydrat",
        "100 Gram": "29 g"
      },
      {
        "Näringsvärde": "Varav sockerarter",
        "100 Gram": "24 g"
      },
      {
        "Näringsvärde": "Varav polyoler",
        "100 Gram": "0 g"
      },
      {
        "Näringsvärde": "Fiber",
        "100 Gram": "0 g"
      },
      {
        "Näringsvärde": "Protein",
        "100 Gram": "4 g"
      },
      {
        "Näringsvärde": "Salt",
        "100 Gram": "0.1 g"
      },
      {
        "Näringsvärde": "Vitamin B12",
        "100 Gram": "0 µg"
      },
      {
        "Näringsvärde": "Vitamin D",
        "100 Gram": "0 µg"
      },
      {
        "Näringsvärde": "Folsyra",
        "100 Gram": "0 µg"
      },
      {
        "Näringsvärde": "Selen",
        "100 Gram": "0 µg"
      }
    ],
    "nutritionUnitText": "Näringsvärde per 100 gram",
    "categories": {
      "mainCategory": "Glass, Godis & Snacks",
      "subCategories": [
        {
          "name": "Glass",
          "subSubCategories": [
            "Strutglass"
          ]
        }
      ]
    }
  },
  {
    "name": "Sötmandel 200g ICA",
    "weightText": "0.2 kg",
    "caPart": "",
    "weightValue": 0.2,
    "weightUnit": "kg",
    "comparePrice": "167,50 kr/kg",
    "currentPrice": 33.5,
    "attributes": [
      "Nyckelhålet"
    ],
    "imgUrl": "https://handlaprivatkund.ica.se/images-v3/bf7a00ca-390e-4769-865f-dc369586872e/d20c58fd-a6f4-4ca1-be41-08439d73929e/500x500.jpg",
    "productInformation": "ICA Sötmandel funkar lika bra till baket som till dina indiska grytor. Eller varför inte rosta dom i ugnen med lite havsalt?",
    "countryText": "",
    "companyText": "ICA",
    "ingrediensText": "INGREDIENSER SÖTMANDEL*. Kan innehålla spår av jordnöt, hasselnöt, valnöt, pistagenöt, cashewnöt, pekannöt, paranöt och makadamianöt. *För aktuellt ursprung se märkning vid Bäst före-datum.",
    "storage": "Förvaras torrt, ej över normal rumstemperatur. Lägsta förvaringstemperatur 5°C Högsta förvaringstemperatur 22°C",
    "allergens": "",
    "usage": "",
    "nutrition": [
      {
        "Näringsvärde": "Energi (kcal)",
        "100 Gram": "592 kcal"
      },
      {
        "Näringsvärde": "Energi (kJ)",
        "100 Gram": "2478 kJ"
      },
      {
        "Näringsvärde": "Fett",
        "100 Gram": "53 g"
      },
      {
        "Näringsvärde": "Varav mättat fett",
        "100 Gram": "4.4 g"
      },
      {
        "Näringsvärde": "Kolhydrat",
        "100 Gram": "6.2 g"
      },
      {
        "Näringsvärde": "Varav sockerarter",
        "100 Gram": "6.2 g"
      },
      {
        "Näringsvärde": "Fiber",
        "100 Gram": "19 g"
      },
      {
        "Näringsvärde": "Protein",
        "100 Gram": "21 g"
      },
      {
        "Näringsvärde": "Salt",
        "100 Gram": "0 g"
      }
    ],
    "nutritionUnitText": "Näringsvärde per 100 gram",
    "categories": {
      "mainCategory": "Jul",
      "subCategories": [
        {
          "name": "Glöggmingel",
          "subSubCategories": [
            "Glögg & Glöggmix"
          ]
        }
      ]
    }
  },
  {
    "name": "Chips Ranch 275g OLW",
    "weightText": "0.275 kg",
    "caPart": "",
    "weightValue": 0.275,
    "weightUnit": "kg",
    "comparePrice": "114,55 kr/kg",
    "currentPrice": 31.5,
    "attributes": [],
    "imgUrl": "https://handlaprivatkund.ica.se/images-v3/bf7a00ca-390e-4769-865f-dc369586872e/e400a937-6e3f-4c82-bc23-e37fe3a0cfed/500x500.jpg",
    "productInformation": "Riktigt goda chips gör fredagsmyset ännu bättre. På OLW använder vi oss av naturliga ingredienser och den allra finaste potatisen. Dessutom gör vi våra chips riktigt OLW-krispiga – allt för den goda smakens skull. Ranch är en blandning av svenskarnas favoritsmaker i ett och samma chips. Med inslag av gräddfil, ost, lök, tomat och paprika blir det ett fylligt och lättätet chips som passar till alla tillfällen.",
    "countryText": "",
    "companyText": "Olw",
    "ingrediensText": "Potatis, vegetabilisk olja², kryddblandning (salt, vasslepulver (från MJÖLK), socker, tomat, druvsocker, lök, OSTPULVER, vitlök,paprika, persilja, cayennepaeppar, jästextrakt surhetsreglerande medel (mjölksyra, citronsyra), paprikaextrakt, naturlig arom).",
    "storage": "",
    "allergens": "Innehåller Mjölk",
    "usage": "",
    "nutrition": [
      {
        "Näringsvärde": "Energi (kcal)",
        "100 Gram": "520 kcal"
      },
      {
        "Näringsvärde": "Energi (kJ)",
        "100 Gram": "2150 kJ"
      },
      {
        "Näringsvärde": "Fett",
        "100 Gram": "32 g"
      },
      {
        "Näringsvärde": "Varav mättat fett",
        "100 Gram": "15 g"
      },
      {
        "Näringsvärde": "Kolhydrat",
        "100 Gram": "50 g"
      },
      {
        "Näringsvärde": "Varav sockerarter",
        "100 Gram": "4.7 g"
      },
      {
        "Näringsvärde": "Protein",
        "100 Gram": "5.4 g"
      },
      {
        "Näringsvärde": "Salt",
        "100 Gram": "1.5 g"
      }
    ],
    "nutritionUnitText": "Näringsvärde per 100 gram",
    "categories": {
      "mainCategory": "Glass, Godis & Snacks",
      "subCategories": [
        {
          "name": "Chips & snacks",
          "subSubCategories": [
            "Chips"
          ]
        }
      ]
    }
  },
  {
    "name": "Soltorkade Russin 500g KRAV Saltå Kvarn",
    "weightText": "0.5 kg",
    "caPart": "",
    "weightValue": 0.5,
    "weightUnit": "kg",
    "comparePrice": "117,90 kr/kg",
    "currentPrice": 58.95,
    "attributes": [
      "EU Ekologiskt",
      "Ekologiskt",
      "KRAV"
    ],
    "imgUrl": "https://handlaprivatkund.ica.se/images-v3/bf7a00ca-390e-4769-865f-dc369586872e/95a974e0-84d0-4450-841f-1c4c90ae65aa/500x500.jpg",
    "productInformation": "Saltå Kvarns ekologiska, soltorkade russin kommerfrån saftiga, ljusa och kärnfria druvor med tunt skal.Druvor som är särskilt lämpade att torka till russin. När druvorna mognat sköras de för hand för att sedan torka i solen. Den varma solen ger druvorna en perfekt konsistens, samtidigt som arom och sötma får tid att utvecklas.",
    "countryText": "",
    "companyText": "Saltå Kvarn",
    "ingrediensText": "Ingredienser Ekologiska sultanrussin*, solrosolja* (0,5 %) *KRAV-certifierad ekologisk ingrediens",
    "storage": "Förvaring: Förvaras torrt, ej över normal rumstemperatur.",
    "allergens": "",
    "usage": "",
    "nutrition": [
      {
        "Näringsvärde": "Energi (kcal)",
        "100 Gram": "340 kcal"
      },
      {
        "Näringsvärde": "Energi (kJ)",
        "100 Gram": "1430 kJ"
      },
      {
        "Näringsvärde": "Fett",
        "100 Gram": "0.7 g"
      },
      {
        "Näringsvärde": "Varav mättat fett",
        "100 Gram": "0.3 g"
      },
      {
        "Näringsvärde": "Kolhydrat",
        "100 Gram": "74 g"
      },
      {
        "Näringsvärde": "Varav sockerarter",
        "100 Gram": "70 g"
      },
      {
        "Näringsvärde": "Fiber",
        "100 Gram": "4.2 g"
      },
      {
        "Näringsvärde": "Protein",
        "100 Gram": "3.2 g"
      },
      {
        "Näringsvärde": "Salt",
        "100 Gram": "0.02 g"
      }
    ],
    "nutritionUnitText": "Näringsvärde per 100 gram",
    "categories": {
      "mainCategory": "Glass, Godis & Snacks",
      "subCategories": [
        {
          "name": "Naturgodis, Nötter & Bars",
          "subSubCategories": [
            "Russin & Torkad frukt",
            "Russin"
          ]
        }
      ]
    }
  },
  {
    "name": "Müslibar BIG Chocolate Biscuit Marshmallow 40g Corny",
    "weightText": "0.04 kg",
    "caPart": "",
    "weightValue": 0.04,
    "weightUnit": "kg",
    "comparePrice": "262,50 kr/kg",
    "currentPrice": 10.5,
    "attributes": [
      "Rainforest Alliance certifierad"
    ],
    "imgUrl": "https://handlaprivatkund.ica.se/images-v3/bf7a00ca-390e-4769-865f-dc369586872e/e128c4b4-1bb0-4bcb-aafb-8aad5a7f8f7b/500x500.jpg",
    "productInformation": "Corny BIG – Sveriges mest köpta Müslibar! Nu som Corny BIG Chocolate, Biscuit & Marshmallow flavour. Den perfekta kombinationen av krispiga flingor, mjölkchoklad, kex och marshmallowsmak. Ett godare och nyttigare mellanmålsalternativ. Perfekt före, under och efter träningspasset. Oavsett om du gillar mörk-, ljus- eller vit choklad, jordnötter, banan eller kokos så har vi en Corny BIG för dig! Corny BIG - var som helst, när som helst!",
    "countryText": "",
    "companyText": "Corny",
    "ingrediensText": "Ingredienser: Glukosfruktossirap, spannmålsflingor med kakao 22% (rismjöl, VETEmjöl, fettreducerat kakaopulver*, MJÖLKpulver, socker, majsmjöl, salt), MJÖLKchoklad 20% (socker, kakaomassa*, kakaosmör*, skumMJÖLKspulver, MJÖLKfett, emulgeringsmedel (E442, E476)), glukossirap, fullkornsKORNflingor 6%, kexbitar 6% (VETEmjöl, socker, SMÖR, VETEstärkelse, glukosfruktossirap, skumMJÖLKpulver, salt, sött vasslepulver (från MJÖLK), bakpulver (E503, E500), syra (citronsyra), naturlig bourbonvaniljarom), majsflingor (majs, salt, KORNmaltextrakt), kokosfett, fettreducerat kakaopulver*, naturliga aromer, salt, emulgeringsmedel (lecitin). Kan innehålla spår av NÖTTER och JORDNÖTTER. *Rainforest Alliance Certified.",
    "storage": "Förvaras torrt och svalt, skyddad från värme. Lägsta förvaringstemperatur 10°C Högsta förvaringstemperatur 25°C",
    "allergens": "Innehåller Mjölk Innehåller Spannmål som innehåller gluten Kan innehålla Jordnötter Kan innehålla Nötter (eng: tree nuts)",
    "usage": "",
    "nutrition": [
      {
        "Näringsvärde": "Energi (kcal)",
        "100 Gram": "415 kcal"
      },
      {
        "Näringsvärde": "Energi (kJ)",
        "100 Gram": "1744 kJ"
      },
      {
        "Näringsvärde": "Fett",
        "100 Gram": "13 g"
      },
      {
        "Näringsvärde": "Varav mättat fett",
        "100 Gram": "8.6 g"
      },
      {
        "Näringsvärde": "Kolhydrat",
        "100 Gram": "67 g"
      },
      {
        "Näringsvärde": "Varav sockerarter",
        "100 Gram": "35 g"
      },
      {
        "Näringsvärde": "Fiber",
        "100 Gram": "3.8 g"
      },
      {
        "Näringsvärde": "Protein",
        "100 Gram": "5.5 g"
      },
      {
        "Näringsvärde": "Salt",
        "100 Gram": "0.43 g"
      }
    ],
    "nutritionUnitText": "",
    "categories": {
      "mainCategory": "Glass, Godis & Snacks",
      "subCategories": [
        {
          "name": "Naturgodis, Nötter & Bars",
          "subSubCategories": [
            "Bars"
          ]
        }
      ]
    }
  },
  {
    "name": "Stjärnor Sourcream & Onion 85g Estrella",
    "weightText": "0.085 kg",
    "caPart": "",
    "weightValue": 0.085,
    "weightUnit": "kg",
    "comparePrice": "246,47 kr/kg",
    "currentPrice": 20.95,
    "attributes": [],
    "imgUrl": "https://handlaprivatkund.ica.se/images-v3/bf7a00ca-390e-4769-865f-dc369586872e/9882fa5e-091f-4998-8096-400abcb3cfae/500x500.jpg",
    "productInformation": "Estrella Stjärnor Sourcream & Onion är lätta stjärnor med spröd textur som smälter i munnen. Tunna superstars gjorda på en frasig potatisbas som inte överskuggar smaken av gräddfil och lök. En snacksfavorit från chipsfabriken i Göteborg.",
    "countryText": "",
    "companyText": "Estrella",
    "ingrediensText": "Potatispulver, solros-/rapsolja, potatisstärkelse, modifierad stärkelse (tapioka, potatis), kryddblandning (salt, lökpulver (gul-och rödlök), VASSLEpulver (från MJÖLK), socker, KÄRNMJÖLKspulver, naturlig arom, persilja, GRÄDDpulver, jästextrakt, MJÖLKpulver, kryddor (vitlökspulver, svartpeppar), syra (mjölksyra, citronsyra), färgämne (paprika, kurkumin)), socker, syra (mjölksyra), emulgeringsmedel (rapslecitin), färgämne (paprikapulver).",
    "storage": "",
    "allergens": "",
    "usage": "",
    "nutrition": [
      {
        "Näringsvärde": "Energi (kcal)",
        "100 Gram": "495 kcal"
      },
      {
        "Näringsvärde": "Energi (kJ)",
        "100 Gram": "2073 kJ"
      },
      {
        "Näringsvärde": "Fett",
        "100 Gram": "25 g"
      },
      {
        "Näringsvärde": "Varav mättat fett",
        "100 Gram": "2.2 g"
      },
      {
        "Näringsvärde": "Kolhydrat",
        "100 Gram": "63 g"
      },
      {
        "Näringsvärde": "Varav sockerarter",
        "100 Gram": "3.2 g"
      },
      {
        "Näringsvärde": "Fiber",
        "100 Gram": "1.9 g"
      },
      {
        "Näringsvärde": "Protein",
        "100 Gram": "3.9 g"
      },
      {
        "Näringsvärde": "Salt",
        "100 Gram": "2.1 g"
      }
    ],
    "nutritionUnitText": "Näringsvärde per 100 gram",
    "categories": {
      "mainCategory": "Glass, Godis & Snacks",
      "subCategories": [
        {
          "name": "Chips & snacks",
          "subSubCategories": [
            "Chips"
          ]
        }
      ]
    }
  },
  {
    "name": "Västkustchips Gräddfil & Lök 180g Estrella",
    "weightText": "0.18 kg",
    "caPart": "",
    "weightValue": 0.18,
    "weightUnit": "kg",
    "comparePrice": "169,44 kr/kg",
    "currentPrice": 30.5,
    "attributes": [],
    "imgUrl": "https://handlaprivatkund.ica.se/images-v3/bf7a00ca-390e-4769-865f-dc369586872e/57387186-0242-4ee3-8a8f-3f979cec0ead/500x500.jpg",
    "productInformation": "Västkustchips Gräddfil & Lök är Estrellas krispigaste potatischips med klassisk smak av mild, syrlig gräddfil och lök. Den svenska potatisen skivas med skalet kvar och grytfriteras i små omgångar under längre tid än vanliga chips. Det gör chipsen extra krispiga och naturligt smakrika. Sveriges mest populära premiumchips att servera vardag eller helg, med eller utan dipp. Miljömärkt med Svenskt Sigill.",
    "countryText": "",
    "companyText": "Estrella",
    "ingrediensText": "Potatis, solros-/ och rapsolja i varierande proportion, kryddblandning (salt, lökpulver (gul- och röd lök), VASSLEpulver (från MJÖLK),socker, KÄRNMJÖLKspulver, naturlig arom, persilja, GRÄDDpulver, jästextrakt, MJÖLKpulver, kryddor (vitlökspulver, svartpeppar), syra (mjölksyra,citronsyra)).",
    "storage": "",
    "allergens": "",
    "usage": "",
    "nutrition": [
      {
        "Näringsvärde": "Energi (kcal)",
        "100 Gram": "470 kcal"
      },
      {
        "Näringsvärde": "Energi (kJ)",
        "100 Gram": "1962 kJ"
      },
      {
        "Näringsvärde": "Fett",
        "100 Gram": "25 g"
      },
      {
        "Näringsvärde": "Varav mättat fett",
        "100 Gram": "2.2 g"
      },
      {
        "Näringsvärde": "Kolhydrat",
        "100 Gram": "52 g"
      },
      {
        "Näringsvärde": "Varav sockerarter",
        "100 Gram": "2.8 g"
      },
      {
        "Näringsvärde": "Fiber",
        "100 Gram": "6 g"
      },
      {
        "Näringsvärde": "Protein",
        "100 Gram": "6.5 g"
      },
      {
        "Näringsvärde": "Salt",
        "100 Gram": "1.3 g"
      }
    ],
    "nutritionUnitText": "Näringsvärde per 100 gram",
    "categories": {
      "mainCategory": "Glass, Godis & Snacks",
      "subCategories": [
        {
          "name": "Chips & snacks",
          "subSubCategories": [
            "Chips"
          ]
        }
      ]
    }
  },
  {
    "name": "Gräddglass Vanilj 1,5l SIA Glass",
    "weightText": "1.5 l",
    "caPart": "",
    "weightValue": 1.5,
    "weightUnit": "l",
    "comparePrice": "29,30 kr/l",
    "currentPrice": 43.95,
    "attributes": [
      "Från Sverige",
      "Ursprungsland Sverige"
    ],
    "imgUrl": "https://handlaprivatkund.ica.se/images-v3/bf7a00ca-390e-4769-865f-dc369586872e/3e7dbfdd-6ddf-4ed1-8bf6-91b657690fe4/500x500.jpg",
    "productInformation": "Svensk krämig gräddglass med äkta vaniljstång.SIA Glass är ett familjeföretag med hjärtat i halländska Slöinge. Det är med kärlek för hantverket och omtanke om djur och natur som vi tillverkar all vår gräddglass i Sverige. Alltid gjord på svensk färsk grädde.",
    "countryText": "Sverige",
    "companyText": "SIA Glass",
    "ingrediensText": "Ingredienser: SKUMMJÖLK*, GRÄDDE* (25%), socker*, glukossirap, SKUMMJÖLKSPULVER*, druvsocker, vaniljarom, vaniljfrön, emulgeringsmedel (mono- och diglycerider av veg fettsyror), stabiliseringsmedel (fruktkärnmjöl, guarkärnmjöl). *Ursprung: Sverige. Vaniljarom och vaniljfrön är inte från Sverige. Grädde med 40% fetthalt.",
    "storage": "Lägsta förvaringstemperatur -25°C Högsta förvaringstemperatur -18°C",
    "allergens": "Innehåller Mjölk",
    "usage": "",
    "nutrition": [
      {
        "Näringsvärde": "Energi (kcal)",
        "100 Gram": "210 kcal"
      },
      {
        "Näringsvärde": "Energi (kJ)",
        "100 Gram": "850 kJ"
      },
      {
        "Näringsvärde": "Fett",
        "100 Gram": "10 g"
      },
      {
        "Näringsvärde": "Varav mättat fett",
        "100 Gram": "6.6 g"
      },
      {
        "Näringsvärde": "Kolhydrat",
        "100 Gram": "23 g"
      },
      {
        "Näringsvärde": "Varav sockerarter",
        "100 Gram": "22 g"
      },
      {
        "Näringsvärde": "Varav polyoler",
        "100 Gram": "0.5 g"
      },
      {
        "Näringsvärde": "Fiber",
        "100 Gram": "0.5 g"
      },
      {
        "Näringsvärde": "Protein",
        "100 Gram": "3.8 g"
      },
      {
        "Näringsvärde": "Salt",
        "100 Gram": "0.1 g"
      },
      {
        "Näringsvärde": "Vitamin B12",
        "100 Gram": "0 µg"
      },
      {
        "Näringsvärde": "Vitamin D",
        "100 Gram": "0 µg"
      },
      {
        "Näringsvärde": "Folsyra",
        "100 Gram": "0 µg"
      },
      {
        "Näringsvärde": "Selen",
        "100 Gram": "0 µg"
      }
    ],
    "nutritionUnitText": "Näringsvärde per 100 gram",
    "categories": {
      "mainCategory": "Glass, Godis & Snacks",
      "subCategories": [
        {
          "name": "Glass",
          "subSubCategories": [
            "Stora Glasspaket"
          ]
        }
      ]
    }
  },
  {
    "name": "Chips Cream cheese 275g OLW",
    "weightText": "0.275 kg",
    "caPart": "",
    "weightValue": 0.275,
    "weightUnit": "kg",
    "comparePrice": "114,55 kr/kg",
    "currentPrice": 31.5,
    "attributes": [],
    "imgUrl": "https://handlaprivatkund.ica.se/images-v3/bf7a00ca-390e-4769-865f-dc369586872e/096976bb-9460-4f6e-b0e7-d707b8f48548/500x500.jpg",
    "productInformation": "Riktigt goda chips gör fredagsmyset ännu bättre. På OLW använder vi oss av naturliga ingredienser och den allra finaste potatisen. Dessutom gör vi våra chips riktigt OLW-krispiga – allt för den goda smakens skull. Chipsen är smaksatta med fräsch cream cheese som gör att de riktigt smälter i munnen!",
    "countryText": "",
    "companyText": "Olw",
    "ingrediensText": "Potatis, solrosolja, kryddblandning (salt, ostpulver, gräddpulver, maltodextrin, vasslepulver (från mjölk), mjölkpulver, surhetsreglerande medel (citronsyra, mjölksyra), jästextrakt, lök, kryddor, naturlig arom, paprikaextrakt).",
    "storage": "",
    "allergens": "Innehåller Mjölk",
    "usage": "",
    "nutrition": [],
    "nutritionUnitText": "Näringsvärde per styck",
    "categories": {
      "mainCategory": "Glass, Godis & Snacks",
      "subCategories": [
        {
          "name": "Chips & snacks",
          "subSubCategories": [
            "Chips"
          ]
        }
      ]
    }
  },
  {
    "name": "Müslibar BIG Peanut Chocolate 50g Corny",
    "weightText": "0.05 kg",
    "caPart": "",
    "weightValue": 0.05,
    "weightUnit": "kg",
    "comparePrice": "210,00 kr/kg",
    "currentPrice": 10.5,
    "attributes": [
      "Rainforest Alliance certifierad"
    ],
    "imgUrl": "https://handlaprivatkund.ica.se/images-v3/bf7a00ca-390e-4769-865f-dc369586872e/7262e5e7-6538-4f63-8cd3-90ecd0905340/500x500.jpg",
    "productInformation": "Corny Müslibar är ett nyttigare mellanmålsalternativ i barformat, lätt att ta med sig på utflykten. Perfekt före, under och efter träningspasset. Lätt att stoppa i fickan och ha med sig under fritidsaktiviteterna.",
    "countryText": "",
    "companyText": "Corny",
    "ingrediensText": "Ingredienser: Rostade JORDNÖTTER 24%, MJÖLKchoklad 20% (socker, kakaomassa*, kakaosmör*, skumMJÖLKspulver, MJÖLKfett, emulgeringsmedel: (E442, E476)), glukosfruktossirap, fullkornsflingor av spannmål 14% (HAVRE, VETE), flingor (VETEmjöl, socker, majsmjöl, rismjöl, KORNmaltextrakt, salt, karamelliserad sockersirap), glukossirap, socker, majsflingor (majs, salt, KORNmaltextrakt), kokosfett, honung, salt, karamelliserad sockersirap, emulgeringsmedel: lecitin. Kan innehålla spår av NÖTTER. *Rainforest Alliance Certified.",
    "storage": "Förvaras torrt och svalt, skyddad från värme. Lägsta förvaringstemperatur 5°C Högsta förvaringstemperatur 25°C",
    "allergens": "Innehåller Mjölk Innehåller Jordnötter Kan innehålla Nötter (eng: tree nuts) Innehåller Spannmål som innehåller gluten",
    "usage": "",
    "nutrition": [
      {
        "Näringsvärde": "Energi (kcal)",
        "100 Gram": "483 kcal"
      },
      {
        "Näringsvärde": "Energi (kJ)",
        "100 Gram": "2019 kJ"
      },
      {
        "Näringsvärde": "Fett",
        "100 Gram": "23 g"
      },
      {
        "Näringsvärde": "Varav mättat fett",
        "100 Gram": "9.4 g"
      },
      {
        "Näringsvärde": "Kolhydrat",
        "100 Gram": "55 g"
      },
      {
        "Näringsvärde": "Varav sockerarter",
        "100 Gram": "31 g"
      },
      {
        "Näringsvärde": "Fiber",
        "100 Gram": "4.8 g"
      },
      {
        "Näringsvärde": "Protein",
        "100 Gram": "10 g"
      },
      {
        "Näringsvärde": "Salt",
        "100 Gram": "0.44 g"
      }
    ],
    "nutritionUnitText": "Näringsvärde per 100 gram",
    "categories": {
      "mainCategory": "Glass, Godis & Snacks",
      "subCategories": [
        {
          "name": "Naturgodis, Nötter & Bars",
          "subSubCategories": [
            "Bars"
          ]
        }
      ]
    }
  },
  {
    "name": "Chokladkaka Apelsinkrokant 160g Marabou",
    "weightText": "0.16 kg",
    "caPart": "",
    "weightValue": 0.16,
    "weightUnit": "kg",
    "comparePrice": "193,44 kr/kg",
    "currentPrice": 30.95,
    "attributes": [],
    "imgUrl": "https://handlaprivatkund.ica.se/images-v3/bf7a00ca-390e-4769-865f-dc369586872e/6f871cdf-a94f-42c0-a748-3d2a6a81f00b/500x500.jpg",
    "productInformation": "Marabou Apelsinkrokant är en Marabou Mjölkchokladkaka med apelsinsmak och krispiga bitar av mandelkrokant. En riktig klassiker som passar för alla tillfällen. Genom Cocoa Life, vårt program för en hållbar kakaoproduktion, bidrar Toblerone till att kakao odlas på rätt sätt, för att skydda planeten och respektera mänskliga rättigheter i vår värdekedja. Läs mer om Cocoa Life här www.cocoalife.org.",
    "countryText": "",
    "companyText": "Marabou",
    "ingrediensText": "Ingredienser: Socker, kakaosmör, kakaomassa, majs, vasslepulver (MJÖLK), SKUMMJÖLKSPULVER, SMÖRFETT, vassleprodukt (MJÖLK), palmolja, emulgeringsmedel (SOJALECITINER, E471), MANDEL, salt, sockrad kondenserad SKUMMJÖLK, aromer. Minst 30% kakao. KAN INNEHÅLLA ANDRA NÖTTER OCH VETE.",
    "storage": "",
    "allergens": "",
    "usage": "",
    "nutrition": [
      {
        "Näringsvärde": "Energi (kcal)",
        "100 Gram": "531 kcal"
      },
      {
        "Näringsvärde": "Energi (kJ)",
        "100 Gram": "2219 kJ"
      },
      {
        "Näringsvärde": "Fett",
        "100 Gram": "29 g"
      },
      {
        "Näringsvärde": "Varav mättat fett",
        "100 Gram": "17 g"
      },
      {
        "Näringsvärde": "Kolhydrat",
        "100 Gram": "61 g"
      },
      {
        "Näringsvärde": "Varav sockerarter",
        "100 Gram": "54 g"
      },
      {
        "Näringsvärde": "Fiber",
        "100 Gram": "1.8 g"
      },
      {
        "Näringsvärde": "Protein",
        "100 Gram": "4.3 g"
      },
      {
        "Näringsvärde": "Salt",
        "100 Gram": "0.49 g"
      }
    ],
    "nutritionUnitText": "Näringsvärde per 100 gram",
    "categories": {
      "mainCategory": "Glass, Godis & Snacks",
      "subCategories": [
        {
          "name": "Choklad",
          "subSubCategories": [
            "Chokladkakor"
          ]
        }
      ]
    }
  },
  {
    "name": "Popcorn Färdigpoppade Saltade 65g Estrella",
    "weightText": "0.065 kg",
    "caPart": "",
    "weightValue": 0.065,
    "weightUnit": "kg",
    "comparePrice": "199,23 kr/kg",
    "currentPrice": 12.95,
    "attributes": [],
    "imgUrl": "https://handlaprivatkund.ica.se/images-v3/bf7a00ca-390e-4769-865f-dc369586872e/47d6280d-0d88-47bb-b4fd-9cbc13bcfb81/500x500.jpg",
    "productInformation": "Estrella Färdigpoppade Popcorn Salt är originalet och det givna valet för alla popcornälskare. Extra fluffiga, färdigpoppade popcorn med härlig sälta och perfekt tuggmotstånd. Riktiga biopopcorn som passar filmkvällen, seriemaraton, parkhäng och alla andra snackstillfällen året runt. Ready to eat och perfekta att dela med kompisen.",
    "countryText": "",
    "companyText": "Estrella",
    "ingrediensText": "Majskärnor, solros-/rapsolja, salt. Kan innehålla spår av MJÖLK.",
    "storage": "",
    "allergens": "",
    "usage": "",
    "nutrition": [
      {
        "Näringsvärde": "Energi (kcal)",
        "100 Gram": "400 kcal"
      },
      {
        "Näringsvärde": "Energi (kJ)",
        "100 Gram": "1680 kJ"
      },
      {
        "Näringsvärde": "Fett",
        "100 Gram": "11 g"
      },
      {
        "Näringsvärde": "Varav mättat fett",
        "100 Gram": "1.3 g"
      },
      {
        "Näringsvärde": "Kolhydrat",
        "100 Gram": "57 g"
      },
      {
        "Näringsvärde": "Varav sockerarter",
        "100 Gram": "0.6 g"
      },
      {
        "Näringsvärde": "Fiber",
        "100 Gram": "14 g"
      },
      {
        "Näringsvärde": "Protein",
        "100 Gram": "11 g"
      },
      {
        "Näringsvärde": "Salt",
        "100 Gram": "3.4 g"
      }
    ],
    "nutritionUnitText": "Näringsvärde per 100 gram",
    "categories": {
      "mainCategory": "Glass, Godis & Snacks",
      "subCategories": [
        {
          "name": "Chips & snacks",
          "subSubCategories": [
            "Popcorn"
          ]
        }
      ]
    }
  },
  {
    "name": "Müslibar BIG Coconut 50g Corny",
    "weightText": "0.05 kg",
    "caPart": "",
    "weightValue": 0.05,
    "weightUnit": "kg",
    "comparePrice": "210,00 kr/kg",
    "currentPrice": 10.5,
    "attributes": [
      "Rainforest Alliance certifierad"
    ],
    "imgUrl": "https://handlaprivatkund.ica.se/images-v3/bf7a00ca-390e-4769-865f-dc369586872e/8ddc0590-50c0-4c7e-b71c-3cffcb0e39ed/500x500.jpg",
    "productInformation": "Corny Müslibar är ett nyttigare mellanmålsalternativ i barformat, lätt att ta med sig på utflykten. Perfekt före, under och efter träningspasset. Lätt att stoppa i fickan och ha med sig under fritidsaktiviteterna.",
    "countryText": "",
    "companyText": "Corny",
    "ingrediensText": "Ingredienser: MJÖLKchoklad 20% (socker, kakaomassa*, kakaosmör*, skumMJÖLKspulver, MJÖLKfett, emulgeringsmedel: (E442, E476)), kokosflingor 17%, glukossirap, glukosfruktossirap, spannmålsflingor (VETEmjöl, socker, majsmjöl, rismjöl, KORNmaltextrakt, salt, karamelliserad sockersirap), fullkornsflingor 7% (HAVRE, VETE), kokosfett, socker, majsflingor (majs, salt, KORNmaltextrakt), stabiliseringsmedel: glycerol, salt, naturlig arom, emulgeringsmedel: lecitin. Kan innehålla spår av NÖTTER och JORDNÖTTER. *Rainforest Alliance Certified.",
    "storage": "Förvaras torrt och svalt, skyddad från värme. Lägsta förvaringstemperatur 5°C Högsta förvaringstemperatur 25°C",
    "allergens": "Innehåller Mjölk Kan innehålla Jordnötter Innehåller Spannmål som innehåller gluten Kan innehålla Nötter (eng: tree nuts)",
    "usage": "",
    "nutrition": [
      {
        "Näringsvärde": "Energi (kcal)",
        "100 Gram": "474 kcal"
      },
      {
        "Näringsvärde": "Energi (kJ)",
        "100 Gram": "1983 kJ"
      },
      {
        "Näringsvärde": "Fett",
        "100 Gram": "23 g"
      },
      {
        "Näringsvärde": "Varav mättat fett",
        "100 Gram": "19 g"
      },
      {
        "Näringsvärde": "Kolhydrat",
        "100 Gram": "59 g"
      },
      {
        "Näringsvärde": "Varav sockerarter",
        "100 Gram": "32 g"
      },
      {
        "Näringsvärde": "Fiber",
        "100 Gram": "5.3 g"
      },
      {
        "Näringsvärde": "Protein",
        "100 Gram": "4.6 g"
      },
      {
        "Näringsvärde": "Salt",
        "100 Gram": "0.43 g"
      }
    ],
    "nutritionUnitText": "Näringsvärde per 100 gram",
    "categories": {
      "mainCategory": "Glass, Godis & Snacks",
      "subCategories": [
        {
          "name": "Naturgodis, Nötter & Bars",
          "subSubCategories": [
            "Bars"
          ]
        }
      ]
    }
  },
  {
    "name": "Dippmix Ranch 24g OLW",
    "weightText": "0.024 kg",
    "caPart": "",
    "weightValue": 0.024,
    "weightUnit": "kg",
    "comparePrice": "456,25 kr/kg",
    "currentPrice": 10.95,
    "attributes": [],
    "imgUrl": "https://handlaprivatkund.ica.se/images-v3/bf7a00ca-390e-4769-865f-dc369586872e/79b42536-7516-4942-ba12-2e99f63cc5b3/500x500.jpg",
    "productInformation": "God och krämig dipp med smak av ranch. OLWs Dippmix Ranch är vår bästsäljande dippmix med fräsch smak av tomat och lök. Perfekt dipp till chips men passar också utmärkt som salladsdressing eller som kall sås till nygrillade grönsaker. Fredagsmyset, festen eller middagen blir ännu bättre med en riktigt god OLW-dipp.",
    "countryText": "",
    "companyText": "Olw",
    "ingrediensText": "Socker, vasslepulver (från MJÖLK), modifierad stärkelse, salt, MJÖLKPULVER, lök, tomat, GRÄDDPULVER, OSTPULVER, druvsocker, krydda, jästextrakt, persilja, surhetsreglerande medel (äppelsyra, mjölksyra, citronsyra), kryddextrakt (paprika), arom (innehåller MJÖLK).",
    "storage": "",
    "allergens": "Innehåller Mjölk",
    "usage": "",
    "nutrition": [
      {
        "Näringsvärde": "Energi (kcal)",
        "100 Gram": "340 kcal"
      },
      {
        "Näringsvärde": "Energi (kJ)",
        "100 Gram": "1450 kJ"
      },
      {
        "Näringsvärde": "Fett",
        "100 Gram": "6.1 g"
      },
      {
        "Näringsvärde": "Varav mättat fett",
        "100 Gram": "3.7 g"
      },
      {
        "Näringsvärde": "Kolhydrat",
        "100 Gram": "61 g"
      },
      {
        "Näringsvärde": "Varav sockerarter",
        "100 Gram": "40 g"
      },
      {
        "Näringsvärde": "Protein",
        "100 Gram": "8.9 g"
      },
      {
        "Näringsvärde": "Salt",
        "100 Gram": "15.3 g"
      }
    ],
    "nutritionUnitText": "Näringsvärde per 100 gram",
    "categories": {
      "mainCategory": "Glass, Godis & Snacks",
      "subCategories": [
        {
          "name": "Chips & snacks",
          "subSubCategories": [
            "Dipp"
          ]
        }
      ]
    }
  },
  {
    "name": "Goody Banan Toffee 90g Bubs Godis",
    "weightText": "0.09 kg",
    "caPart": "",
    "weightValue": 0.09,
    "weightUnit": "kg",
    "comparePrice": "138,89 kr/kg",
    "currentPrice": 12.5,
    "attributes": [
      "Rättvisemärkt"
    ],
    "imgUrl": "https://handlaprivatkund.ica.se/images-v3/bf7a00ca-390e-4769-865f-dc369586872e/9d5bb865-ea10-4afe-97bc-eafa4de98867/500x500.jpg",
    "productInformation": "",
    "countryText": "",
    "companyText": "Bubs",
    "ingrediensText": "Glukos-fruktossirap, socker, majsstärkelse, vatten, surhetsreglerande medel (äppelsyra, natriumcitrat), potatisprotein, aromämnen, färgämnen: (E150d, E100), kokosolja, ytbehandlingsmedel (karnaubavax).",
    "storage": "",
    "allergens": "",
    "usage": "",
    "nutrition": [
      {
        "Näringsvärde": "Energi (kcal)",
        "100 Gram": "350 kcal"
      },
      {
        "Näringsvärde": "Energi (kJ)",
        "100 Gram": "1464 kJ"
      },
      {
        "Näringsvärde": "Fett",
        "100 Gram": "0.2 g"
      },
      {
        "Näringsvärde": "Varav mättat fett",
        "100 Gram": "0.2 g"
      },
      {
        "Näringsvärde": "Kolhydrat",
        "100 Gram": "86 g"
      },
      {
        "Näringsvärde": "Varav sockerarter",
        "100 Gram": "59 g"
      },
      {
        "Näringsvärde": "Protein",
        "100 Gram": "0.4 g"
      },
      {
        "Näringsvärde": "Salt",
        "100 Gram": "0.1 g"
      }
    ],
    "nutritionUnitText": "Näringsvärde per 100 gram",
    "categories": {
      "mainCategory": "Glass, Godis & Snacks",
      "subCategories": [
        {
          "name": "Godis",
          "subSubCategories": [
            "Godispåsar"
          ]
        }
      ]
    }
  },
  {
    "name": "Vickningschips 275g Estrella",
    "weightText": "0.275 kg",
    "caPart": "",
    "weightValue": 0.275,
    "weightUnit": "kg",
    "comparePrice": "114,55 kr/kg",
    "currentPrice": 31.5,
    "attributes": [],
    "imgUrl": "https://handlaprivatkund.ica.se/images-v3/bf7a00ca-390e-4769-865f-dc369586872e/f128d806-34b5-44c8-a630-ffc20fd4c762/500x500.jpg",
    "productInformation": "Estrella Vickningschips (eller heter det Vikingchips) är krispiga grovräfflade chips med lätt sälta och robust crisp, som tillsammans med räfflingen blir perfekta att dippa – ett riktigt dippchips! Tillverkade i Göteborg med naturliga råvaror och fantastisk smak. Bara fin potatis, god olja och salt. Krispig helg med snacks från Estrella!",
    "countryText": "",
    "companyText": "Estrella",
    "ingrediensText": "Potatis, solros-/rapsolja, salt. Kan innehålla spår av MJÖLK.",
    "storage": "",
    "allergens": "Kan innehålla spår av Mjölk.",
    "usage": "",
    "nutrition": [
      {
        "Näringsvärde": "Energi (kcal)",
        "100 Gram": "525 kcal"
      },
      {
        "Näringsvärde": "Energi (kJ)",
        "100 Gram": "2187 kJ"
      },
      {
        "Näringsvärde": "Fett",
        "100 Gram": "34.5 g"
      },
      {
        "Näringsvärde": "Varav mättat fett",
        "100 Gram": "2.7 g"
      },
      {
        "Näringsvärde": "Kolhydrat",
        "100 Gram": "45 g"
      },
      {
        "Näringsvärde": "Varav sockerarter",
        "100 Gram": "0.5 g"
      },
      {
        "Näringsvärde": "Fiber",
        "100 Gram": "5.3 g"
      },
      {
        "Näringsvärde": "Protein",
        "100 Gram": "5.6 g"
      },
      {
        "Näringsvärde": "Salt",
        "100 Gram": "1.3 g"
      }
    ],
    "nutritionUnitText": "Näringsvärde per 100 gram",
    "categories": {
      "mainCategory": "Glass, Godis & Snacks",
      "subCategories": [
        {
          "name": "Chips & snacks",
          "subSubCategories": [
            "Chips"
          ]
        }
      ]
    }
  },
  {
    "name": "Chokladkaka EXCELLENCE Havssalt Mörk Choklad 100g Lindt",
    "weightText": "0.1 kg",
    "caPart": "",
    "weightValue": 0.1,
    "weightUnit": "kg",
    "comparePrice": "409,50 kr/kg",
    "currentPrice": 40.95,
    "attributes": [],
    "imgUrl": "https://handlaprivatkund.ica.se/images-v3/bf7a00ca-390e-4769-865f-dc369586872e/8dde1d6c-ef7d-4c5d-a58a-24d9e9bc1dde/500x500.jpg",
    "productInformation": "Lindt EXCELLENCE Sea Salt är en chokladkaka av mörk choklad, tunn och intensiv med de finaste ingredienser skapad av Lindts Chokladmästare. Den perfekta blandningen av len mörk choklad med hög kakaohalt i kombination med handskördade flingor av havssaltet Fleur de sel, en sann smaksensation för alla sinnen. Hållbart odlade kakaobönor genom Lindt & Sprüngli Farming Program - i samarbete med jordbrukarna och deras lokalsamhällen.",
    "countryText": "",
    "companyText": "Lindt",
    "ingrediensText": "socker, kakaomassa, kakaosmör, vattenfritt MJÖLKfett, emulgeringsmedel (SOJAlecitin), salt 0,3%. Kan innehålla HASSELNÖTTER, MANDLAR, andra NÖTTER, MJÖLK. Den mörka chokladen innehåller minst 47% kakao.",
    "storage": "",
    "allergens": "",
    "usage": "",
    "nutrition": [
      {
        "Näringsvärde": "Energi (kcal)",
        "100 Gram": "529 kcal"
      },
      {
        "Näringsvärde": "Energi (kJ)",
        "100 Gram": "2205 kJ"
      },
      {
        "Näringsvärde": "Fett",
        "100 Gram": "32 g"
      },
      {
        "Näringsvärde": "Varav mättat fett",
        "100 Gram": "20 g"
      },
      {
        "Näringsvärde": "Kolhydrat",
        "100 Gram": "50 g"
      },
      {
        "Näringsvärde": "Varav sockerarter",
        "100 Gram": "48 g"
      },
      {
        "Näringsvärde": "Protein",
        "100 Gram": "6.2 g"
      },
      {
        "Näringsvärde": "Salt",
        "100 Gram": "0.31 g"
      }
    ],
    "nutritionUnitText": "Näringsvärde per 100 gram",
    "categories": {
      "mainCategory": "Glass, Godis & Snacks",
      "subCategories": [
        {
          "name": "Choklad",
          "subSubCategories": [
            "Chokladkakor",
            "Mörk choklad"
          ]
        }
      ]
    }
  },
  {
    "name": "Chokladkaka Daim 160g Marabou",
    "weightText": "0.16 kg",
    "caPart": "",
    "weightValue": 0.16,
    "weightUnit": "kg",
    "comparePrice": "193,44 kr/kg",
    "currentPrice": 30.95,
    "attributes": [],
    "imgUrl": "https://handlaprivatkund.ica.se/images-v3/bf7a00ca-390e-4769-865f-dc369586872e/c73fee80-1327-4797-9ebc-41ec470756d4/500x500.jpg",
    "productInformation": "Marabou Daim är en Marabou Mjölkchokladkaka med krossade bitar av Daim som passar för alla tillfällen. Genom Cocoa Life, vårt program för en hållbar kakaoproduktion, bidrar Marabou till att kakao odlas på rätt sätt, för att skydda planeten och respektera mänskliga rättigheter i vår värdekedja. Läs mer om Cocoa Life här www.cocoalife.org.",
    "countryText": "",
    "companyText": "Marabou",
    "ingrediensText": "Ingredienser: Socker, kakaosmör, kakaomassa, palmolja, vasslepulver (MJÖLK), SKUMMJÖLKSPULVER, SMÖRFETT, vassleprodukt (MJÖLK), MANDEL (1 %), sockrad kondenserad SKUMMJÖLK, emulgeringsmedel (SOJALECITINER), salt, aromer. Minst 30 % kakao. KAN INNEHÅLLA ANDRA NÖTTER OCH VETE.",
    "storage": "",
    "allergens": "",
    "usage": "",
    "nutrition": [
      {
        "Näringsvärde": "Energi (kcal)",
        "100 Gram": "544 kcal"
      },
      {
        "Näringsvärde": "Energi (kJ)",
        "100 Gram": "2272 kJ"
      },
      {
        "Näringsvärde": "Fett",
        "100 Gram": "32 g"
      },
      {
        "Näringsvärde": "Varav mättat fett",
        "100 Gram": "18 g"
      },
      {
        "Näringsvärde": "Kolhydrat",
        "100 Gram": "60 g"
      },
      {
        "Näringsvärde": "Varav sockerarter",
        "100 Gram": "59 g"
      },
      {
        "Näringsvärde": "Fiber",
        "100 Gram": "1.6 g"
      },
      {
        "Näringsvärde": "Protein",
        "100 Gram": "3.8 g"
      },
      {
        "Näringsvärde": "Salt",
        "100 Gram": "0.49 g"
      }
    ],
    "nutritionUnitText": "Näringsvärde per 100 gram",
    "categories": {
      "mainCategory": "Glass, Godis & Snacks",
      "subCategories": [
        {
          "name": "Choklad",
          "subSubCategories": [
            "Chokladkakor"
          ]
        }
      ]
    }
  },
  {
    "name": "Godispåse Gott & Blandat Juicy Giants Fruktsmak 170g Malaco",
    "weightText": "0.17 kg",
    "caPart": "",
    "weightValue": 0.17,
    "weightUnit": "kg",
    "comparePrice": "126,47 kr/kg",
    "currentPrice": 21.5,
    "attributes": [],
    "imgUrl": "https://handlaprivatkund.ica.se/images-v3/bf7a00ca-390e-4769-865f-dc369586872e/8ec9f3c9-dfd0-41d2-b6f7-2fa795879d05/500x500.jpg",
    "productInformation": "Malaco Gott & Blandat Juicy Giants passar perfekt till dig som älskar sött och syrligt godis med fruktsmak. Påsens extra stora bitar ger en härligt saftig och syrlig godisupplevelse. Påsen innehåller 170g och passar perfekt att dela med vänner och familj. Vegansk, palmoljefri och utan artificiella färger. Malaco - Lördag hela veckan",
    "countryText": "",
    "companyText": "Malaco",
    "ingrediensText": "socker, glukossirap, stärkelse, glukos-fruktossirap, syror (citronsyra, vinsyra), naturliga aromer, koncentrat från (morot, svarta vinbär), färgämnen (paprikaextrakt, kurkumin, klorofyllinkopparkomplex).",
    "storage": "",
    "allergens": "",
    "usage": "",
    "nutrition": [
      {
        "Näringsvärde": "Energi (kcal)",
        "100 Gram": "360 kcal"
      },
      {
        "Näringsvärde": "Energi (kJ)",
        "100 Gram": "1524 kJ"
      },
      {
        "Näringsvärde": "Fett",
        "100 Gram": "0.1 g"
      },
      {
        "Näringsvärde": "Varav mättat fett",
        "100 Gram": "0 g"
      },
      {
        "Näringsvärde": "Kolhydrat",
        "100 Gram": "88 g"
      },
      {
        "Näringsvärde": "Varav sockerarter",
        "100 Gram": "70 g"
      },
      {
        "Näringsvärde": "Protein",
        "100 Gram": "0 g"
      },
      {
        "Näringsvärde": "Salt",
        "100 Gram": "0.03 g"
      }
    ],
    "nutritionUnitText": "Näringsvärde per 100 gram",
    "categories": {
      "mainCategory": "Glass, Godis & Snacks",
      "subCategories": [
        {
          "name": "Godis",
          "subSubCategories": [
            "Godispåsar"
          ]
        }
      ]
    }
  },
  {
    "name": "Gräddglass Choklad 500ml SIA Glass",
    "weightText": "0.5 l",
    "caPart": "",
    "weightValue": 0.5,
    "weightUnit": "l",
    "comparePrice": "33,90 kr/l",
    "currentPrice": 16.95,
    "attributes": [
      "Från Sverige",
      "Rainforest Alliance certifierad",
      "Ursprungsland Sverige"
    ],
    "imgUrl": "https://handlaprivatkund.ica.se/images-v3/bf7a00ca-390e-4769-865f-dc369586872e/2ebbfe3b-fd2e-4460-a735-77fbe7de230a/500x500.jpg",
    "productInformation": "Svensk krämig chokladgräddglass med kakaofyllning.SIA Glass är ett familjeföretag med hjärtat i halländska Slöinge. Det är med kärlek för hantverket och omtanke om djur och natur som vi tillverkar all vår gräddglass i Sverige. Alltid gjord på svensk färsk grädde.",
    "countryText": "Sverige",
    "companyText": "SIA Glass",
    "ingrediensText": "Ingredienser: SKUMMJÖLK*, GRÄDDE* (21%), socker*, glukossirap, rapsolja, druvsocker, kakao** (3,6%), SKUMMJÖLKSPULVER*, socker, emulgeringsmedel (mono- och diglycerider av veg fettsyror, solroslecitin), stabiliseringsmedel (fruktkärnmjöl, guarkärnmjöl), aromer. *Ursprung: Sverige. Grädde med 40% fetthalt. **Rainforest Alliance Certified. ra.org",
    "storage": "Lägsta förvaringstemperatur -25°C Högsta förvaringstemperatur -18°C",
    "allergens": "Innehåller Mjölk",
    "usage": "",
    "nutrition": [
      {
        "Näringsvärde": "Energi (kcal)",
        "100 Gram": "250 kcal"
      },
      {
        "Näringsvärde": "Energi (kJ)",
        "100 Gram": "1050 kJ"
      },
      {
        "Näringsvärde": "Fett",
        "100 Gram": "13 g"
      },
      {
        "Näringsvärde": "Varav mättat fett",
        "100 Gram": "6.3 g"
      },
      {
        "Näringsvärde": "Kolhydrat",
        "100 Gram": "27 g"
      },
      {
        "Näringsvärde": "Varav sockerarter",
        "100 Gram": "26 g"
      },
      {
        "Näringsvärde": "Varav polyoler",
        "100 Gram": "0 g"
      },
      {
        "Näringsvärde": "Fiber",
        "100 Gram": "0 g"
      },
      {
        "Näringsvärde": "Protein",
        "100 Gram": "4.7 g"
      },
      {
        "Näringsvärde": "Salt",
        "100 Gram": "0.1 g"
      },
      {
        "Näringsvärde": "Vitamin B12",
        "100 Gram": "0 µg"
      },
      {
        "Näringsvärde": "Vitamin D",
        "100 Gram": "0 µg"
      },
      {
        "Näringsvärde": "Folsyra",
        "100 Gram": "0 µg"
      },
      {
        "Näringsvärde": "Selen",
        "100 Gram": "0 µg"
      }
    ],
    "nutritionUnitText": "Näringsvärde per 100 gram",
    "categories": {
      "mainCategory": "Glass, Godis & Snacks",
      "subCategories": [
        {
          "name": "Glass",
          "subSubCategories": [
            "Små Glasspaket"
          ]
        }
      ]
    }
  },
  {
    "name": "Noblesse Original crisp 150g Marabou",
    "weightText": "0.15 kg",
    "caPart": "",
    "weightValue": 0.15,
    "weightUnit": "kg",
    "comparePrice": "353,00 kr/kg",
    "currentPrice": 52.95,
    "attributes": [],
    "imgUrl": "https://handlaprivatkund.ica.se/images-v3/bf7a00ca-390e-4769-865f-dc369586872e/c7b38393-4dec-42f1-9438-214f3ae5a429/500x500.jpg",
    "productInformation": "Marabou Noblesse Original är lövtunna chokladdiskar av Marabou Mjölkchoklad och crisp som smälter i munnen och är förföriskt god. Noblesse passar utmärkt till en god kopp kaffe, att dekorera bakverken med eller att ge bort till någon du tycker om. Genom Cocoa Life, vårt program för en hållbar kakaoproduktion, bidrar Marabou till att kakao odlas på rätt sätt, för att skydda planeten och respektera mänskliga rättigheter i vår värdekedja. Läs mer om Cocoa Life här www.cocoalife.org.",
    "countryText": "",
    "companyText": "Marabou",
    "ingrediensText": "Ingredienser: Socker, kakaosmör, kakaomassa, SKUMMJÖLKSPULVER, SMÖRFETT, vasslepulver (MJÖLK), rostade majsflingor (majs, salt, socker), vassleprodukt (MJÖLK), emulgeringsmedel (SOJALECITINER), aromer. Minst 38 % kakao. KAN INNEHÅLLA NÖTTER.",
    "storage": "Lägsta förvaringstemperatur 10°C Högsta förvaringstemperatur 20°C",
    "allergens": "",
    "usage": "",
    "nutrition": [
      {
        "Näringsvärde": "Energi (kcal)",
        "100 Gram": "559 kcal"
      },
      {
        "Näringsvärde": "Energi (kJ)",
        "100 Gram": "2333 kJ"
      },
      {
        "Näringsvärde": "Fett",
        "100 Gram": "35 g"
      },
      {
        "Näringsvärde": "Varav mättat fett",
        "100 Gram": "21 g"
      },
      {
        "Näringsvärde": "Kolhydrat",
        "100 Gram": "55 g"
      },
      {
        "Näringsvärde": "Varav sockerarter",
        "100 Gram": "50 g"
      },
      {
        "Näringsvärde": "Fiber",
        "100 Gram": "2.3 g"
      },
      {
        "Näringsvärde": "Protein",
        "100 Gram": "4.7 g"
      },
      {
        "Näringsvärde": "Salt",
        "100 Gram": "0.35 g"
      }
    ],
    "nutritionUnitText": "Näringsvärde per 100 gram",
    "categories": {
      "mainCategory": "Glass, Godis & Snacks",
      "subCategories": [
        {
          "name": "Choklad",
          "subSubCategories": [
            "Praliner & presentaskar"
          ]
        }
      ]
    }
  },
  {
    "name": "Mörk choklad Toffee 150g Riesen",
    "weightText": "0.15 kg",
    "caPart": "",
    "weightValue": 0.15,
    "weightUnit": "kg",
    "comparePrice": "146,33 kr/kg",
    "currentPrice": 21.95,
    "attributes": [],
    "imgUrl": "https://handlaprivatkund.ica.se/images-v3/bf7a00ca-390e-4769-865f-dc369586872e/df48a74a-a654-4650-b6ca-230fe1194333/500x500.jpg",
    "productInformation": "Information från leverantör \n Påse med chokladkola täckt med mörk Gavoa-choklad. Passar till kaffet eller när du är sugen på något sött.",
    "countryText": "",
    "companyText": "Riesen",
    "ingrediensText": "Ingredienser: Glukossirap, socker, kondenserad VASSLE (från MJÖLK), kakaomassa* (10 %), palmfett, kondenserad SKUMMJÖLK, kakao, fuktighetsbevarande medel: sorbitolsirap, kakaosmör, SMÖRFETT, VASSLEPULVER (från MJÖLK), modifierad stärkelse, emulgeringsmedel: lecitiner (SOJA), vaniljextrakt. *gjord av Gavoa kakaoblandning Kan även innehålla delar av JORDNÖT SAMT HASSELNÖT, MANDEL och andra NÖTTER.",
    "storage": "",
    "allergens": "Kan innehålla spår av Nötter, Jordnötter.",
    "usage": "",
    "nutrition": [
      {
        "Näringsvärde": "Energi (kcal)",
        "100 Gram": "448 kcal"
      },
      {
        "Näringsvärde": "Energi (kJ)",
        "100 Gram": "1877 kJ"
      },
      {
        "Näringsvärde": "Fett",
        "100 Gram": "18.1 g"
      },
      {
        "Näringsvärde": "Varav mättat fett",
        "100 Gram": "10.7 g"
      },
      {
        "Näringsvärde": "Kolhydrat",
        "100 Gram": "66.6 g"
      },
      {
        "Näringsvärde": "Varav sockerarter",
        "100 Gram": "44.7 g"
      },
      {
        "Näringsvärde": "Protein",
        "100 Gram": "3.8 g"
      },
      {
        "Näringsvärde": "Salt",
        "100 Gram": "0.14 g"
      }
    ],
    "nutritionUnitText": "Näringsvärde per 100 gram",
    "categories": {
      "mainCategory": "Jul",
      "subCategories": [
        {
          "name": "Julgodis & Chokladaskar",
          "subSubCategories": [
            "Julgodis"
          ]
        }
      ]
    }
  },
  {
    "name": "Nötmix Honung & Salt 175g Estrella",
    "weightText": "0.175 kg",
    "caPart": "",
    "weightValue": 0.175,
    "weightUnit": "kg",
    "comparePrice": "185,71 kr/kg",
    "currentPrice": 32.5,
    "attributes": [],
    "imgUrl": "https://handlaprivatkund.ica.se/images-v3/bf7a00ca-390e-4769-865f-dc369586872e/85fd1f78-c289-49e5-8484-c62b25dfc1fb/500x500.jpg",
    "productInformation": "Estrella Nötmix Honung & Salt Cashew är en krispig och knaprigt nötmix med perfekt balans mellan sött och salt. Sveriges mest populära nötmix. Lika delar jordnötter och cashewnötter kanderas för en karamelliserad yta och ljuvlig smak av honung. Sedan toppas nötterna med fint salt som bryter av mot det söta. Resultatet? En härligt krispig och nötig smakkombination av sött och salt. Perfekt att ställa fram när festligheterna börjar.",
    "countryText": "",
    "companyText": "Estrella",
    "ingrediensText": "CASHEWNÖTTER (32%), JORDNÖTTER (32%), socker, honung (2%), solrosolja, geleringsmedel (gummi arabicum), salt, sheafett. Produkten kan innehålla andra NÖTTER.",
    "storage": "",
    "allergens": "",
    "usage": "",
    "nutrition": [
      {
        "Näringsvärde": "Energi (kcal)",
        "100 Gram": "530 kcal"
      },
      {
        "Näringsvärde": "Energi (kJ)",
        "100 Gram": "2210 kJ"
      },
      {
        "Näringsvärde": "Fett",
        "100 Gram": "32 g"
      },
      {
        "Näringsvärde": "Varav mättat fett",
        "100 Gram": "5.6 g"
      },
      {
        "Näringsvärde": "Kolhydrat",
        "100 Gram": "43 g"
      },
      {
        "Näringsvärde": "Varav sockerarter",
        "100 Gram": "35 g"
      },
      {
        "Näringsvärde": "Fiber",
        "100 Gram": "4 g"
      },
      {
        "Näringsvärde": "Protein",
        "100 Gram": "14.6 g"
      },
      {
        "Näringsvärde": "Salt",
        "100 Gram": "1.1 g"
      }
    ],
    "nutritionUnitText": "Näringsvärde per 100 gram",
    "categories": {
      "mainCategory": "Glass, Godis & Snacks",
      "subCategories": [
        {
          "name": "Chips & snacks",
          "subSubCategories": [
            "Salta nötter",
            "Nöt & fruktmix"
          ]
        }
      ]
    }
  },
  {
    "name": "Valnötter 300g ICA Gott Liv",
    "weightText": "0.3 kg",
    "caPart": "",
    "weightValue": 0.3,
    "weightUnit": "kg",
    "comparePrice": "209,83 kr/kg",
    "currentPrice": 62.95,
    "attributes": [
      "Nyckelhålet"
    ],
    "imgUrl": "https://handlaprivatkund.ica.se/images-v3/bf7a00ca-390e-4769-865f-dc369586872e/1c28fe50-8e48-4c14-94c8-e430c2d35e55/500x500.jpg",
    "productInformation": "ICA Gott Liv Valnötter är en mångsidig nöt, redo att ätas som snacks, använda till bak eller toppa en gräddig gorgonzolasås.",
    "countryText": "",
    "companyText": "ICA Gott Liv",
    "ingrediensText": "VALNÖTTER*. Kan innehålla spår av jordnötter, mandel, paranötter, cashewnötter, hasselnötter, makadamianötter, pecannötter och pistagenötter. *Odlade i USA.",
    "storage": "Förvaras torrt och svalt. Förslut öppnad påse väl. Lägsta förvaringstemperatur 0°C Högsta förvaringstemperatur 25°C",
    "allergens": "",
    "usage": "",
    "nutrition": [
      {
        "Näringsvärde": "Energi (kcal)",
        "100 Gram": "696 kcal"
      },
      {
        "Näringsvärde": "Energi (kJ)",
        "100 Gram": "2875 kJ"
      },
      {
        "Näringsvärde": "Fett",
        "100 Gram": "67 g"
      },
      {
        "Näringsvärde": "Varav mättat fett",
        "100 Gram": "6.9 g"
      },
      {
        "Näringsvärde": "Kolhydrat",
        "100 Gram": "3.2 g"
      },
      {
        "Näringsvärde": "Varav sockerarter",
        "100 Gram": "2.3 g"
      },
      {
        "Näringsvärde": "Fiber",
        "100 Gram": "6.4 g"
      },
      {
        "Näringsvärde": "Protein",
        "100 Gram": "16 g"
      },
      {
        "Näringsvärde": "Salt",
        "100 Gram": "0.05 g"
      },
      {
        "Näringsvärde": "Fosfor",
        "100 Gram": "386 mg",
        "% av DRI(*)": "55"
      },
      {
        "Näringsvärde": "Magnesium",
        "100 Gram": "151 mg",
        "% av DRI(*)": "40"
      }
    ],
    "nutritionUnitText": "Näringsvärde per 100 gram",
    "categories": {
      "mainCategory": "Glass, Godis & Snacks",
      "subCategories": [
        {
          "name": "Naturgodis, Nötter & Bars",
          "subSubCategories": [
            "Naturella nötter",
            "Valnötter"
          ]
        }
      ]
    }
  },
  {
    "name": "Godis Saltlaktris 130g Ahlgrens Bilar",
    "weightText": "0.13 kg",
    "caPart": "",
    "weightValue": 0.13,
    "weightUnit": "kg",
    "comparePrice": "145,77 kr/kg",
    "currentPrice": 18.95,
    "attributes": [],
    "imgUrl": "https://handlaprivatkund.ica.se/images-v3/bf7a00ca-390e-4769-865f-dc369586872e/062fb06c-9d40-4da7-b038-7e88c9750805/500x500.jpg",
    "productInformation": "Ahlgrens Bilar med smak av saltlakrits. Smågodis att ha hemma eller varför inte i bilen? Passar när du är sugen på något salt.",
    "countryText": "",
    "companyText": "Ahlgrens Bilar",
    "ingrediensText": "socker, glukossirap, stärkelse, gelatin, ammoniumklorid (=salmiak), invertsockersirap, lakritsextrakt, färgämnen (sockerkulör [ammoniak], vegetabiliskt kol), fullhärdat palmfett, salt, aromer.",
    "storage": "Förvaras torrt och i rumstemperatur.",
    "allergens": "",
    "usage": "",
    "nutrition": [
      {
        "Näringsvärde": "Energi (kcal)",
        "100 Gram": "358 kcal"
      },
      {
        "Näringsvärde": "Energi (kJ)",
        "100 Gram": "1474 kJ"
      },
      {
        "Näringsvärde": "Fett",
        "100 Gram": "0.2 g"
      },
      {
        "Näringsvärde": "Varav enkelomättat fett",
        "100 Gram": "0 g"
      },
      {
        "Näringsvärde": "Kolhydrat",
        "100 Gram": "83 g"
      },
      {
        "Näringsvärde": "Varav sockerarter",
        "100 Gram": "61 g"
      },
      {
        "Näringsvärde": "Protein",
        "100 Gram": "3.8 g"
      },
      {
        "Näringsvärde": "Salt",
        "100 Gram": "0.19 g"
      }
    ],
    "nutritionUnitText": "Näringsvärde per 100 gram",
    "categories": {
      "mainCategory": "Glass, Godis & Snacks",
      "subCategories": [
        {
          "name": "Godis",
          "subSubCategories": [
            "Godispåsar"
          ]
        }
      ]
    }
  },
  {
    "name": "Fransk Nougat Dubbel 46g Marabou",
    "weightText": "0.046 kg",
    "caPart": "",
    "weightValue": 0.046,
    "weightUnit": "kg",
    "comparePrice": "325,00 kr/kg",
    "currentPrice": 14.95,
    "attributes": [],
    "imgUrl": "https://handlaprivatkund.ica.se/images-v3/bf7a00ca-390e-4769-865f-dc369586872e/3b9b4c23-e5a5-4792-a81b-9b54f4b5ebc7/500x500.jpg",
    "productInformation": "Fransk nougat- Vår franska nougat är inte vilken nougat som helst. Med maräng, en släng av honung och nötter i härligt förförisk choklad finns det bara ett sätt att beskriva den – c’est bon!",
    "countryText": "",
    "companyText": "Marabou",
    "ingrediensText": "Ingredienser: Socker, glukossirap, kakaomassa, HASSELNÖTTER/-NØDDER, honung/honning, invertsocker, kakaosmør, SMÖRFETT/SMØROLIE, ÄGGVITA/ÆGGEHVIDE, emulgeringsmedel/emulgatorer (SOJALECITIN, E476), aromer, SKUMMJÖLKSPULVER. KAN INNEHÅLLA JORDNÖTTER/JORDNØDDER, ANDRA NÖTTER/ANDRE NØDDER OCH VETE/HVEDE.",
    "storage": "",
    "allergens": "",
    "usage": "",
    "nutrition": [
      {
        "Näringsvärde": "Energi (kcal)",
        "100 Gram": "445 kcal"
      },
      {
        "Näringsvärde": "Energi (kJ)",
        "100 Gram": "1875 kJ"
      },
      {
        "Näringsvärde": "Fett",
        "100 Gram": "14.5 g"
      },
      {
        "Näringsvärde": "Varav mättat fett",
        "100 Gram": "6.6 g"
      },
      {
        "Näringsvärde": "Kolhydrat",
        "100 Gram": "74 g"
      },
      {
        "Näringsvärde": "Varav sockerarter",
        "100 Gram": "72 g"
      },
      {
        "Näringsvärde": "Fiber",
        "100 Gram": "3.1 g"
      },
      {
        "Näringsvärde": "Protein",
        "100 Gram": "3 g"
      },
      {
        "Näringsvärde": "Salt",
        "100 Gram": "0.05 g"
      }
    ],
    "nutritionUnitText": "Näringsvärde per 100 gram",
    "categories": {
      "mainCategory": "Glass, Godis & Snacks",
      "subCategories": [
        {
          "name": "Choklad",
          "subSubCategories": [
            "Chokladstycksaker"
          ]
        }
      ]
    }
  },
  {
    "name": "Cashewnötter 400g ICA Basic",
    "weightText": "0.4 kg",
    "caPart": "",
    "weightValue": 0.4,
    "weightUnit": "kg",
    "comparePrice": "149,88 kr/kg",
    "currentPrice": 59.95,
    "attributes": [],
    "imgUrl": "https://handlaprivatkund.ica.se/images-v3/bf7a00ca-390e-4769-865f-dc369586872e/43bb407d-3925-4642-bd36-a54816f30d31/500x500.jpg",
    "productInformation": "ICA Basic Cahewnötter är rostade i solrosolja och lagom saltade. Perfekt enkelt snacks eller som ett tillbehör till mat.",
    "countryText": "",
    "companyText": "ICA Basic",
    "ingrediensText": "CASHEWNÖTTER* 94%, vegetabilisk olja(solrosolja), salt. Kan innehålla spår av jordnötter.*Odlat i Vietnam, Indien, Afrika.",
    "storage": "",
    "allergens": "Kan innehålla spår av Jordnötter, Mandel, Hasselnöt, Valnöt, Pekannöt, Paranöt, Pistaschmandel, Makadamianöt.",
    "usage": "",
    "nutrition": [
      {
        "Näringsvärde": "Energi (kcal)",
        "100 Gram": "611 kcal"
      },
      {
        "Näringsvärde": "Energi (kJ)",
        "100 Gram": "2534 kJ"
      },
      {
        "Näringsvärde": "Fett",
        "100 Gram": "49 g"
      },
      {
        "Näringsvärde": "Varav mättat fett",
        "100 Gram": "8.5 g"
      },
      {
        "Näringsvärde": "Kolhydrat",
        "100 Gram": "21 g"
      },
      {
        "Näringsvärde": "Varav sockerarter",
        "100 Gram": "5.4 g"
      },
      {
        "Näringsvärde": "Protein",
        "100 Gram": "19 g"
      },
      {
        "Näringsvärde": "Salt",
        "100 Gram": "0.8 g"
      }
    ],
    "nutritionUnitText": "Näringsvärde per 100 gram",
    "categories": {
      "mainCategory": "Glass, Godis & Snacks",
      "subCategories": [
        {
          "name": "Chips & snacks",
          "subSubCategories": [
            "Salta nötter",
            "Cashewnötter saltade"
          ]
        }
      ]
    }
  },
  {
    "name": "Chokladbar 50g Twix",
    "weightText": "0.05 kg",
    "caPart": "",
    "weightValue": 0.05,
    "weightUnit": "kg",
    "comparePrice": "270,00 kr/kg",
    "currentPrice": 13.5,
    "attributes": [],
    "imgUrl": "https://handlaprivatkund.ica.se/images-v3/bf7a00ca-390e-4769-865f-dc369586872e/84c30509-6d41-46dc-a53e-e3afe4000a30/500x500.jpg",
    "productInformation": "",
    "countryText": "",
    "companyText": "Twix",
    "ingrediensText": "Ingredienser: socker/sukker, glukossirap/glukosesirup, VETEMJÖL/HVETEMEL/HVEDEMEL, palmfett/palmefett/palmefedt, SKUMMJÖLKSPULVER/MELKEPULVER AV SKUMMETMELK/SKUMMETMÆLKSPULVER, kakaosmör/kakaosmør, kakaomassa/-masse, vassle-/myse-/vallepermeat (MJÖLK/MELK/MÆLK), MJÖLKFETT/MELKEFETT/MÆLKEFEDT, fettreducerat/fettredusert/fedt reduceret kakaopulver, salt, emulgeringsmedel/emulgator (SOJA-/SOYA-/SOJALECITIN), bakpulver/hevemiddel/hævemiddel (E500), aromämne/aroma/aromastof. (Kan innehålle/inneholde/indeholde: NÖTTER/NØTTER/NØDDER, andra/andre/andet spannmål/korn innehållande/inneholdende/indeholdende GLUTEN). Minimum/Mindst 25% kakao/kakaotørstof.",
    "storage": "Förvaras svalt och torrt/opbevare tørt og køligt.",
    "allergens": "",
    "usage": "",
    "nutrition": [
      {
        "Näringsvärde": "Energi (kcal)",
        "100 Gram": "493 kcal"
      },
      {
        "Näringsvärde": "Energi (kJ)",
        "100 Gram": "2065 kJ"
      },
      {
        "Näringsvärde": "Fett",
        "100 Gram": "24 g"
      },
      {
        "Näringsvärde": "Varav mättat fett",
        "100 Gram": "14 g"
      },
      {
        "Näringsvärde": "Kolhydrat",
        "100 Gram": "65 g"
      },
      {
        "Näringsvärde": "Varav sockerarter",
        "100 Gram": "48 g"
      },
      {
        "Näringsvärde": "Protein",
        "100 Gram": "4.6 g"
      },
      {
        "Näringsvärde": "Salt",
        "100 Gram": "0.39 g"
      }
    ],
    "nutritionUnitText": "Näringsvärde per 100 gram",
    "categories": {
      "mainCategory": "Glass, Godis & Snacks",
      "subCategories": [
        {
          "name": "Choklad",
          "subSubCategories": [
            "Chokladstycksaker"
          ]
        }
      ]
    }
  },
  {
    "name": "Godispåse Zoo 95g Malaco",
    "weightText": "0.095 kg",
    "caPart": "",
    "weightValue": 0.095,
    "weightUnit": "kg",
    "comparePrice": "142,11 kr/kg",
    "currentPrice": 13.5,
    "attributes": [],
    "imgUrl": "https://handlaprivatkund.ica.se/images-v3/bf7a00ca-390e-4769-865f-dc369586872e/fbbd32fa-7402-4a36-af68-ff223ee85c93/500x500.jpg",
    "productInformation": "Malaco Zoo är ett av Sveriges mest kända godisvarumärken med sin fruktiga smak. Både innehållet och påsens design med apan, giraffen och papegojan är sanna svenska klassiker i godishyllan. Godispåsen passar bra till kalaset eller i godisskålen. Godispåsen innehåller 95g. Fri från palmolja och utan artificiella färgämnen. Malaco - Lördag hela veckan.",
    "countryText": "",
    "companyText": "Malaco",
    "ingrediensText": "socker/sukker, glukossirap, gelatin, stärkelse/stivelse, syra (E270), vegetabiliska oljor (kokos, raps), arom, ytbehandlings-/overfladebehandlingsmiddel (karnaubavax/voks), färgämnen/farvestoffer (E120, E160a).",
    "storage": "",
    "allergens": "",
    "usage": "",
    "nutrition": [
      {
        "Näringsvärde": "Energi (kcal)",
        "100 Gram": "358 kcal"
      },
      {
        "Näringsvärde": "Energi (kJ)",
        "100 Gram": "1522 kJ"
      },
      {
        "Näringsvärde": "Fett",
        "100 Gram": "0.3 g"
      },
      {
        "Näringsvärde": "Varav mättat fett",
        "100 Gram": "0.2 g"
      },
      {
        "Näringsvärde": "Kolhydrat",
        "100 Gram": "83 g"
      },
      {
        "Näringsvärde": "Varav sockerarter",
        "100 Gram": "57 g"
      },
      {
        "Näringsvärde": "Fiber",
        "100 Gram": "0.06 g"
      },
      {
        "Näringsvärde": "Protein",
        "100 Gram": "5.4 g"
      },
      {
        "Näringsvärde": "Salt",
        "100 Gram": "0.01 g"
      }
    ],
    "nutritionUnitText": "Näringsvärde per 100 gram",
    "categories": {
      "mainCategory": "Glass, Godis & Snacks",
      "subCategories": [
        {
          "name": "Godis",
          "subSubCategories": [
            "Godispåsar"
          ]
        }
      ]
    }
  },
  {
    "name": "Chokladbar 50g Snickers",
    "weightText": "0.05 kg",
    "caPart": "",
    "weightValue": 0.05,
    "weightUnit": "kg",
    "comparePrice": "270,00 kr/kg",
    "currentPrice": 13.5,
    "attributes": [],
    "imgUrl": "https://handlaprivatkund.ica.se/images-v3/bf7a00ca-390e-4769-865f-dc369586872e/d46c6b2a-a44d-4086-b3d0-d4a4b28cedfd/500x500.jpg",
    "productInformation": "",
    "countryText": "",
    "companyText": "Snickers",
    "ingrediensText": "Ingredienser: socker/sukker, glukossirap/glukosesirup, JORDNÖTTER/PEANØTTER/JORDNØDDER, SKUMMJÖLKSPULVER/MELKEPULVER AV SKUMMETMELK/SKUMMETMÆLKSPULVER, kakaosmör/kakaosmør, kakaomassa/-masse, vassle-/myse-/vallepermeat (MJÖLK/MELK/MÆLK), solrosolja/solsikkeolje/solsikkeolie, MJÖLKFETT/MELKEFETT/MÆLKEFEDT, palmfett/palmefett/palmefedt, salt, emulgeringsmedel/emulgator (SOJA-/SOYA-/SOJALECITIN), ÄGGVITE-/EGGEHVITE-/ÆGGEHVIDEPULVER. (Kan innehålle/inneholde/indeholde: NÖTTER/NØTTER/NØDDER). Minimum/Mindst 25% kakao/kakaotørstof.",
    "storage": "Förvaras på en sval och torr plats/Oppbevares kjølig og tørt/Opbevares på et køligt, tørt sted",
    "allergens": "",
    "usage": "",
    "nutrition": [
      {
        "Näringsvärde": "Energi (kcal)",
        "100 Gram": "490 kcal"
      },
      {
        "Näringsvärde": "Energi (kJ)",
        "100 Gram": "2051 kJ"
      },
      {
        "Näringsvärde": "Fett",
        "100 Gram": "23 g"
      },
      {
        "Näringsvärde": "Varav mättat fett",
        "100 Gram": "7.6 g"
      },
      {
        "Näringsvärde": "Kolhydrat",
        "100 Gram": "60 g"
      },
      {
        "Näringsvärde": "Varav sockerarter",
        "100 Gram": "51 g"
      },
      {
        "Näringsvärde": "Protein",
        "100 Gram": "8.7 g"
      },
      {
        "Näringsvärde": "Salt",
        "100 Gram": "0.52 g"
      }
    ],
    "nutritionUnitText": "Näringsvärde per 100 gram",
    "categories": {
      "mainCategory": "Glass, Godis & Snacks",
      "subCategories": [
        {
          "name": "Choklad",
          "subSubCategories": [
            "Chokladstycksaker"
          ]
        }
      ]
    }
  },
  {
    "name": "Gräddglass Vanilj 500ml SIA Glass",
    "weightText": "0.5 l",
    "caPart": "",
    "weightValue": 0.5,
    "weightUnit": "l",
    "comparePrice": "33,90 kr/l",
    "currentPrice": 16.95,
    "attributes": [
      "Från Sverige",
      "Ursprungsland Sverige"
    ],
    "imgUrl": "https://handlaprivatkund.ica.se/images-v3/bf7a00ca-390e-4769-865f-dc369586872e/d2c326b3-fc68-41ee-aa67-bd2edc1d1062/500x500.jpg",
    "productInformation": "Svensk krämig gräddglass med äkta vaniljstång.SIA Glass är ett familjeföretag med hjärtat i halländska Slöinge. Det är med kärlek för hantverket och omtanke om djur och natur som vi tillverkar all vår gräddglass i Sverige. Alltid gjord på svensk färsk grädde.",
    "countryText": "Sverige",
    "companyText": "SIA Glass",
    "ingrediensText": "Ingredienser: SKUMMJÖLK*, GRÄDDE* (25%), socker*, glukossirap, SKUMMJÖLKSPULVER*, druvsocker, vaniljarom, vaniljfrön, emulgeringsmedel (mono- och diglycerider av veg fettsyror), stabiliseringsmedel (fruktkärnmjöl, guarkärnmjöl). *Ursprung: Sverige. Vaniljarom och vaniljfrön är inte från Sverige. Grädde med 40% fetthalt.",
    "storage": "Lägsta förvaringstemperatur -25°C Högsta förvaringstemperatur -18°C",
    "allergens": "Innehåller Mjölk",
    "usage": "",
    "nutrition": [
      {
        "Näringsvärde": "Energi (kcal)",
        "100 Gram": "210 kcal"
      },
      {
        "Näringsvärde": "Energi (kJ)",
        "100 Gram": "850 kJ"
      },
      {
        "Näringsvärde": "Fett",
        "100 Gram": "10 g"
      },
      {
        "Näringsvärde": "Varav mättat fett",
        "100 Gram": "6.8 g"
      },
      {
        "Näringsvärde": "Kolhydrat",
        "100 Gram": "23 g"
      },
      {
        "Näringsvärde": "Varav sockerarter",
        "100 Gram": "22 g"
      },
      {
        "Näringsvärde": "Varav polyoler",
        "100 Gram": "0.5 g"
      },
      {
        "Näringsvärde": "Fiber",
        "100 Gram": "0.5 g"
      },
      {
        "Näringsvärde": "Protein",
        "100 Gram": "3.8 g"
      },
      {
        "Näringsvärde": "Salt",
        "100 Gram": "0.1 g"
      },
      {
        "Näringsvärde": "Vitamin B12",
        "100 Gram": "0 µg"
      },
      {
        "Näringsvärde": "Vitamin D",
        "100 Gram": "0 µg"
      },
      {
        "Näringsvärde": "Folsyra",
        "100 Gram": "0 µg"
      },
      {
        "Näringsvärde": "Selen",
        "100 Gram": "0 µg"
      }
    ],
    "nutritionUnitText": "Näringsvärde per 100 gram",
    "categories": {
      "mainCategory": "Glass, Godis & Snacks",
      "subCategories": [
        {
          "name": "Glass",
          "subSubCategories": [
            "Små Glasspaket"
          ]
        }
      ]
    }
  },
  {
    "name": "Müslibar BIG White Chocolate 40g Corny",
    "weightText": "0.04 kg",
    "caPart": "",
    "weightValue": 0.04,
    "weightUnit": "kg",
    "comparePrice": "262,50 kr/kg",
    "currentPrice": 10.5,
    "attributes": [
      "Rainforest Alliance certifierad"
    ],
    "imgUrl": "https://handlaprivatkund.ica.se/images-v3/bf7a00ca-390e-4769-865f-dc369586872e/944d32f7-48ec-45f7-ba50-9ef6f724b2f1/500x500.jpg",
    "productInformation": "Corny Müslibar är ett nyttigare mellanmålsalternativ i barformat, lätt att ta med sig på utflykten. Perfekt före, under och efter träningspasset. Lätt att stoppa i fickan och ha med sig under fritidsaktiviteterna.",
    "countryText": "",
    "companyText": "Corny",
    "ingrediensText": "Ingredienser: Spannmålsflingor (VETEmjöl, socker, majsmjöl, rismjöl, KORNmaltsextrakt, salt, karamelliserad sockersirap), vit choklad 20% (socker, kakaosmör*, helMJÖLKspulver, emulgeringsmedel (E476, E442), vanillin), glukossirap, glukos-fruktossirap, fullkornsflingor (VETE 5%, HAVRE 4%, KORN 1,3%), majsflingor (majs, salt, KORNmaltsextrakt), kokosolja, rostade JORDNÖTTER, naturlig arom, salt, emulgeringsmedel (lecitin), naturlig bourbonvaniljarom (innehåller MJÖLK). Kan innehålla spår av NÖTTER.",
    "storage": "Förvaras torrt och svalt, skyddad från värme. Lägsta förvaringstemperatur 10°C Högsta förvaringstemperatur 25°C",
    "allergens": "Innehåller Spannmål som innehåller gluten Innehåller Mjölk Innehåller Jordnötter Kan innehålla Nötter (eng: tree nuts)",
    "usage": "",
    "nutrition": [
      {
        "Näringsvärde": "Energi (kcal)",
        "100 Gram": "432 kcal"
      },
      {
        "Näringsvärde": "Energi (kJ)",
        "100 Gram": "1816 kJ"
      },
      {
        "Näringsvärde": "Fett",
        "100 Gram": "14 g"
      },
      {
        "Näringsvärde": "Varav mättat fett",
        "100 Gram": "8.5 g"
      },
      {
        "Näringsvärde": "Kolhydrat",
        "100 Gram": "70 g"
      },
      {
        "Näringsvärde": "Varav sockerarter",
        "100 Gram": "31 g"
      },
      {
        "Näringsvärde": "Fiber",
        "100 Gram": "2.3 g"
      },
      {
        "Näringsvärde": "Protein",
        "100 Gram": "5.8 g"
      },
      {
        "Näringsvärde": "Salt",
        "100 Gram": "0.69 g"
      }
    ],
    "nutritionUnitText": "Näringsvärde per 100 gram",
    "categories": {
      "mainCategory": "Glass, Godis & Snacks",
      "subCategories": [
        {
          "name": "Naturgodis, Nötter & Bars",
          "subSubCategories": [
            "Bars"
          ]
        }
      ]
    }
  },
  {
    "name": "Godis Kalaspatrullen 135g Malaco",
    "weightText": "0.135 kg",
    "caPart": "",
    "weightValue": 0.135,
    "weightUnit": "kg",
    "comparePrice": "140,37 kr/kg",
    "currentPrice": 18.95,
    "attributes": [],
    "imgUrl": "https://handlaprivatkund.ica.se/images-v3/bf7a00ca-390e-4769-865f-dc369586872e/02c6bb20-ac5a-42fd-a3f3-fa0fc116cd5c/500x500.jpg",
    "productInformation": "Kalaspatrullen rycker ut och räddar barnkalaset! Kalaspåsen innehåller en mix av våra mest älskade barnprodukter. Här hittar du godis som tablettaskarna Fruxo och Zoo, en Fruxo klubba, en Ahlgrens bilar påse samt en minipåse med Gott & Blandat. Arrangera en fiskdamm eller låt barnen leta efter gömda påsar på kalaset. Det kommer garanterat att bli en succé!",
    "countryText": "",
    "companyText": "Malaco",
    "ingrediensText": "socker, glukossirap, stärkelse, glukos-fruktossirap, gelatin, VETEMJÖL, modifierad stärkelse, syror (E270, E330), invertsockersirap, ammoniumklorid (=salmiak), melass, aromer, lakritsextrakt, vegetabiliska oljor (kokos, raps), fuktighetsbevarande medel (sorbitoler, glycerol), surhetsreglerande medel (citronsyra), stabiliseringsmedel (E471), salt, färgämnen (E153, E120, E100, E160a, E141), ytbehandlingsmedel (karnaubavax, bivax), extrakt från (safflor), koncentrat från (spirulina), kokosfett.",
    "storage": "Förvaras torrt och svalt",
    "allergens": "",
    "usage": "",
    "nutrition": [
      {
        "Näringsvärde": "Energi (kcal)",
        "100 Gram": "359 kcal"
      },
      {
        "Näringsvärde": "Energi (kJ)",
        "100 Gram": "1514 kJ"
      },
      {
        "Näringsvärde": "Fett",
        "100 Gram": "0.3 g"
      },
      {
        "Näringsvärde": "Varav mättat fett",
        "100 Gram": "0.2 g"
      },
      {
        "Näringsvärde": "Kolhydrat",
        "100 Gram": "86 g"
      },
      {
        "Näringsvärde": "Varav sockerarter",
        "100 Gram": "66 g"
      },
      {
        "Näringsvärde": "Protein",
        "100 Gram": "2.6 g"
      },
      {
        "Näringsvärde": "Salt",
        "100 Gram": "0.06 g"
      }
    ],
    "nutritionUnitText": "Näringsvärde per 100 gram",
    "categories": {
      "mainCategory": "Glass, Godis & Snacks",
      "subCategories": [
        {
          "name": "Godis",
          "subSubCategories": [
            "Godispåsar"
          ]
        }
      ]
    }
  },
  {
    "name": "Godis Gott & Blandat Super sur 170g Malaco",
    "weightText": "0.17 kg",
    "caPart": "",
    "weightValue": 0.17,
    "weightUnit": "kg",
    "comparePrice": "126,47 kr/kg",
    "currentPrice": 21.5,
    "attributes": [],
    "imgUrl": "https://handlaprivatkund.ica.se/images-v3/bf7a00ca-390e-4769-865f-dc369586872e/468cfdd2-b580-4f21-b1f7-1681b5db6b8e/500x500.jpg",
    "productInformation": "Konsumenterna efterfrågade en påse med riktigt surt godis. Då skapade Malaco en superduper-sur Gott & Blandat. Innehållet består av olika godisbitar för den som verkligen vill ha en sur upplevelse. I påsen finns både mjuka och sega vingummibitar. Gott & Blandat Supersur är ingen godispåse för veklingar.",
    "countryText": "",
    "companyText": "Malaco",
    "ingrediensText": "glukossirap, socker, stärkelse, modifierad stärkelse, gelatin, syror (E270, E296, E330), surhetsreglerande medel (natriummalater, natriumkarbonat), aromer, fullhärdad solrosolja , karamelliserat socker, koncentrat från (svart morot, morot, svarta vinbär, spirulina, safflor), färgämnen (E120, E160c, E133, E100).",
    "storage": "Förvaras torrt och i rumstemperatur. Lägsta förvaringstemperatur 5°C Högsta förvaringstemperatur 30°C",
    "allergens": "Kan innehålla Mjölk",
    "usage": "",
    "nutrition": [
      {
        "Näringsvärde": "Energi (kcal)",
        "100 Gram": "360 kcal"
      },
      {
        "Näringsvärde": "Energi (kJ)",
        "100 Gram": "1523 kJ"
      },
      {
        "Näringsvärde": "Fett",
        "100 Gram": "0.1 g"
      },
      {
        "Näringsvärde": "Varav mättat fett",
        "100 Gram": "0.1 g"
      },
      {
        "Näringsvärde": "Kolhydrat",
        "100 Gram": "86 g"
      },
      {
        "Näringsvärde": "Varav sockerarter",
        "100 Gram": "57 g"
      },
      {
        "Näringsvärde": "Protein",
        "100 Gram": "3.1 g"
      },
      {
        "Näringsvärde": "Salt",
        "100 Gram": "0.52 g"
      }
    ],
    "nutritionUnitText": "Näringsvärde per 100 gram",
    "categories": {
      "mainCategory": "Glass, Godis & Snacks",
      "subCategories": [
        {
          "name": "Godis",
          "subSubCategories": [
            "Godispåsar"
          ]
        }
      ]
    }
  },
  {
    "name": "Grillchips 275g OLW",
    "weightText": "0.275 kg",
    "caPart": "",
    "weightValue": 0.275,
    "weightUnit": "kg",
    "comparePrice": "114,55 kr/kg",
    "currentPrice": 31.5,
    "attributes": [],
    "imgUrl": "https://handlaprivatkund.ica.se/images-v3/bf7a00ca-390e-4769-865f-dc369586872e/6c40ca25-8d72-4216-af2e-723e4f360639/500x500.jpg",
    "productInformation": "Riktigt goda chips gör fredagsmyset ännu bättre. På OLW använder vi oss av naturliga ingredienser och den allra finaste potatisen. Dessutom gör vi våra chips riktigt OLW-krispiga – allt för den goda smakens skull. OLW Grillchips är smaksatta med salt och lite lök för att få fram den där berömda grillsmaken.",
    "countryText": "",
    "companyText": "Olw",
    "ingrediensText": "Potatis, solrosolja, kryddblandning (maltodextrin, salt, lök, druvsocker, jästextrakt, naturlig arom).",
    "storage": "",
    "allergens": "",
    "usage": "",
    "nutrition": [
      {
        "Näringsvärde": "Energi (kcal)",
        "100 Gram": "530 kcal"
      },
      {
        "Näringsvärde": "Energi (kJ)",
        "100 Gram": "2200 kJ"
      },
      {
        "Näringsvärde": "Fett",
        "100 Gram": "33 g"
      },
      {
        "Näringsvärde": "Varav mättat fett",
        "100 Gram": "3.4 g"
      },
      {
        "Näringsvärde": "Kolhydrat",
        "100 Gram": "58 g"
      },
      {
        "Näringsvärde": "Varav sockerarter",
        "100 Gram": "1.7 g"
      },
      {
        "Näringsvärde": "Protein",
        "100 Gram": "5 g"
      },
      {
        "Näringsvärde": "Salt",
        "100 Gram": "1.4 g"
      }
    ],
    "nutritionUnitText": "Näringsvärde per 100 gram",
    "categories": {
      "mainCategory": "Glass, Godis & Snacks",
      "subCategories": [
        {
          "name": "Chips & snacks",
          "subSubCategories": [
            "Chips"
          ]
        }
      ]
    }
  },
  {
    "name": "Chips Dill 275g Estrella",
    "weightText": "0.275 kg",
    "caPart": "",
    "weightValue": 0.275,
    "weightUnit": "kg",
    "comparePrice": "114,55 kr/kg",
    "currentPrice": 31.5,
    "attributes": [],
    "imgUrl": "https://handlaprivatkund.ica.se/images-v3/bf7a00ca-390e-4769-865f-dc369586872e/6415622e-507d-4dd2-ba8c-bc585c713a9e/500x500.jpg",
    "productInformation": "Estrella Dillchips är krispiga grovräfflade chips med somrig smak av dill. Med äkta dill och vår finaste potatis är det lätt att förstå varför Estrellas Dillchips blivit en klassiker. Perfekta att dippa eller servera precis som de är. Direkt från chipsfabriken i Göteborg på naturliga ingredienser med fantastisk smak helt enkelt. Krispig helg med snacks från Estrella!",
    "countryText": "",
    "companyText": "Estrella",
    "ingrediensText": "Potatis, solros-/rapsolja, kryddblandning (salt, lökpulver, maltodextrin, druvsocker, jästpulver, dill, sött VASSLEpulver (från MJÖLK), gräslök, naturliga aromer).",
    "storage": "",
    "allergens": "",
    "usage": "",
    "nutrition": [
      {
        "Näringsvärde": "Energi (kcal)",
        "100 Gram": "517 kcal"
      },
      {
        "Näringsvärde": "Energi (kJ)",
        "100 Gram": "2154 kJ"
      },
      {
        "Näringsvärde": "Fett",
        "100 Gram": "33 g"
      },
      {
        "Näringsvärde": "Varav mättat fett",
        "100 Gram": "2.6 g"
      },
      {
        "Näringsvärde": "Kolhydrat",
        "100 Gram": "46 g"
      },
      {
        "Näringsvärde": "Varav sockerarter",
        "100 Gram": "2.2 g"
      },
      {
        "Näringsvärde": "Fiber",
        "100 Gram": "5.4 g"
      },
      {
        "Näringsvärde": "Protein",
        "100 Gram": "5.8 g"
      },
      {
        "Näringsvärde": "Salt",
        "100 Gram": "1.6 g"
      }
    ],
    "nutritionUnitText": "Näringsvärde per 100 gram",
    "categories": {
      "mainCategory": "Glass, Godis & Snacks",
      "subCategories": [
        {
          "name": "Chips & snacks",
          "subSubCategories": [
            "Chips"
          ]
        }
      ]
    }
  },
  {
    "name": "Kina Röd Snacks 160g Fazer",
    "weightText": "0.16 kg",
    "caPart": "",
    "weightValue": 0.16,
    "weightUnit": "kg",
    "comparePrice": "237,19 kr/kg",
    "currentPrice": 37.95,
    "attributes": [],
    "imgUrl": "https://handlaprivatkund.ica.se/images-v3/bf7a00ca-390e-4769-865f-dc369586872e/9113c3ed-c61d-443a-826e-55f80c770042/500x500.jpg",
    "productInformation": "Kina Röd Snacks är en riktig favorit hos många! Kina Röd är härligt crunchiga majspuffar doppade i choklad. Njut av puffarna precis som de är, själv eller dela en påse med vännerna! Alla Fazers chokladprodukter tillverkas av 100 % ansvarsfullt producerad kakao. Allt du behöver är en puff!",
    "countryText": "",
    "companyText": "Fazer",
    "ingrediensText": "Ingredienser: socker, kakaosmör, helMJÖLKSpulver/sødMÆLKSpulver/tørrMELK, vegetabiliskt fett (palm, shea), puffat majs, kakaomassa, skumMJÖLKSpulver/skummetMÆLKSpulver, vasslepulver (av MJÖLK)/vallepulver (fra MÆLK)/mysepulver (fra MELK), emulgeringsmedel (SOJAlecitin), salt, ytbehandlingsmedel (E904), naturlig arom. KAN INNEHÅLLA VETE/KAN INDEHOLDE HVEDE",
    "storage": "Lägsta förvaringstemperatur 16°C Högsta förvaringstemperatur 20°C",
    "allergens": "",
    "usage": "",
    "nutrition": [
      {
        "Näringsvärde": "Energi (kcal)",
        "100 Gram": "535 kcal"
      },
      {
        "Näringsvärde": "Energi (kJ)",
        "100 Gram": "2234 kJ"
      },
      {
        "Näringsvärde": "Fett",
        "100 Gram": "32 g"
      },
      {
        "Näringsvärde": "Varav mättat fett",
        "100 Gram": "20 g"
      },
      {
        "Näringsvärde": "Kolhydrat",
        "100 Gram": "57 g"
      },
      {
        "Näringsvärde": "Varav sockerarter",
        "100 Gram": "48 g"
      },
      {
        "Näringsvärde": "Protein",
        "100 Gram": "6.9 g"
      },
      {
        "Näringsvärde": "Salt",
        "100 Gram": "0.26 g"
      }
    ],
    "nutritionUnitText": "Näringsvärde per 100 gram",
    "categories": {
      "mainCategory": "Glass, Godis & Snacks",
      "subCategories": [
        {
          "name": "Godis",
          "subSubCategories": [
            "Godispåsar",
            "Chokladpåsar"
          ]
        }
      ]
    }
  },
  {
    "name": "Chokladkaka Helnöt 160g Marabou",
    "weightText": "0.16 kg",
    "caPart": "",
    "weightValue": 0.16,
    "weightUnit": "kg",
    "comparePrice": "193,44 kr/kg",
    "currentPrice": 30.95,
    "attributes": [],
    "imgUrl": "https://handlaprivatkund.ica.se/images-v3/bf7a00ca-390e-4769-865f-dc369586872e/12871f43-9816-4f82-83f5-1944fa294f3c/500x500.jpg",
    "productInformation": "Marabou Helnöt är en Marabou Mjölkchokladkaka med hela hasselnöter som passar för alla tillfällen. Genom Cocoa Life, vårt program för en hållbar kakaoproduktion, bidrar Marabou till att kakao odlas på rätt sätt, för att skydda planeten och respektera mänskliga rättigheter i vår värdekedja. Läs mer om Cocoa Life här www.cocoalife.org.",
    "countryText": "",
    "companyText": "Marabou",
    "ingrediensText": "Ingredienser: Socker, HASSELNÖTTER, kakaosmör, kakaomassa, vasslepulver (MJÖLK), SKUMMJÖLKSPULVER, SMÖRFETT, vassleprodukt (MJÖLK), emulgeringsmedel (SOJALECITINER), arom. Minst 30% kakao. KAN INNEHÅLLA ANDRA NÖTTER OCH VETE.",
    "storage": "",
    "allergens": "",
    "usage": "",
    "nutrition": [
      {
        "Näringsvärde": "Energi (kcal)",
        "100 Gram": "572 kcal"
      },
      {
        "Näringsvärde": "Energi (kJ)",
        "100 Gram": "2380 kJ"
      },
      {
        "Näringsvärde": "Fett",
        "100 Gram": "38 g"
      },
      {
        "Näringsvärde": "Varav mättat fett",
        "100 Gram": "16 g"
      },
      {
        "Näringsvärde": "Kolhydrat",
        "100 Gram": "49 g"
      },
      {
        "Näringsvärde": "Varav sockerarter",
        "100 Gram": "47 g"
      },
      {
        "Näringsvärde": "Fiber",
        "100 Gram": "3.5 g"
      },
      {
        "Näringsvärde": "Protein",
        "100 Gram": "6.7 g"
      },
      {
        "Näringsvärde": "Salt",
        "100 Gram": "0.21 g"
      }
    ],
    "nutritionUnitText": "Näringsvärde per 100 gram",
    "categories": {
      "mainCategory": "Glass, Godis & Snacks",
      "subCategories": [
        {
          "name": "Choklad",
          "subSubCategories": [
            "Chokladkakor"
          ]
        }
      ]
    }
  },
  {
    "name": "Plommon Torkade 500g ICA",
    "weightText": "0.5 kg",
    "caPart": "",
    "weightValue": 0.5,
    "weightUnit": "kg",
    "comparePrice": "103,90 kr/kg",
    "currentPrice": 51.95,
    "attributes": [],
    "imgUrl": "https://handlaprivatkund.ica.se/images-v3/bf7a00ca-390e-4769-865f-dc369586872e/daee11d1-dd30-42b5-b830-7615093e47a1/500x500.jpg",
    "productInformation": "ICA Plommon är söta, mjuka och lite syrliga. Sätter smak på mat och bak. Härligt goda och saftiga att äta precis som de är, som snacks eller mellanmål.",
    "countryText": "",
    "companyText": "ICA",
    "ingrediensText": "Torkade urkärnade plommon*, konserveringsmedel (E202). *Odlad i Chile. Obs! Plommon är inte kärnfria av naturen, därför kan enstaka kärnor förekomma.",
    "storage": "Förvaras torrt och svalt.",
    "allergens": "",
    "usage": "",
    "nutrition": [
      {
        "Näringsvärde": "Energi (kcal)",
        "100 Gram": "278 kcal"
      },
      {
        "Näringsvärde": "Energi (kJ)",
        "100 Gram": "1163 kJ"
      },
      {
        "Näringsvärde": "Fett",
        "100 Gram": "0.5 g"
      },
      {
        "Näringsvärde": "Varav mättat fett",
        "100 Gram": "0.5 g"
      },
      {
        "Näringsvärde": "Kolhydrat",
        "100 Gram": "66 g"
      },
      {
        "Näringsvärde": "Varav sockerarter",
        "100 Gram": "42 g"
      },
      {
        "Näringsvärde": "Fiber",
        "100 Gram": "8.8 g"
      },
      {
        "Näringsvärde": "Protein",
        "100 Gram": "2.9 g"
      },
      {
        "Näringsvärde": "Salt",
        "100 Gram": "0 g"
      }
    ],
    "nutritionUnitText": "Näringsvärde per 100 gram",
    "categories": {
      "mainCategory": "Glass, Godis & Snacks",
      "subCategories": [
        {
          "name": "Naturgodis, Nötter & Bars",
          "subSubCategories": [
            "Russin & Torkad frukt",
            "Plommon torkade"
          ]
        }
      ]
    }
  },
  {
    "name": "Sötmandel 400g ICA Basic",
    "weightText": "0.4 kg",
    "caPart": "",
    "weightValue": 0.4,
    "weightUnit": "kg",
    "comparePrice": "111,25 kr/kg",
    "currentPrice": 44.5,
    "attributes": [
      "Nyckelhålet"
    ],
    "imgUrl": "https://handlaprivatkund.ica.se/images-v3/bf7a00ca-390e-4769-865f-dc369586872e/8be10f99-825c-475c-84a3-2837dcf08e7b/500x500.jpg",
    "productInformation": "Våra billigaste sötmandlar varierar något i form och storlek men fungerar perfekt i matlagning, bakning och som snacks.",
    "countryText": "",
    "companyText": "ICA Basic",
    "ingrediensText": "SÖTMANDEL* *Odlade i USA. Produkten kan innehålla skaldelar",
    "storage": "Förvaras torrt och svalt, ej över normal rumstemperatur Lägsta förvaringstemperatur 8°C Högsta förvaringstemperatur 18°C",
    "allergens": "",
    "usage": "",
    "nutrition": [
      {
        "Näringsvärde": "Energi (kcal)",
        "100 Gram": "614 kcal"
      },
      {
        "Näringsvärde": "Energi (kJ)",
        "100 Gram": "2543 kJ"
      },
      {
        "Näringsvärde": "Fett",
        "100 Gram": "52 g"
      },
      {
        "Näringsvärde": "Varav mättat fett",
        "100 Gram": "4.9 g"
      },
      {
        "Näringsvärde": "Kolhydrat",
        "100 Gram": "13 g"
      },
      {
        "Näringsvärde": "Varav sockerarter",
        "100 Gram": "6.6 g"
      },
      {
        "Näringsvärde": "Fiber",
        "100 Gram": "7.2 g"
      },
      {
        "Näringsvärde": "Protein",
        "100 Gram": "20 g"
      },
      {
        "Näringsvärde": "Salt",
        "100 Gram": "0.03 g"
      }
    ],
    "nutritionUnitText": "Näringsvärde per 100 gram",
    "categories": {
      "mainCategory": "Jul",
      "subCategories": [
        {
          "name": "Julbak",
          "subSubCategories": [
            "Övrigt julbak"
          ]
        }
      ]
    }
  },
  {
    "name": "Tuggummi Sweet Mint Sockerfri 84g Extra",
    "weightText": "0.084 kg",
    "caPart": "",
    "weightValue": 0.084,
    "weightUnit": "kg",
    "comparePrice": "494,05 kr/kg",
    "currentPrice": 41.5,
    "attributes": [],
    "imgUrl": "https://handlaprivatkund.ica.se/images-v3/bf7a00ca-390e-4769-865f-dc369586872e/8a2a46e8-1bfc-4cfd-8690-c5feb54ea4bb/500x500.jpg",
    "productInformation": "Sockerfritt tuggummi",
    "countryText": "",
    "companyText": "Extra",
    "ingrediensText": "SÖTNINGSMEDEL/SØDESTOFFER (XYLITOL (32%), SORBITOL, ASPARTAM, MANNITOL, ACESULFAMKALIUM), TUGGUMMIBAS, FÖRTJOCKNINGSMEDEL/FORTYKNINGSMIDDEL (E414), FUKTIGHETSBEVARANDE MEDEL/FUKTIGHETSBEVARENDE MIDDEL (E422), AROMÄMNEN/AROMASTOFFER, FYLLNADSMEDEL/FYLLMASSE/FYLDSTOF (E341), EMULGERINGSMEDEL/EMULGATOR (SOJA-/SOYA-/SOJALECITIN), SURHETSREGLERANDE MEDEL/SYREREGULERENDE MIDDEL (E500), YTBEHANDLINGSMEDEL/OVERFLADEBEHANDLINGSMIDDEL (E903), ANTIOXIDATIONSMEDEL/ANTIOXIDANT (E320), FÄRGÄMNE/FARGESTOF (E133).",
    "storage": "Ska förvaras torrt och svalt",
    "allergens": "",
    "usage": "Konsumera snarast efter öppnandet. Ska förvaras torrt och svalt",
    "nutrition": [
      {
        "Näringsvärde": "Energi (kcal)",
        "100 Gram": "156 kcal"
      },
      {
        "Näringsvärde": "Energi (kJ)",
        "100 Gram": "650 kJ"
      },
      {
        "Näringsvärde": "Fett",
        "100 Gram": "0 g"
      },
      {
        "Näringsvärde": "Varav mättat fett",
        "100 Gram": "0 g"
      },
      {
        "Näringsvärde": "Kolhydrat",
        "100 Gram": "65 g"
      },
      {
        "Näringsvärde": "Varav sockerarter",
        "100 Gram": "0 g"
      },
      {
        "Näringsvärde": "Varav polyoler",
        "100 Gram": "65 g"
      },
      {
        "Näringsvärde": "Protein",
        "100 Gram": "0 g"
      },
      {
        "Näringsvärde": "Salt",
        "100 Gram": "0.06 g"
      }
    ],
    "nutritionUnitText": "Näringsvärde per 100 gram",
    "categories": {
      "mainCategory": "Glass, Godis & Snacks",
      "subCategories": [
        {
          "name": "Tuggummi",
          "subSubCategories": [
            "Tuggummi, påse"
          ]
        }
      ]
    }
  },
  {
    "name": "Salta Jordnötter 300g OLW",
    "weightText": "0.3 kg",
    "caPart": "",
    "weightValue": 0.3,
    "weightUnit": "kg",
    "comparePrice": "83,17 kr/kg",
    "currentPrice": 24.95,
    "attributes": [],
    "imgUrl": "https://handlaprivatkund.ica.se/images-v3/bf7a00ca-390e-4769-865f-dc369586872e/71a60c5b-8c8f-438c-bfff-d457a7e8f3b8/500x500.jpg",
    "productInformation": "OLWs salta jordnötter är just salta jordnötter. Passar utmärkt vid alla tillfällen då man brukar äta salta jordnötter. Kort och gott, en klassiker.",
    "countryText": "",
    "companyText": "Olw",
    "ingrediensText": "JORDNÖTTER (95%), solrosolja och salt. Kan innehålla spår av MANDLAR, PECANNÖTTER, PISTAGENÖTTER och CASHEWNÖTTER.",
    "storage": "",
    "allergens": "Kan innehålla spår av Nötter.",
    "usage": "",
    "nutrition": [
      {
        "Näringsvärde": "Energi (kcal)",
        "100 Gram": "630 kcal"
      },
      {
        "Näringsvärde": "Energi (kJ)",
        "100 Gram": "2600 kJ"
      },
      {
        "Näringsvärde": "Fett",
        "100 Gram": "53 g"
      },
      {
        "Näringsvärde": "Varav mättat fett",
        "100 Gram": "9.8 g"
      },
      {
        "Näringsvärde": "Kolhydrat",
        "100 Gram": "9.5 g"
      },
      {
        "Näringsvärde": "Varav sockerarter",
        "100 Gram": "3.1 g"
      },
      {
        "Näringsvärde": "Protein",
        "100 Gram": "28 g"
      },
      {
        "Näringsvärde": "Salt",
        "100 Gram": "1.3 g"
      }
    ],
    "nutritionUnitText": "Näringsvärde per 100 gram",
    "categories": {
      "mainCategory": "Glass, Godis & Snacks",
      "subCategories": [
        {
          "name": "Chips & snacks",
          "subSubCategories": [
            "Salta nötter",
            "Jordnötter saltade"
          ]
        }
      ]
    }
  },
  {
    "name": "Knatter Frukt 80g Brynild",
    "weightText": "0.08 kg",
    "caPart": "",
    "weightValue": 0.08,
    "weightUnit": "kg",
    "comparePrice": "186,88 kr/kg",
    "currentPrice": 14.95,
    "attributes": [],
    "imgUrl": "https://handlaprivatkund.ica.se/images-v3/bf7a00ca-390e-4769-865f-dc369586872e/8034d5b8-1d03-4cb3-b1d3-d15294034670/500x500.jpg",
    "productInformation": "",
    "countryText": "",
    "companyText": "Brynild",
    "ingrediensText": "sukker/socker, glykosesirup, konsistensmiddel (oksidert/oxiderad potetstivelse/potatisstärkelse/kartoffelstivelse, E420), gelatin (svin/gris), invertsukker/-socker, surhetsregulerende midler (E330, E331), aroma, emulgator/emulgeringsmedel (E471), overflatebehandlingsmidler/ytbehandlingsmedel (kokosolje, E901), potetstivelse/potatisstärkelse/kartoffelstivelse, fargestoffer/färgämnen/farvestoffer (E120, E160a, E160e, E141). Produktet kan inneholde spor av NØTTER/NÖTTER/NØDDER og PEANØTTER/JORDNÖTTER/JORDNØDDER.",
    "storage": "",
    "allergens": "",
    "usage": "",
    "nutrition": [
      {
        "Näringsvärde": "Energi (kcal)",
        "100 Gram": "369 kcal"
      },
      {
        "Näringsvärde": "Energi (kJ)",
        "100 Gram": "1567 kJ"
      },
      {
        "Näringsvärde": "Fett",
        "100 Gram": "0.1 g"
      },
      {
        "Näringsvärde": "Varav mättat fett",
        "100 Gram": "0.1 g"
      },
      {
        "Näringsvärde": "Kolhydrat",
        "100 Gram": "88 g"
      },
      {
        "Näringsvärde": "Varav sockerarter",
        "100 Gram": "66 g"
      },
      {
        "Näringsvärde": "Protein",
        "100 Gram": "3 g"
      },
      {
        "Näringsvärde": "Salt",
        "100 Gram": "0.36 g"
      }
    ],
    "nutritionUnitText": "Näringsvärde per 100 gram",
    "categories": {
      "mainCategory": "Glass, Godis & Snacks",
      "subCategories": [
        {
          "name": "Godis",
          "subSubCategories": [
            "Godispåsar"
          ]
        }
      ]
    }
  },
  {
    "name": "Godispåse GOODY Jordgubb Vanilj 90g Bubs",
    "weightText": "0.09 kg",
    "caPart": "",
    "weightValue": 0.09,
    "weightUnit": "kg",
    "comparePrice": "138,89 kr/kg",
    "currentPrice": 12.5,
    "attributes": [
      "Rättvisemärkt"
    ],
    "imgUrl": "https://handlaprivatkund.ica.se/images-v3/bf7a00ca-390e-4769-865f-dc369586872e/ba3e4f90-1e4d-482c-8930-769ee08e46c4/500x500.jpg",
    "productInformation": "",
    "countryText": "",
    "companyText": "Bubs",
    "ingrediensText": "Socker, glukos-fruktossirap, majsstärkelse, vatten, surhetsreglerande medel (äppelsyra, natriumcitrat), potatisprotein, aromämnen, färgämne (svart morotskoncentrat)",
    "storage": "",
    "allergens": "",
    "usage": "",
    "nutrition": [
      {
        "Näringsvärde": "Energi (kcal)",
        "100 Gram": "351 kcal"
      },
      {
        "Näringsvärde": "Energi (kJ)",
        "100 Gram": "1468 kJ"
      },
      {
        "Näringsvärde": "Fett",
        "100 Gram": "0 g"
      },
      {
        "Näringsvärde": "Varav mättat fett",
        "100 Gram": "0 g"
      },
      {
        "Näringsvärde": "Kolhydrat",
        "100 Gram": "87 g"
      },
      {
        "Näringsvärde": "Varav sockerarter",
        "100 Gram": "61 g"
      },
      {
        "Näringsvärde": "Protein",
        "100 Gram": "0.4 g"
      },
      {
        "Näringsvärde": "Salt",
        "100 Gram": "0.1 g"
      }
    ],
    "nutritionUnitText": "Näringsvärde per 100 gram",
    "categories": {
      "mainCategory": "Vegetariskt",
      "subCategories": [
        {
          "name": "Veganskt godis & choklad",
          "subSubCategories": [
            "Veganskt godis"
          ]
        }
      ]
    }
  },
  {
    "name": "Godispåse Fruxo Fruktsmak 95g Malaco",
    "weightText": "0.095 kg",
    "caPart": "",
    "weightValue": 0.095,
    "weightUnit": "kg",
    "comparePrice": "142,11 kr/kg",
    "currentPrice": 13.5,
    "attributes": [],
    "imgUrl": "https://handlaprivatkund.ica.se/images-v3/bf7a00ca-390e-4769-865f-dc369586872e/88e9b6c7-5a93-426c-9ec7-f50c6b438c32/500x500.jpg",
    "productInformation": "Fruxo är färgglada godisbitar med god smak av frukt. Produkten är en klassiker som funnits i Malacos sortiment sedan 1960. Fruxo godis i påse. Godispåsen innehåller 95g. Fri från palmolja och utan artificiella färgämnen. Malaco - Lördag hela veckan",
    "countryText": "",
    "companyText": "Malaco",
    "ingrediensText": "socker/sukker, glukossirap, gelatin, stärkelse/stivelse, syra (E270), vegetabiliska oljor (kokos, raps), aromer, ytbehandlings-/overfladebehandlingsmiddel (karnaubavax/voks), färgämnen/farvestoffer (E120, E141, E160a).",
    "storage": "",
    "allergens": "",
    "usage": "",
    "nutrition": [
      {
        "Näringsvärde": "Energi (kcal)",
        "100 Gram": "349 kcal"
      },
      {
        "Näringsvärde": "Energi (kJ)",
        "100 Gram": "1482 kJ"
      },
      {
        "Näringsvärde": "Fett",
        "100 Gram": "0.3 g"
      },
      {
        "Näringsvärde": "Varav mättat fett",
        "100 Gram": "0.2 g"
      },
      {
        "Näringsvärde": "Kolhydrat",
        "100 Gram": "81 g"
      },
      {
        "Näringsvärde": "Varav sockerarter",
        "100 Gram": "56 g"
      },
      {
        "Näringsvärde": "Protein",
        "100 Gram": "5.3 g"
      },
      {
        "Näringsvärde": "Salt",
        "100 Gram": "0.01 g"
      }
    ],
    "nutritionUnitText": "Näringsvärde per 100 gram",
    "categories": {
      "mainCategory": "Glass, Godis & Snacks",
      "subCategories": [
        {
          "name": "Godis",
          "subSubCategories": [
            "Godispåsar"
          ]
        }
      ]
    }
  },
  {
    "name": "Jordnötter Salta 275g Estrella",
    "weightText": "0.275 kg",
    "caPart": "",
    "weightValue": 0.275,
    "weightUnit": "kg",
    "comparePrice": "89,09 kr/kg",
    "currentPrice": 24.5,
    "attributes": [],
    "imgUrl": "https://handlaprivatkund.ica.se/images-v3/bf7a00ca-390e-4769-865f-dc369586872e/96692b0c-29e6-4549-84dc-2d7d378e9437/500x500.jpg",
    "productInformation": "Estrella Rostade Salta Jordnötter i den klassiska röda påsen är Sveriges mest populära nöt. Estrella använder jordnötter av hög kvalité från Argentina som rostas i små omgångar, på svag värme under längre tid för att få så mycket smak som möjligt ur varje nöt. Det är det som ger den unikt goda smaken. Detta är en långlivad nötfavorit och snacksklassiker med tydlig sälta och härligt god rostad smak. Dessutom packad med protein. Goda i matlagning, till mellanmålet, bakning eller precis som den är vilken vardag eller helg som helst.",
    "countryText": "",
    "companyText": "Estrella",
    "ingrediensText": "JORDNÖTTER (94%), solrosolja, shea-/ kokosolja, salt. Kan innehålla spår av NÖTTER.",
    "storage": "",
    "allergens": "",
    "usage": "",
    "nutrition": [
      {
        "Näringsvärde": "Energi (kcal)",
        "100 Gram": "614 kcal"
      },
      {
        "Näringsvärde": "Energi (kJ)",
        "100 Gram": "2545 kJ"
      },
      {
        "Näringsvärde": "Fett",
        "100 Gram": "50.7 g"
      },
      {
        "Näringsvärde": "Varav mättat fett",
        "100 Gram": "8 g"
      },
      {
        "Näringsvärde": "Kolhydrat",
        "100 Gram": "11 g"
      },
      {
        "Näringsvärde": "Varav sockerarter",
        "100 Gram": "5.3 g"
      },
      {
        "Näringsvärde": "Fiber",
        "100 Gram": "8.2 g"
      },
      {
        "Näringsvärde": "Protein",
        "100 Gram": "24 g"
      },
      {
        "Näringsvärde": "Salt",
        "100 Gram": "1.4 g"
      },
      {
        "Näringsvärde": "Fosfor",
        "100 Gram": "389 mg",
        "% av DRI(*)": "55"
      }
    ],
    "nutritionUnitText": "Näringsvärde per 100 gram",
    "categories": {
      "mainCategory": "Glass, Godis & Snacks",
      "subCategories": [
        {
          "name": "Chips & snacks",
          "subSubCategories": [
            "Salta nötter",
            "Jordnötter saltade"
          ]
        }
      ]
    }
  },
  {
    "name": "Persikor 80g Haribo",
    "weightText": "0.08 kg",
    "caPart": "",
    "weightValue": 0.08,
    "weightUnit": "kg",
    "comparePrice": "143,75 kr/kg",
    "currentPrice": 11.5,
    "attributes": [],
    "imgUrl": "https://handlaprivatkund.ica.se/images-v3/bf7a00ca-390e-4769-865f-dc369586872e/0624ecb1-f704-4300-a762-fbcd2843cec4/500x500.jpg",
    "productInformation": "Mjukt vingummi med sockeröverdrag och persikosmak",
    "countryText": "",
    "companyText": "Haribo",
    "ingrediensText": "Ingredienser: Socker; glukossirap; gelatin; persikojuice från koncentrat (3 %); syra: citronsyra; frukt- och plantkoncentrat: morot, hibiskus; arom.",
    "storage": "Skyddas mot värme och fukt Lägsta förvaringstemperatur 13°C Högsta förvaringstemperatur 25°C",
    "allergens": "Kan innehålla spår av Spannmål som innehåller gluten.",
    "usage": "",
    "nutrition": [
      {
        "Näringsvärde": "Energi (kcal)",
        "100 Gram": "367 kcal"
      },
      {
        "Näringsvärde": "Energi (kJ)",
        "100 Gram": "1558 kJ"
      },
      {
        "Näringsvärde": "Fett",
        "100 Gram": "0.5 g"
      },
      {
        "Näringsvärde": "Varav mättat fett",
        "100 Gram": "0.1 g"
      },
      {
        "Näringsvärde": "Kolhydrat",
        "100 Gram": "86 g"
      },
      {
        "Näringsvärde": "Varav sockerarter",
        "100 Gram": "68 g"
      },
      {
        "Näringsvärde": "Protein",
        "100 Gram": "4.4 g"
      },
      {
        "Näringsvärde": "Salt",
        "100 Gram": "0.01 g"
      }
    ],
    "nutritionUnitText": "Näringsvärde per 100 gram",
    "categories": {
      "mainCategory": "Glass, Godis & Snacks",
      "subCategories": [
        {
          "name": "Godis",
          "subSubCategories": [
            "Godispåsar"
          ]
        }
      ]
    }
  },
  {
    "name": "Valnötter 400g ICA Basic",
    "weightText": "0.4 kg",
    "caPart": "",
    "weightValue": 0.4,
    "weightUnit": "kg",
    "comparePrice": "167,38 kr/kg",
    "currentPrice": 66.95,
    "attributes": [
      "Nyckelhålet"
    ],
    "imgUrl": "https://handlaprivatkund.ica.se/images-v3/bf7a00ca-390e-4769-865f-dc369586872e/35434287-b7e6-4214-a70d-2af939311f3f/500x500.jpg",
    "productInformation": "ICA Basic Valnötter är en mångsidig nöt. De kan variera lite i storlek men fungerar perfekt till bakning, matlagning och som snacks.",
    "countryText": "",
    "companyText": "ICA Basic",
    "ingrediensText": "VALNÖTTER*.* Odlade i USA",
    "storage": "Förvaras torrt och svalt, ej över normal rumstemperatur",
    "allergens": "",
    "usage": "",
    "nutrition": [
      {
        "Näringsvärde": "Energi (kcal)",
        "100 Gram": "676 kcal"
      },
      {
        "Näringsvärde": "Energi (kJ)",
        "100 Gram": "2795 kJ"
      },
      {
        "Näringsvärde": "Fett",
        "100 Gram": "62 g"
      },
      {
        "Näringsvärde": "Varav mättat fett",
        "100 Gram": "5.6 g"
      },
      {
        "Näringsvärde": "Kolhydrat",
        "100 Gram": "13 g"
      },
      {
        "Näringsvärde": "Varav sockerarter",
        "100 Gram": "3.4 g"
      },
      {
        "Näringsvärde": "Fiber",
        "100 Gram": "5.2 g"
      },
      {
        "Näringsvärde": "Protein",
        "100 Gram": "14 g"
      },
      {
        "Näringsvärde": "Salt",
        "100 Gram": "0.03 g"
      }
    ],
    "nutritionUnitText": "Näringsvärde per 100 gram",
    "categories": {
      "mainCategory": "Glass, Godis & Snacks",
      "subCategories": [
        {
          "name": "Naturgodis, Nötter & Bars",
          "subSubCategories": [
            "Naturella nötter",
            "Valnötter"
          ]
        }
      ]
    }
  },
  {
    "name": "Marianne 200g Fazer",
    "weightText": "0.2 kg",
    "caPart": "",
    "weightValue": 0.2,
    "weightUnit": "kg",
    "comparePrice": "177,50 kr/kg",
    "currentPrice": 35.5,
    "attributes": [],
    "imgUrl": "https://handlaprivatkund.ica.se/images-v3/bf7a00ca-390e-4769-865f-dc369586872e/f6e6a15a-b4c8-46e4-aeda-52a94e787af6/500x500.jpg",
    "productInformation": "Marianne är en älskad och traditionell karamell med mörk choklad, täckt av ett överdrag med smak av pepparmint. Alla Fazers chokladprodukter tillverkas av 100 % ansvarsfullt producerad kakao, så även röd- och vitrandiga Mariannes fyllning. Passar även veganer.",
    "countryText": "",
    "companyText": "Fazer",
    "ingrediensText": "Ingredienser: socker, glukossirap, kakaomassa, vegetabiliskt fett (palm, shea), kakaosmör, aromer, emulgeringsmedel (SOJAlecitin). KAN INNEHÅLLA MJÖLK/ KAN INDEHOLDE MÆLK. CHOKLADEN INNEHÅLLER OCKSÅ ANDRA VEGETABILISKA FETTER ÄN KAKAOSMÖR.",
    "storage": "Lägsta förvaringstemperatur 16°C Högsta förvaringstemperatur 20°C",
    "allergens": "",
    "usage": "",
    "nutrition": [
      {
        "Näringsvärde": "Energi (kcal)",
        "100 Gram": "444 kcal"
      },
      {
        "Näringsvärde": "Energi (kJ)",
        "100 Gram": "1863 kJ"
      },
      {
        "Näringsvärde": "Fett",
        "100 Gram": "11 g"
      },
      {
        "Näringsvärde": "Varav mättat fett",
        "100 Gram": "6.8 g"
      },
      {
        "Näringsvärde": "Kolhydrat",
        "100 Gram": "82 g"
      },
      {
        "Näringsvärde": "Varav sockerarter",
        "100 Gram": "70 g"
      },
      {
        "Näringsvärde": "Protein",
        "100 Gram": "1.7 g"
      },
      {
        "Näringsvärde": "Salt",
        "100 Gram": "0.02 g"
      }
    ],
    "nutritionUnitText": "Näringsvärde per 100 gram",
    "categories": {
      "mainCategory": "Glass, Godis & Snacks",
      "subCategories": [
        {
          "name": "Godis",
          "subSubCategories": [
            "Godispåsar"
          ]
        }
      ]
    }
  },
  {
    "name": "Chokladkaka EXCELLENCE 70% Kakao Mörk Choklad 100g Lindt",
    "weightText": "0.1 kg",
    "caPart": "",
    "weightValue": 0.1,
    "weightUnit": "kg",
    "comparePrice": "409,50 kr/kg",
    "currentPrice": 40.95,
    "attributes": [],
    "imgUrl": "https://handlaprivatkund.ica.se/images-v3/bf7a00ca-390e-4769-865f-dc369586872e/a34ee275-a64e-4c87-ac31-a78169700871/500x500.jpg",
    "productInformation": "Lindt EXCELLENCE Dark 70% Cocoa är en chokladkaka av mörk choklad, tunn och intensiv med de finaste ingredienser skapad av Lindts Chokladmästare. Den perfekta blandningen av len mörk choklad med hög kakaohalt i kombination med toner av vanilj och citrus ger en intensiv och balanserad karaktär - en sann smaksensation för alla sinnen. Hållbart odlade kakaobönor genom Lindt & Sprüngli Farming Program - i samarbete med jordbrukarna och deras lokalsamhällen.",
    "countryText": "",
    "companyText": "Lindt",
    "ingrediensText": "Ingredienser: kakaomassa, socker, kakaosmör, vanilj. Kan innehålla MJÖLK, NÖTTER, SOJA, SESAMFRÖN.",
    "storage": "",
    "allergens": "",
    "usage": "",
    "nutrition": [
      {
        "Näringsvärde": "Energi (kcal)",
        "100 Gram": "566 kcal"
      },
      {
        "Näringsvärde": "Energi (kJ)",
        "100 Gram": "2350 kJ"
      },
      {
        "Näringsvärde": "Fett",
        "100 Gram": "41 g"
      },
      {
        "Näringsvärde": "Varav mättat fett",
        "100 Gram": "24 g"
      },
      {
        "Näringsvärde": "Kolhydrat",
        "100 Gram": "34 g"
      },
      {
        "Näringsvärde": "Varav sockerarter",
        "100 Gram": "30 g"
      },
      {
        "Näringsvärde": "Protein",
        "100 Gram": "9.5 g"
      },
      {
        "Näringsvärde": "Salt",
        "100 Gram": "0.1 g"
      }
    ],
    "nutritionUnitText": "Näringsvärde per 100 gram",
    "categories": {
      "mainCategory": "Glass, Godis & Snacks",
      "subCategories": [
        {
          "name": "Choklad",
          "subSubCategories": [
            "Chokladkakor",
            "Mörk choklad"
          ]
        }
      ]
    }
  },
  {
    "name": "Tuggummi Professional Strong mint 29g Extra",
    "weightText": "0.029 kg",
    "caPart": "",
    "weightValue": 0.029,
    "weightUnit": "kg",
    "comparePrice": "653,45 kr/kg",
    "currentPrice": 18.95,
    "attributes": [],
    "imgUrl": "https://handlaprivatkund.ica.se/images-v3/bf7a00ca-390e-4769-865f-dc369586872e/45d7b4ad-95e7-44ae-8142-7fb4bea99a77/500x500.jpg",
    "productInformation": "Sockerfritt tuggummi",
    "countryText": "",
    "companyText": "Extra",
    "ingrediensText": "Ingredienser: Sötningsmedel/sødestoffer Xylitol (29,8%), Sorbitol, Aspartam, Acesulfam K; Gummibas/gummibase, Förtjockningsmedel/fortykningsmiddel E414, Fuktighetsbevarande Medel/middel E422, Aromer/aromaer, Fyllnadsmedel/fyllstoff E341, Emulgeringsmedel/emulgator SOJA-/SOYALECITIN, Ytbehandlingsmedel/glasurmiddel E903, Antioxidant/antioksidant E320, Färgämne/farvestof/fargestof E133.",
    "storage": "Ska förvaras torrt och svalt Lägsta förvaringstemperatur 5°C Högsta förvaringstemperatur 22°C",
    "allergens": "Innehåller Sojabönor",
    "usage": "Konsumera snarast efter öppnandet.Tugga i minst 20 minuter efter intagande av mat och dryck. Varierad och balanserad kost och hälsosam livsstil är viktig. \n \n ÖVERDRIVEN KONSUMTION/OVERDREVET FORBRUG/INNTAK KAN HA LAXERANDE EFFEKT/KAN VIRKE AFFØRENDE. INNEHÅLLER/INNEHOLDER EN KÄLLA TILL FENYLALANIN/INNEHOLDER EN KILDE TIL FENYLALANIN.",
    "nutrition": [
      {
        "Näringsvärde": "Energi (kcal)",
        "100 Gram": "147 kcal"
      },
      {
        "Näringsvärde": "Energi (kJ)",
        "100 Gram": "614 kJ"
      },
      {
        "Näringsvärde": "Fett",
        "100 Gram": "0 g"
      },
      {
        "Näringsvärde": "Varav mättat fett",
        "100 Gram": "0 g"
      },
      {
        "Näringsvärde": "Kolhydrat",
        "100 Gram": "61 g"
      },
      {
        "Näringsvärde": "Varav sockerarter",
        "100 Gram": "0 g"
      },
      {
        "Näringsvärde": "Varav polyoler",
        "100 Gram": "61 g"
      },
      {
        "Näringsvärde": "Protein",
        "100 Gram": "0 g"
      },
      {
        "Näringsvärde": "Salt",
        "100 Gram": "0 g"
      }
    ],
    "nutritionUnitText": "Näringsvärde per 100 gram",
    "categories": {
      "mainCategory": "Glass, Godis & Snacks",
      "subCategories": [
        {
          "name": "Tuggummi",
          "subSubCategories": [
            "Tuggummi, påse"
          ]
        }
      ]
    }
  },
  {
    "name": "Dumle Snacks Original 160g Fazer",
    "weightText": "0.16 kg",
    "caPart": "",
    "weightValue": 0.16,
    "weightUnit": "kg",
    "comparePrice": "221,88 kr/kg",
    "currentPrice": 35.5,
    "attributes": [],
    "imgUrl": "https://handlaprivatkund.ica.se/images-v3/bf7a00ca-390e-4769-865f-dc369586872e/73a93af1-69ae-4fba-8e5e-0c541da70926/500x500.jpg",
    "productInformation": "Dumle är en välkänd och älskad klassiker som nästan alla känner till. Dumle Snacks är en oemotståndlig kombination av krämig kola och krispiga rispuffar, täckt i Fazers lena mjölkchoklad. Dumle Snacks är ett gott sällskap som garanterat gör dig på glatt humör. Dela glädjen - påsen är perfekt att bjuda på! Tillverkad av 100% ansvarsfullt producerad kakao.",
    "countryText": "",
    "companyText": "Fazer",
    "ingrediensText": "Ingredienser: socker, glukossirap, MJÖLK/MÆLK/MELK, helMJÖLKSpulver/sødMÆLKSpulver/tørrMELK, kakaosmör, rismjöl, vegetabiliskt fett (palm), vasslepulver (av MJÖLK)/vallepulver (fra MÆLK)/mysepulver (fra MELK), kakaomassa, skumMJÖLKSpulver/skummetMÆLKSpulver, maltextrakt (av KORN)/maltekstrakt (fra BYG), salt, emulgeringsmedel (SOJAlecitin), MJÖLKprotein, aromer (kola/karamell, vanillin). KAN INNEHÅLLA NÖTTER, MANDLAR OCH ANDRA SPANNMÅL SOM INNEHÅLLER GLUTEN/KAN INDEHOLDE NØDDER, MANDLER OG ANDRE KORNPRODUKTER/KORNSLAG |SOM INDEHOLDER GLUTEN. Mjölkchokladen innehåller minst 30% kakao/kakaotørstof.",
    "storage": "",
    "allergens": "",
    "usage": "",
    "nutrition": [
      {
        "Näringsvärde": "Energi (kcal)",
        "100 Gram": "480 kcal"
      },
      {
        "Näringsvärde": "Energi (kJ)",
        "100 Gram": "2008 kJ"
      },
      {
        "Näringsvärde": "Fett",
        "100 Gram": "22 g"
      },
      {
        "Näringsvärde": "Varav mättat fett",
        "100 Gram": "14 g"
      },
      {
        "Näringsvärde": "Kolhydrat",
        "100 Gram": "64 g"
      },
      {
        "Näringsvärde": "Varav sockerarter",
        "100 Gram": "50 g"
      },
      {
        "Näringsvärde": "Protein",
        "100 Gram": "5.8 g"
      },
      {
        "Näringsvärde": "Salt",
        "100 Gram": "0.49 g"
      }
    ],
    "nutritionUnitText": "Näringsvärde per 100 gram",
    "categories": {
      "mainCategory": "Glass, Godis & Snacks",
      "subCategories": [
        {
          "name": "Godis",
          "subSubCategories": [
            "Godispåsar",
            "Chokladpåsar"
          ]
        }
      ]
    }
  },
  {
    "name": "Popcorn Smörsmak Micropop 3-p 240g OLW",
    "weightText": "0.24 kg",
    "caPart": "",
    "weightValue": 0.24,
    "weightUnit": "kg",
    "comparePrice": "95,63 kr/kg",
    "currentPrice": 22.95,
    "attributes": [],
    "imgUrl": "https://handlaprivatkund.ica.se/images-v3/bf7a00ca-390e-4769-865f-dc369586872e/ecc92c15-9da7-4488-8538-0ff33ceb3942/500x500.jpg",
    "productInformation": "Micropopcorn med smörsmak från OLW. Många menar att de bästa popcornen är vita, härligt fluffiga och lagom salta. Det är i alla fall det viktigaste för oss på OLW när vi gör våra popcorn. Och en påse varma popcorn är ju så gott! Så luta dig tillbaka i soffan, sätt på din favoritfilm och njut! Våra micropop är dessutom helt veganska och utan palmolja. Innerpåsen är tillverkad utan perflourerade ämnen.",
    "countryText": "",
    "companyText": "Olw",
    "ingrediensText": "Majs, vegetabiliska oljor (solrosolja, sheaolja), salt, smörarom.",
    "storage": "",
    "allergens": "",
    "usage": "",
    "nutrition": [
      {
        "Näringsvärde": "Energi (kcal)",
        "100 Gram": "450 kcal"
      },
      {
        "Näringsvärde": "Energi (kJ)",
        "100 Gram": "1850 kJ"
      },
      {
        "Näringsvärde": "Fett",
        "100 Gram": "17 g"
      },
      {
        "Näringsvärde": "Varav mättat fett",
        "100 Gram": "6.3 g"
      },
      {
        "Näringsvärde": "Kolhydrat",
        "100 Gram": "60 g"
      },
      {
        "Näringsvärde": "Varav sockerarter",
        "100 Gram": "0.7 g"
      },
      {
        "Näringsvärde": "Fiber",
        "100 Gram": "10 g"
      },
      {
        "Näringsvärde": "Protein",
        "100 Gram": "8.8 g"
      },
      {
        "Näringsvärde": "Salt",
        "100 Gram": "2.3 g"
      }
    ],
    "nutritionUnitText": "Näringsvärde per 100 gram",
    "categories": {
      "mainCategory": "Glass, Godis & Snacks",
      "subCategories": [
        {
          "name": "Chips & snacks",
          "subSubCategories": [
            "Popcorn"
          ]
        }
      ]
    }
  },
  {
    "name": "Chokladkaka Geisha 121g Fazer",
    "weightText": "0.121 kg",
    "caPart": "",
    "weightValue": 0.121,
    "weightUnit": "kg",
    "comparePrice": "285,12 kr/kg",
    "currentPrice": 34.5,
    "attributes": [],
    "imgUrl": "https://handlaprivatkund.ica.se/images-v3/bf7a00ca-390e-4769-865f-dc369586872e/e371a502-3e44-4de6-88a0-32c9977a7318/500x500.jpg",
    "productInformation": "Geisha är en omtyckt mjölkchoklad med en krämig fyllning gjord på hasselnötter. Den kännetecknas av sin rosa förpackning, och som alltid är alla produkter av choklad från Fazer gjorda på 100 % ansvarsfullt producerad kakao.",
    "countryText": "",
    "companyText": "Fazer",
    "ingrediensText": "Ingredienser: socker, MJÖLK/MÆLK/MELK, kakaosmör, HASSELNÖTTER/HASSELNØDDER (11%), kakaomassa, helMJÖLKSpulver/sødMÆLKSpulver/tørrMELK, kärnMJÖLKSpulver/kærneMÆLKSpulver, VETEmjöl/HVEDEmel, majsstärkelse/-stivelse, emulgeringsmedel (SOJAlecitin), solrosolja/solsikkeolje, salt, aromer. KAN INNEHÅLLA ANDRA NÖTTER, MANDLAR OCH ANDRA SPANNMÅL SOM INNEHÅLLER GLUTEN/KAN INDEHOLDE ANDRE NØDDER, MANDLER OG ANDRE KORNPRODUKTER/KORNSLAG SOM INDEHOLDER GLUTEN. Mjölkchokladen innehåller minst 30% kakao/kakaotørstof.",
    "storage": "",
    "allergens": "Innehåller Spannmål som innehåller gluten Innehåller Nötter (eng: tree nuts) Innehåller Sojabönor Innehåller Mjölk",
    "usage": "",
    "nutrition": [
      {
        "Näringsvärde": "Energi (kcal)",
        "100 Gram": "550 kcal"
      },
      {
        "Näringsvärde": "Energi (kJ)",
        "100 Gram": "2302 kJ"
      },
      {
        "Näringsvärde": "Fett",
        "100 Gram": "35 g"
      },
      {
        "Näringsvärde": "Varav mättat fett",
        "100 Gram": "17 g"
      },
      {
        "Näringsvärde": "Kolhydrat",
        "100 Gram": "51 g"
      },
      {
        "Näringsvärde": "Varav sockerarter",
        "100 Gram": "49 g"
      },
      {
        "Näringsvärde": "Protein",
        "100 Gram": "8 g"
      },
      {
        "Näringsvärde": "Salt",
        "100 Gram": "0.19 g"
      }
    ],
    "nutritionUnitText": "Näringsvärde per 100 gram",
    "categories": {
      "mainCategory": "Glass, Godis & Snacks",
      "subCategories": [
        {
          "name": "Choklad",
          "subSubCategories": [
            "Chokladkakor",
            "Ljus choklad"
          ]
        }
      ]
    }
  },
  {
    "name": "Kina Gul Snacks 180g Fazer",
    "weightText": "0.18 kg",
    "caPart": "",
    "weightValue": 0.18,
    "weightUnit": "kg",
    "comparePrice": "210,83 kr/kg",
    "currentPrice": 37.95,
    "attributes": [],
    "imgUrl": "https://handlaprivatkund.ica.se/images-v3/bf7a00ca-390e-4769-865f-dc369586872e/eeb62263-ca83-4c4b-98e6-1ae129e53002/500x500.jpg",
    "productInformation": "Kina Gul Snacks är en riktig favorit hos många! Kina Gul är härligt crunchiga vetepuffar doppade i choklad. Njut av puffarna precis som de är, själv eller dela en påse med vännerna! Alla Fazers chokladprodukter tillverkas av 100 % ansvarsfullt producerad kakao. Allt du behöver är en puff!",
    "countryText": "",
    "companyText": "Fazer",
    "ingrediensText": "Ingredienser: socker, kakaosmör, puffat VETE/HVEDE, helMJÖLKSpulver/sødMÆLKSpulver/tørrMELK, vegetabiliskt fett (palm, shea), kakaomassa, skumMJÖLKSpulver/skummetMÆLKSpulver, vasslepulver (av MJÖLK)/vallepulver (fra MÆLK)/mysepulver (fra MELK), emulgeringsmedel (SOJAlecitin), salt, ytbehandlingsmedel (E904), arom.",
    "storage": "Lägsta förvaringstemperatur 16°C Högsta förvaringstemperatur 20°C",
    "allergens": "",
    "usage": "",
    "nutrition": [
      {
        "Näringsvärde": "Energi (kcal)",
        "100 Gram": "540 kcal"
      },
      {
        "Näringsvärde": "Energi (kJ)",
        "100 Gram": "2252 kJ"
      },
      {
        "Näringsvärde": "Fett",
        "100 Gram": "30 g"
      },
      {
        "Näringsvärde": "Varav mättat fett",
        "100 Gram": "19 g"
      },
      {
        "Näringsvärde": "Kolhydrat",
        "100 Gram": "57 g"
      },
      {
        "Näringsvärde": "Varav sockerarter",
        "100 Gram": "49 g"
      },
      {
        "Näringsvärde": "Protein",
        "100 Gram": "7.5 g"
      },
      {
        "Näringsvärde": "Salt",
        "100 Gram": "0.25 g"
      }
    ],
    "nutritionUnitText": "Näringsvärde per 100 gram",
    "categories": {
      "mainCategory": "Glass, Godis & Snacks",
      "subCategories": [
        {
          "name": "Godis",
          "subSubCategories": [
            "Godispåsar",
            "Chokladpåsar"
          ]
        }
      ]
    }
  },
  {
    "name": "Goldbären 80g Haribo",
    "weightText": "0.08 kg",
    "caPart": "",
    "weightValue": 0.08,
    "weightUnit": "kg",
    "comparePrice": "143,75 kr/kg",
    "currentPrice": 11.5,
    "attributes": [],
    "imgUrl": "https://handlaprivatkund.ica.se/images-v3/bf7a00ca-390e-4769-865f-dc369586872e/f308d21b-33c4-453f-889f-4cffcac0bea1/500x500.jpg",
    "productInformation": "Alla barnens favoriter; välkända Goldbären från HARIBO",
    "countryText": "",
    "companyText": "Haribo",
    "ingrediensText": "Ingredienser: Glukossirap; socker; gelatin; druvsocker; fruktjuice från koncentrat: äpple, hallon, jordgubbar, apelsin, citron, ananas; syra: citronsyra; solrosolja; frukt- och plantkoncentrat: safflor, spirulina, äpple, fläderbär, apelsin, svarta vinbär, kiwi, citron, aronia, mango, vindruva, passionsfrukt; arom; extrakt av fläderbär; ytbehandlingsmedel: bivax vitt och gult.",
    "storage": "Skyddas mot värme och fukt Lägsta förvaringstemperatur 13°C Högsta förvaringstemperatur 25°C",
    "allergens": "",
    "usage": "",
    "nutrition": [
      {
        "Näringsvärde": "Energi (kcal)",
        "100 Gram": "343 kcal"
      },
      {
        "Näringsvärde": "Energi (kJ)",
        "100 Gram": "1459 kJ"
      },
      {
        "Näringsvärde": "Fett",
        "100 Gram": "0.5 g"
      },
      {
        "Näringsvärde": "Varav mättat fett",
        "100 Gram": "0.1 g"
      },
      {
        "Näringsvärde": "Kolhydrat",
        "100 Gram": "77 g"
      },
      {
        "Näringsvärde": "Varav sockerarter",
        "100 Gram": "46 g"
      },
      {
        "Näringsvärde": "Protein",
        "100 Gram": "6.9 g"
      },
      {
        "Näringsvärde": "Salt",
        "100 Gram": "0.07 g"
      }
    ],
    "nutritionUnitText": "Näringsvärde per 100 gram",
    "categories": {
      "mainCategory": "Glass, Godis & Snacks",
      "subCategories": [
        {
          "name": "Godis",
          "subSubCategories": [
            "Godispåsar"
          ]
        }
      ]
    }
  },
  {
    "name": "Müslibar BIG Dark Chocolate Cookies 50g Corny",
    "weightText": "0.05 kg",
    "caPart": "",
    "weightValue": 0.05,
    "weightUnit": "kg",
    "comparePrice": "210,00 kr/kg",
    "currentPrice": 10.5,
    "attributes": [
      "Rainforest Alliance certifierad"
    ],
    "imgUrl": "https://handlaprivatkund.ica.se/images-v3/bf7a00ca-390e-4769-865f-dc369586872e/e4c75b73-ec3d-45ba-89fc-2af26cec4b5e/500x500.jpg",
    "productInformation": "Corny BIG – Sveriges mest köpta Müslibar! Ett godare och nyttigare mellanmålsalternativ i XXL-format. Gjord på krispiga flakes och läckra ingredienser som choklad, nötter och torkad frukt. Perfekt före, under och efter träningspasset. Lätt att stoppa i fickan för extra energi under fritidsaktiviteterna. Oavsett om du gillar mörk-, ljus- eller vit choklad, jordnötter, banan eller kokos så har vi en Corny BIG för dig! Corny BIG - var som helst, när som helst!",
    "countryText": "",
    "companyText": "Corny",
    "ingrediensText": "Ingredienser: Mörk choklad 20% (kakaomassa*, socker, kakaosmör*, emulgeringsmedel: (E442, E476)), glukosfruktossirap, glukossirap, spannmålsflingor (VETEmjöl, socker, majsmjöl, rismjöl, KORNmaltextrakt, salt, karamelliserat sockersirap), fullkornsHAVREflingor 8%, kakbitar med kakao 8% (VETEmjöl, socker, palmfett, fettreducerat kakaopulver*, VETEstärkelse, glukosfruktossirap, VETEGLUTEN, tapiokastärkelse, bakpulver: (natriumbikarbonat, ammoniumbikarbonat), salt), socker, spannmålsflingor med kakao (rismjöl, VETEmjöl, fettreducerat kakaopulver*, MJÖLKpulver, socker, majsmjöl, salt), majsflingor (majs, salt, KORNmaltextrakt), kokosfett, honung, rostade JORDNÖTTER, karamelliserad sockersirap, salt, naturlig arom, emulgeringsmedel: lecitin. Kan innehålla spår av NÖTTER. *Rainforest Alliance Certified.",
    "storage": "Förvaras torrt och svalt, skyddad från värme. Lägsta förvaringstemperatur 5°C Högsta förvaringstemperatur 25°C",
    "allergens": "Innehåller Mjölk Innehåller Jordnötter Innehåller Spannmål som innehåller gluten Kan innehålla Nötter (eng: tree nuts)",
    "usage": "",
    "nutrition": [
      {
        "Näringsvärde": "Energi (kcal)",
        "100 Gram": "431 kcal"
      },
      {
        "Näringsvärde": "Energi (kJ)",
        "100 Gram": "1810 kJ"
      },
      {
        "Näringsvärde": "Fett",
        "100 Gram": "14 g"
      },
      {
        "Näringsvärde": "Varav mättat fett",
        "100 Gram": "8.6 g"
      },
      {
        "Näringsvärde": "Kolhydrat",
        "100 Gram": "68 g"
      },
      {
        "Näringsvärde": "Varav sockerarter",
        "100 Gram": "35 g"
      },
      {
        "Näringsvärde": "Fiber",
        "100 Gram": "4.3 g"
      },
      {
        "Näringsvärde": "Protein",
        "100 Gram": "5.5 g"
      },
      {
        "Näringsvärde": "Salt",
        "100 Gram": "0.51 g"
      }
    ],
    "nutritionUnitText": "Näringsvärde per 100 gram",
    "categories": {
      "mainCategory": "Glass, Godis & Snacks",
      "subCategories": [
        {
          "name": "Naturgodis, Nötter & Bars",
          "subSubCategories": [
            "Bars"
          ]
        }
      ]
    }
  },
  {
    "name": "Chokladkaka Premium 70% kakao 100g Marabou",
    "weightText": "0.1 kg",
    "caPart": "",
    "weightValue": 0.1,
    "weightUnit": "kg",
    "comparePrice": "389,50 kr/kg",
    "currentPrice": 38.95,
    "attributes": [],
    "imgUrl": "https://handlaprivatkund.ica.se/images-v3/bf7a00ca-390e-4769-865f-dc369586872e/2d838de5-6f1a-436d-b0c5-fd27178900b9/500x500.jpg",
    "productInformation": "Marabou Premium 70% är en choklad gjord på noga utvalda ingredienser för en njutningsfull smakupplevelse. Chokladkakan är gjord på 70% kakao och har undertoner av nöt, kanel och lakrits. Njut av vår choklad på kvällen själv med en kopp te eller tillsammans med familj och vänner. Genom Cocoa Life, vårt program för en hållbar kakaoproduktion, bidrar Marabou Premium till att kakao odlas på rätt sätt, för att skydda planeten och respektera mänskliga rättigheter i vår värdekedja. Läs mer om Cocoa Life här www.cocoalife.org.",
    "countryText": "",
    "companyText": "Marabou",
    "ingrediensText": "Ingredienser: Kakaomassa, socker, kakaosmör, fettreducerad/fedtfattig kakao, SMÖRFETT/SMØROLIE, emulgeringsmedel/emulgator (SOJALECITIN), arom, MJÖLKPULVER/MÆLKEPULVER. Minst 70% kakao/kakaotørstof. KAN INNEHÅLLA NÖTTER/NØDDER",
    "storage": "Lägsta förvaringstemperatur 10°C Högsta förvaringstemperatur 20°C",
    "allergens": "",
    "usage": "",
    "nutrition": [
      {
        "Näringsvärde": "Energi (kcal)",
        "100 Gram": "600 kcal"
      },
      {
        "Näringsvärde": "Energi (kJ)",
        "100 Gram": "2490 kJ"
      },
      {
        "Näringsvärde": "Fett",
        "100 Gram": "46.5 g"
      },
      {
        "Näringsvärde": "Varav mättat fett",
        "100 Gram": "29 g"
      },
      {
        "Näringsvärde": "Kolhydrat",
        "100 Gram": "32 g"
      },
      {
        "Näringsvärde": "Varav sockerarter",
        "100 Gram": "28 g"
      },
      {
        "Näringsvärde": "Fiber",
        "100 Gram": "11 g"
      },
      {
        "Näringsvärde": "Protein",
        "100 Gram": "7.1 g"
      },
      {
        "Näringsvärde": "Salt",
        "100 Gram": "0.03 g"
      }
    ],
    "nutritionUnitText": "Näringsvärde per 100 gram",
    "categories": {
      "mainCategory": "Glass, Godis & Snacks",
      "subCategories": [
        {
          "name": "Choklad",
          "subSubCategories": [
            "Chokladkakor",
            "Mörk choklad"
          ]
        }
      ]
    }
  },
  {
    "name": "Kexchoklad minirutor 150g Cloetta",
    "weightText": "0.15 kg",
    "caPart": "",
    "weightValue": 0.15,
    "weightUnit": "kg",
    "comparePrice": "233,00 kr/kg",
    "currentPrice": 34.95,
    "attributes": [
      "Rainforest Alliance certifierad"
    ],
    "imgUrl": "https://handlaprivatkund.ica.se/images-v3/bf7a00ca-390e-4769-865f-dc369586872e/b31559fa-a91c-4daf-8eff-48fb1ca21803/500x500.jpg",
    "productInformation": "Kexchoklad Minirutor är små kvadratformade snacksbitar av Kexchoklad packade i en praktisk påse. Samma goda frasiga rån, täckta med läcker mjölkchoklad. Kexchoklad är Cloettas aktiva svenska klassiker som har en speciell plats i många svenskars hjärtan. Sveriges godaste mellanmål!. Innehåller 150 g Kexchoklad.",
    "countryText": "",
    "companyText": "Cloetta",
    "ingrediensText": "socker, VETEMJÖL, SKUMMJÖLKSPULVER, vegetabiliska fetter (palm, shea), kakaosmör1, VASSLEPULVER (MJÖLK), HELMJÖLKSPULVER, kakaomassa1, fettreducerat kakaopulver1, emulgeringsmedel (SOJALECITIN), kokosolja, salt, bakpulver (natriumvätekarbonat), aromer (bl.a. vanillin). Mjölkchokladen innehåller förutom kakaosmör även annat vegetabiliskt fett. 1Rainforest Alliance Certified. Find out more at ra.org.",
    "storage": "Förvaras torrt och svalt.",
    "allergens": "",
    "usage": "",
    "nutrition": [
      {
        "Näringsvärde": "Energi (kcal)",
        "100 Gram": "507 kcal"
      },
      {
        "Näringsvärde": "Energi (kJ)",
        "100 Gram": "2126 kJ"
      },
      {
        "Näringsvärde": "Fett",
        "100 Gram": "25 g"
      },
      {
        "Näringsvärde": "Varav mättat fett",
        "100 Gram": "15 g"
      },
      {
        "Näringsvärde": "Kolhydrat",
        "100 Gram": "60 g"
      },
      {
        "Näringsvärde": "Varav sockerarter",
        "100 Gram": "44 g"
      },
      {
        "Näringsvärde": "Protein",
        "100 Gram": "9.6 g"
      },
      {
        "Näringsvärde": "Salt",
        "100 Gram": "0.4 g"
      }
    ],
    "nutritionUnitText": "Näringsvärde per 100 gram",
    "categories": {
      "mainCategory": "Glass, Godis & Snacks",
      "subCategories": [
        {
          "name": "Godis",
          "subSubCategories": [
            "Godispåsar",
            "Chokladpåsar"
          ]
        }
      ]
    }
  },
  {
    "name": "Chokladkaka Frukt & Mandel 160g Marabou",
    "weightText": "0.16 kg",
    "caPart": "",
    "weightValue": 0.16,
    "weightUnit": "kg",
    "comparePrice": "193,44 kr/kg",
    "currentPrice": 30.95,
    "attributes": [],
    "imgUrl": "https://handlaprivatkund.ica.se/images-v3/bf7a00ca-390e-4769-865f-dc369586872e/9da67b97-b138-4b76-82bc-cfadc2e4991f/500x500.jpg",
    "productInformation": "Marabou Frukt och Mandel är en Marabou Mjölkchokladkaka med russin och hackade bitar av mandel. En riktig klassiker som passar för alla tillfällen. Genom Cocoa Life, vårt program för en hållbar kakaoproduktion, bidrar Marabou till att kakao odlas på rätt sätt, för att skydda planeten och respektera mänskliga rättigheter i vår värdekedja. Läs mer om Cocoa Life här www.cocoalife.org.",
    "countryText": "",
    "companyText": "Marabou",
    "ingrediensText": "Ingredienser: Socker, kakaosmör, russin, kakaomassa, MANDEL, vasslepulver (MJÖLK), SKUMMJÖLKSPULVER, SMÖRFETT, vassleprodukt (MJÖLK), emulgeringsmedel (SOJALECITINER), arom. Minst 30% kakao. KAN INNEHÅLLA ANDRA NÖTTER OCH VETE.",
    "storage": "",
    "allergens": "",
    "usage": "",
    "nutrition": [
      {
        "Näringsvärde": "Energi (kcal)",
        "100 Gram": "522 kcal"
      },
      {
        "Näringsvärde": "Energi (kJ)",
        "100 Gram": "2182 kJ"
      },
      {
        "Näringsvärde": "Fett",
        "100 Gram": "29 g"
      },
      {
        "Näringsvärde": "Varav mättat fett",
        "100 Gram": "16 g"
      },
      {
        "Näringsvärde": "Kolhydrat",
        "100 Gram": "58 g"
      },
      {
        "Näringsvärde": "Varav sockerarter",
        "100 Gram": "55 g"
      },
      {
        "Näringsvärde": "Fiber",
        "100 Gram": "2.6 g"
      },
      {
        "Näringsvärde": "Protein",
        "100 Gram": "5.4 g"
      },
      {
        "Näringsvärde": "Salt",
        "100 Gram": "0.22 g"
      }
    ],
    "nutritionUnitText": "Näringsvärde per 100 gram",
    "categories": {
      "mainCategory": "Glass, Godis & Snacks",
      "subCategories": [
        {
          "name": "Choklad",
          "subSubCategories": [
            "Chokladkakor"
          ]
        }
      ]
    }
  },
  {
    "name": "Glass Daimstrut mini 6-p GB Glace",
    "weightText": "",
    "caPart": "",
    "weightValue": 0,
    "weightUnit": "",
    "comparePrice": "6 per frp 9,16 kr/st",
    "currentPrice": 54.95,
    "attributes": [],
    "imgUrl": "https://handlaprivatkund.ica.se/images-v3/bf7a00ca-390e-4769-865f-dc369586872e/a402db63-be9c-40ac-8a28-6590cb70aa51/500x500.jpg",
    "productInformation": "Glassvärldens riktiga ikon – struten! Våra strutar bjuder på en härlig resa från toppens början och ända ner till chokladtippen längst ner i den krispiga våfflan. 6 st mini Daimstrutar för den glassugne. Består av len gräddvaniljglass med daimbitar i frasig strut. Vår storsäljare i miniformat – perfekt att ha hemma.",
    "countryText": "",
    "companyText": "GB Glace",
    "ingrediensText": "Ingredienser: SKUMMJÖLK, socker, VETEMJÖL, vegetabiliska oljor (kokos, palm), kakaosmör, glukos-fruktossirap, vasslepulver (MJÖLK), kakaomassa, SKUMMJÖLKSPULVER, MJÖLKFETT, MJÖLKPULVER, fettreducerat kakaopulver, emulgeringsmedel (SOJALECITIN, mono- och diglycerider av vegetabiliska fettsyror, ammoniumfosfatider), MJÖLKSOCKER, MANDELBITAR, stabiliseringsmedel (fruktkärnmjöl, guarkärnmjöl, karragenan), sötat SKUMMJÖLKSKONCENTRAT, karamelliserad sockersirup, salt, arom (MJÖLK).",
    "storage": "Lägsta förvaringstemperatur -25°C Högsta förvaringstemperatur -18°C",
    "allergens": "Innehåller Mjölk Innehåller Nötter (eng: tree nuts) Innehåller Spannmål som innehåller gluten Innehåller Sojabönor",
    "usage": "",
    "nutrition": [
      {
        "Näringsvärde": "Energi (kcal)",
        "100 Gram": "336 kcal"
      },
      {
        "Näringsvärde": "Energi (kJ)",
        "100 Gram": "1404 kJ"
      },
      {
        "Näringsvärde": "Fett",
        "100 Gram": "17 g"
      },
      {
        "Näringsvärde": "Varav mättat fett",
        "100 Gram": "12 g"
      },
      {
        "Näringsvärde": "Kolhydrat",
        "100 Gram": "43 g"
      },
      {
        "Näringsvärde": "Varav sockerarter",
        "100 Gram": "29 g"
      },
      {
        "Näringsvärde": "Protein",
        "100 Gram": "4.1 g"
      },
      {
        "Näringsvärde": "Salt",
        "100 Gram": "0.21 g"
      }
    ],
    "nutritionUnitText": "Näringsvärde per 100 gram",
    "categories": {
      "mainCategory": "Glass, Godis & Snacks",
      "subCategories": [
        {
          "name": "Glass",
          "subSubCategories": [
            "Strutglass"
          ]
        }
      ]
    }
  },
  {
    "name": "Chips Smör & Havssalt 275g OLW",
    "weightText": "0.275 kg",
    "caPart": "",
    "weightValue": 0.275,
    "weightUnit": "kg",
    "comparePrice": "114,55 kr/kg",
    "currentPrice": 31.5,
    "attributes": [],
    "imgUrl": "https://handlaprivatkund.ica.se/images-v3/bf7a00ca-390e-4769-865f-dc369586872e/a66d8878-5c05-4b8f-86c0-f306c97f66c3/500x500.jpg",
    "productInformation": "Goda och krispiga Smör & Havssalt chips från OLW. Vi använder oss av naturliga ingredienser och den allra finaste potatisen. Chipsen är finräfflade och har en len och salt smörsmak. Garanterade att gå åt som smör i solsken! Alla OLWs goda chips är fria från palmolja. Nu med en mer miljövänlig påse av ICSS-certifierad plast från tallolja för 50% lägre koldioxidutsläpp från plasten i förpackningen.",
    "countryText": "",
    "companyText": "Olw",
    "ingrediensText": "Potatis, solrosolja, kryddblandning (vasslepulver (från MJÖLK), salt, KÄRNMJÖLKSPULVER, socker, havssalt, GRÄDDPULVER, jästextrakt, OSTPULVER, lök, surhetsreglerande medel (mjölksyra), vitlök, arom).",
    "storage": "",
    "allergens": "",
    "usage": "",
    "nutrition": [
      {
        "Näringsvärde": "Energi (kcal)",
        "100 Gram": "520 kcal"
      },
      {
        "Näringsvärde": "Energi (kJ)",
        "100 Gram": "2200 kJ"
      },
      {
        "Näringsvärde": "Fett",
        "100 Gram": "32 g"
      },
      {
        "Näringsvärde": "Varav mättat fett",
        "100 Gram": "3.7 g"
      },
      {
        "Näringsvärde": "Kolhydrat",
        "100 Gram": "55 g"
      },
      {
        "Näringsvärde": "Varav sockerarter",
        "100 Gram": "3.1 g"
      },
      {
        "Näringsvärde": "Protein",
        "100 Gram": "5.1 g"
      },
      {
        "Näringsvärde": "Salt",
        "100 Gram": "1.6 g"
      }
    ],
    "nutritionUnitText": "Näringsvärde per 100 gram",
    "categories": {
      "mainCategory": "Glass, Godis & Snacks",
      "subCategories": [
        {
          "name": "Chips & snacks",
          "subSubCategories": [
            "Chips"
          ]
        }
      ]
    }
  },
  {
    "name": "Dippmix Fresh island 24g OLW",
    "weightText": "0.024 kg",
    "caPart": "",
    "weightValue": 0.024,
    "weightUnit": "kg",
    "comparePrice": "456,25 kr/kg",
    "currentPrice": 10.95,
    "attributes": [],
    "imgUrl": "https://handlaprivatkund.ica.se/images-v3/bf7a00ca-390e-4769-865f-dc369586872e/14ff6b98-a249-4416-8b50-d6f032c7ba92/500x500.jpg",
    "productInformation": "God och krämig dipp från OLW. Vår storsäljande dippmix Fresh Island har en fräsch smak av lök, vitlök och paprika. Perfekt dipp till chips men passar också utmärkt som salladsdressing eller som kall sås till nygrillade grönsaker. Fredagsmyset, festen eller middagen blir ännu bättre med en riktigt god OLW-dipp.",
    "countryText": "",
    "companyText": "Olw",
    "ingrediensText": "Salt, modifierad stärkelse, socker, YOGHURTPULVER, paprika, lök, tomat, jästextrakt, maltodextrin, vitlök, svartpeppar, krydda, arom.",
    "storage": "",
    "allergens": "Innehåller Mjölk",
    "usage": "",
    "nutrition": [
      {
        "Näringsvärde": "Energi (kcal)",
        "100 Gram": "300 kcal"
      },
      {
        "Näringsvärde": "Energi (kJ)",
        "100 Gram": "1250 kJ"
      },
      {
        "Näringsvärde": "Fett",
        "100 Gram": "1.3 g"
      },
      {
        "Näringsvärde": "Varav mättat fett",
        "100 Gram": "0.3 g"
      },
      {
        "Näringsvärde": "Kolhydrat",
        "100 Gram": "57 g"
      },
      {
        "Näringsvärde": "Varav sockerarter",
        "100 Gram": "24 g"
      },
      {
        "Näringsvärde": "Protein",
        "100 Gram": "11 g"
      },
      {
        "Näringsvärde": "Salt",
        "100 Gram": "17.6 g"
      }
    ],
    "nutritionUnitText": "Näringsvärde per 100 gram",
    "categories": {
      "mainCategory": "Glass, Godis & Snacks",
      "subCategories": [
        {
          "name": "Chips & snacks",
          "subSubCategories": [
            "Dipp"
          ]
        }
      ]
    }
  },
  {
    "name": "Mjölkchoklad 43g Marabou",
    "weightText": "0.043 kg",
    "caPart": "",
    "weightValue": 0.043,
    "weightUnit": "kg",
    "comparePrice": "347,67 kr/kg",
    "currentPrice": 14.95,
    "attributes": [],
    "imgUrl": "https://handlaprivatkund.ica.se/images-v3/bf7a00ca-390e-4769-865f-dc369586872e/e7f36a2a-ade8-4009-9ce1-eb44ed9d7f9f/500x500.jpg",
    "productInformation": "Vår älskade Marabou mjölkchoklad i en singelportion för dig som vill njuta på språng eller av en mindre godbit i lugn hemmamiljö. Genom Cocoa Life, vårt program för en hållbar kakaoproduktion, bidrar Marabou till att kakao odlas på rätt sätt, för att skydda planeten och respektera mänskliga rättigheter i vår värdekedja. Läs mer om Cocoa Life här www.cocoalife.org.",
    "countryText": "",
    "companyText": "Marabou",
    "ingrediensText": "INGREDIENSER: Socker, kakaosmör, kakaomassa, vassle-/vallepulver (MJÖLK/MÆLK), SKUMMJÖLKSPULVER, SMÖRFETT/SMØROLIE, vassle-/valleprodukt (MJÖLK), emulgeringsmedel/emulgator (SOJALECITIN), arom. Minst 30% kakao/kakaotørstof. KAN INNEHÅLLA NÖTTER OCH VETE.",
    "storage": "",
    "allergens": "",
    "usage": "",
    "nutrition": [
      {
        "Näringsvärde": "Energi (kcal)",
        "100 Gram": "550 kcal"
      },
      {
        "Näringsvärde": "Energi (kJ)",
        "100 Gram": "2290 kJ"
      },
      {
        "Näringsvärde": "Fett",
        "100 Gram": "32 g"
      },
      {
        "Näringsvärde": "Varav mättat fett",
        "100 Gram": "19.5 g"
      },
      {
        "Näringsvärde": "Kolhydrat",
        "100 Gram": "58.5 g"
      },
      {
        "Näringsvärde": "Varav sockerarter",
        "100 Gram": "58 g"
      },
      {
        "Näringsvärde": "Fiber",
        "100 Gram": "2 g"
      },
      {
        "Näringsvärde": "Protein",
        "100 Gram": "4.7 g"
      },
      {
        "Näringsvärde": "Salt",
        "100 Gram": "0.33 g"
      }
    ],
    "nutritionUnitText": "Näringsvärde per 100 gram",
    "categories": {
      "mainCategory": "Glass, Godis & Snacks",
      "subCategories": [
        {
          "name": "Choklad",
          "subSubCategories": [
            "Chokladstycksaker"
          ]
        }
      ]
    }
  },
  {
    "name": "Godis Juleskum 100g Cloetta",
    "weightText": "0.1 kg",
    "caPart": "",
    "weightValue": 0.1,
    "weightUnit": "kg",
    "comparePrice": "149,50 kr/kg",
    "currentPrice": 14.95,
    "attributes": [],
    "imgUrl": "https://handlaprivatkund.ica.se/images-v3/bf7a00ca-390e-4769-865f-dc369586872e/6f068f6b-c2ca-497b-b269-f3111e3b0471/500x500.jpg",
    "productInformation": "Det älskade originalet Juleskum! En påse full med rosa fluffiga tomtar med vitt skägg som är oemotståndligt goda. Det är inte konstigt att Juleskum är en av svenska folkets favoriter när det gäller julgodis. Ingen jul utan Juleskum!",
    "countryText": "",
    "companyText": "Cloetta",
    "ingrediensText": "glukossirap, socker, invertsockersirap, gelatin, syra (citronsyra), vegetabiliska oljor (kokos, raps), naturlig arom, ytbehandlingsmedel (karnaubavax), färgämne (karmin).",
    "storage": "",
    "allergens": "",
    "usage": "",
    "nutrition": [
      {
        "Näringsvärde": "Energi (kcal)",
        "100 Gram": "354 kcal"
      },
      {
        "Näringsvärde": "Energi (kJ)",
        "100 Gram": "1500 kJ"
      },
      {
        "Näringsvärde": "Fett",
        "100 Gram": "0.4 g"
      },
      {
        "Näringsvärde": "Varav mättat fett",
        "100 Gram": "0.4 g"
      },
      {
        "Näringsvärde": "Kolhydrat",
        "100 Gram": "83 g"
      },
      {
        "Näringsvärde": "Varav sockerarter",
        "100 Gram": "66 g"
      },
      {
        "Näringsvärde": "Protein",
        "100 Gram": "4.2 g"
      },
      {
        "Näringsvärde": "Salt",
        "100 Gram": "0.04 g"
      }
    ],
    "nutritionUnitText": "Näringsvärde per 100 gram",
    "categories": {
      "mainCategory": "Jul",
      "subCategories": [
        {
          "name": "Julgodis & Chokladaskar",
          "subSubCategories": [
            "Julgodis"
          ]
        }
      ]
    }
  },
  {
    "name": "Choklad Bridge Original 180g Cloetta",
    "weightText": "0.18 kg",
    "caPart": "",
    "weightValue": 0.18,
    "weightUnit": "kg",
    "comparePrice": "171,94 kr/kg",
    "currentPrice": 30.95,
    "attributes": [],
    "imgUrl": "https://handlaprivatkund.ica.se/images-v3/bf7a00ca-390e-4769-865f-dc369586872e/fc88688e-f79c-426d-a441-f6eb27ea40d5/500x500.jpg",
    "productInformation": "Bridge är en generös mix av nio små läckra personligheter som passar utmärkt när man får besök, eller varför inte unna sig en Bridgeblandning själv? Här kan alla hitta sitt favoritgodis. Mixen innehåller Chokladdragérade hasselnötter, russin och puffat vete, choklad- och sockerdragérade mandlar, skumdragéer, röda och gula sockerdragérade chokladlinser samt lakritspinnar och mintkulor.",
    "countryText": "",
    "companyText": "Cloetta",
    "ingrediensText": "socker, kakaomassa, kakaosmör, HELMJÖLKSPULVER, melass, vegetabiliska fetter/oljor (palm, shea, kokos, raps), MANDEL, glukossirap, VETEMJÖL, SKUMMJÖLKSPULVER, HASSELNÖTTER, russin, VASSLEPULVER (MJÖLK), invertsockersirap, puffat VETE, emulgeringsmedel (SOJALECITIN, solroslecitin, E476), stabiliseringsmedel (gummi arabicum, E471), färgämnen (E171, E162, E141, E100, E120), aromer (bl.a. vanillin), ytbehandlingsmedel (bivax, karnaubavax, gummi arabicum, shellack), gelatin, ammoniumklorid (=salmiak), konsistensmedel (invertas), lakritsextrakt, modifierad stärkelse, salt, förtjockningsmedel (pektin), syra (citronsyra). Kan innehålla spår av VALNÖT och PISTASCHNÖT.",
    "storage": "",
    "allergens": "Kan innehålla Pistaschmandel Innehåller Hasselnöt Kan innehålla Valnöt Innehåller Mjölk Innehåller Spannmål som innehåller gluten Innehåller Mandel Innehåller Sojabönor",
    "usage": "",
    "nutrition": [
      {
        "Näringsvärde": "Energi (kcal)",
        "100 Gram": "466 kcal"
      },
      {
        "Näringsvärde": "Energi (kJ)",
        "100 Gram": "1961 kJ"
      },
      {
        "Näringsvärde": "Fett",
        "100 Gram": "19 g"
      },
      {
        "Näringsvärde": "Varav mättat fett",
        "100 Gram": "10 g"
      },
      {
        "Näringsvärde": "Kolhydrat",
        "100 Gram": "68 g"
      },
      {
        "Näringsvärde": "Varav sockerarter",
        "100 Gram": "63 g"
      },
      {
        "Näringsvärde": "Protein",
        "100 Gram": "5 g"
      },
      {
        "Näringsvärde": "Salt",
        "100 Gram": "0.13 g"
      }
    ],
    "nutritionUnitText": "Näringsvärde per 100 gram",
    "categories": {
      "mainCategory": "Glass, Godis & Snacks",
      "subCategories": [
        {
          "name": "Godis",
          "subSubCategories": [
            "Godispåsar",
            "Chokladpåsar"
          ]
        }
      ]
    }
  },
  {
    "name": "Cheezdoodles liten påse 35g OLW",
    "weightText": "0.035 kg",
    "caPart": "",
    "weightValue": 0.035,
    "weightUnit": "kg",
    "comparePrice": "271,43 kr/kg",
    "currentPrice": 9.5,
    "attributes": [],
    "imgUrl": "https://handlaprivatkund.ica.se/images-v3/bf7a00ca-390e-4769-865f-dc369586872e/64708ded-002a-439f-9ad2-a6ffe5f99084/500x500.jpg",
    "productInformation": "Ostbågar, ostkrokar eller cheez doodles - kärt barn har många namn. OLWs ostbågar är Sveriges mest sålda snacks, och vi förstår varför. Spröda och frasiga majsbågar som smaksatts med mild ostkrydda. En riktig klassiker till fredagsmyset. Njut och bestäm själv om du vill bjuda!",
    "countryText": "",
    "companyText": "Olw",
    "ingrediensText": "Majsmjöl, solrosolja, OSTPULVER (OST, färgämne (E160a, E 160c)), MJÖLKPULVER, salt, potatisstärkelse, druvsocker.",
    "storage": "",
    "allergens": "Innehåller Mjölk",
    "usage": "",
    "nutrition": [
      {
        "Näringsvärde": "Energi (kcal)",
        "100 Gram": "500 kcal"
      },
      {
        "Näringsvärde": "Energi (kJ)",
        "100 Gram": "2100 kJ"
      },
      {
        "Näringsvärde": "Fett",
        "100 Gram": "31 g"
      },
      {
        "Näringsvärde": "Varav mättat fett",
        "100 Gram": "4.8 g"
      },
      {
        "Näringsvärde": "Kolhydrat",
        "100 Gram": "51 g"
      },
      {
        "Näringsvärde": "Varav sockerarter",
        "100 Gram": "2.8 g"
      },
      {
        "Näringsvärde": "Protein",
        "100 Gram": "10 g"
      },
      {
        "Näringsvärde": "Salt",
        "100 Gram": "2.1 g"
      }
    ],
    "nutritionUnitText": "Näringsvärde per 100 gram",
    "categories": {
      "mainCategory": "Glass, Godis & Snacks",
      "subCategories": [
        {
          "name": "Chips & snacks",
          "subSubCategories": [
            "Ostbågar"
          ]
        }
      ]
    }
  },
  {
    "name": "Godis Tutti frutti Original 180g Fazer",
    "weightText": "0.18 kg",
    "caPart": "",
    "weightValue": 0.18,
    "weightUnit": "kg",
    "comparePrice": "113,89 kr/kg",
    "currentPrice": 20.5,
    "attributes": [],
    "imgUrl": "https://handlaprivatkund.ica.se/images-v3/bf7a00ca-390e-4769-865f-dc369586872e/9e0d8136-2657-41ee-99ff-a668bf5aae54/500x500.jpg",
    "productInformation": "Tutti Frutti Original är en godispåse från Fazer med smak av hallon, päron, citron och unika Tutti Frutti. Perfekt godis för både barn, vuxna och dig som är vegan då Tutti Frutti är gelatinfri och vegansk. Den är tillverkad med naturliga färg och smakämnen från naturliga juicer och färger från både frukt och grönsaker.",
    "countryText": "",
    "companyText": "Fazer",
    "ingrediensText": "Ingredienser: socker, glukossirap, VETEstärkelse/HVEDEstivelse, modifierad potatisstärkelse/kartoffelstivelse, surhetsreglerande medel (E270, E325), färgande livsmedel/fødevarer der farver/næringsmidler som avgir farge (koncentrat av svart morot/gulrot/sort gulerod, safflor, batat/sød kartoffel/søtpotet, spirulina och äpple), naturliga aromer, ytbehandlingsmedel (E903).",
    "storage": "",
    "allergens": "Innehåller Spannmål som innehåller gluten",
    "usage": "",
    "nutrition": [
      {
        "Näringsvärde": "Energi (kcal)",
        "100 Gram": "361 kcal"
      },
      {
        "Näringsvärde": "Energi (kJ)",
        "100 Gram": "1517 kJ"
      },
      {
        "Näringsvärde": "Fett",
        "100 Gram": "0.5 g"
      },
      {
        "Näringsvärde": "Varav mättat fett",
        "100 Gram": "0 g"
      },
      {
        "Näringsvärde": "Kolhydrat",
        "100 Gram": "89 g"
      },
      {
        "Näringsvärde": "Varav sockerarter",
        "100 Gram": "60 g"
      },
      {
        "Näringsvärde": "Protein",
        "100 Gram": "0.5 g"
      },
      {
        "Näringsvärde": "Salt",
        "100 Gram": "0.29 g"
      }
    ],
    "nutritionUnitText": "Näringsvärde per 100 gram",
    "categories": {
      "mainCategory": "Glass, Godis & Snacks",
      "subCategories": [
        {
          "name": "Godis",
          "subSubCategories": [
            "Godispåsar"
          ]
        }
      ]
    }
  },
  {
    "name": "Fruktstång Jordgubb 5-p Castus",
    "weightText": "",
    "caPart": "",
    "weightValue": 0,
    "weightUnit": "",
    "comparePrice": "5 x 5 per frp 0,90 kr/st",
    "currentPrice": 22.5,
    "attributes": [],
    "imgUrl": "https://handlaprivatkund.ica.se/images-v3/bf7a00ca-390e-4769-865f-dc369586872e/7decbd71-ac99-4475-89e6-bcf51397dd2b/500x500.jpg",
    "productInformation": "",
    "countryText": "",
    "companyText": "Castus",
    "ingrediensText": "Ingredienser: DK/N/SE Ingredienser: Frugter (dadler 87% (ikke EU oprindelse/ursprung), rosiner/russin 8%, tørrede/torkade jordbær/jordgubbar 0,9% svarende til/motsvarande 1,6 g friske/färska jordbær/jordgubbar*), solsikkeolie/solrosolja, vand/vann, naturlig jordbæraroma/jordgubbssmak 0,1%. *Beregnet/beräknet for 20 g produkt. Kan indeholde spor/spår af jordnødder/peanøtter/jordnötter og andre nødder/nøtter/nötter. Opbevares/håll tørt/tørr/torrt og ikke for varmt.",
    "storage": "",
    "allergens": "",
    "usage": "",
    "nutrition": [
      {
        "Näringsvärde": "Energi (kcal)",
        "100 Gram": "330 kcal"
      },
      {
        "Näringsvärde": "Energi (kJ)",
        "100 Gram": "1400 kJ"
      },
      {
        "Näringsvärde": "Fett",
        "100 Gram": "4.5 g"
      },
      {
        "Näringsvärde": "Varav mättat fett",
        "100 Gram": "0.5 g"
      },
      {
        "Näringsvärde": "Kolhydrat",
        "100 Gram": "66 g"
      },
      {
        "Näringsvärde": "Varav sockerarter",
        "100 Gram": "58 g"
      },
      {
        "Näringsvärde": "Fiber",
        "100 Gram": "9.5 g"
      },
      {
        "Näringsvärde": "Protein",
        "100 Gram": "2 g"
      },
      {
        "Näringsvärde": "Salt",
        "100 Gram": "0 g"
      }
    ],
    "nutritionUnitText": "Näringsvärde per 100 gram",
    "categories": {
      "mainCategory": "Glass, Godis & Snacks",
      "subCategories": [
        {
          "name": "Naturgodis, Nötter & Bars",
          "subSubCategories": [
            "Russin & Torkad frukt",
            "Övrig torkad frukt"
          ]
        }
      ]
    }
  },
  {
    "name": "Linsbågar Cheddar 150g Estrella",
    "weightText": "0.15 kg",
    "caPart": "",
    "weightValue": 0.15,
    "weightUnit": "kg",
    "comparePrice": "223,33 kr/kg",
    "currentPrice": 33.5,
    "attributes": [],
    "imgUrl": "https://handlaprivatkund.ica.se/images-v3/bf7a00ca-390e-4769-865f-dc369586872e/2f660c05-195e-46ec-8cf7-7de987eabd16/500x500.jpg",
    "productInformation": "",
    "countryText": "",
    "companyText": "Estrella",
    "ingrediensText": "Linsmjöl (32%), majsmjöl, solros- och rapsolja i varierande proportion, OSTpulver (11% varav 30%Cheddar), KÄRNMJÖLKspulver, paprikaextrakt, salt, kaliumklorid. Kan innehålla spår av JORDNÖTTER och GLUTEN.",
    "storage": "",
    "allergens": "",
    "usage": "",
    "nutrition": [
      {
        "Näringsvärde": "Energi (kcal)",
        "100 Gram": "486 kcal"
      },
      {
        "Näringsvärde": "Energi (kJ)",
        "100 Gram": "2030 kJ"
      },
      {
        "Näringsvärde": "Fett",
        "100 Gram": "29 g"
      },
      {
        "Näringsvärde": "Varav mättat fett",
        "100 Gram": "5.4 g"
      },
      {
        "Näringsvärde": "Kolhydrat",
        "100 Gram": "39 g"
      },
      {
        "Näringsvärde": "Varav sockerarter",
        "100 Gram": "2.3 g"
      },
      {
        "Näringsvärde": "Fiber",
        "100 Gram": "3.4 g"
      },
      {
        "Näringsvärde": "Protein",
        "100 Gram": "16.3 g"
      },
      {
        "Näringsvärde": "Salt",
        "100 Gram": "1.8 g"
      }
    ],
    "nutritionUnitText": "Näringsvärde per 100 gram",
    "categories": {
      "mainCategory": "Glass, Godis & Snacks",
      "subCategories": [
        {
          "name": "Chips & snacks",
          "subSubCategories": [
            "Ostbågar"
          ]
        }
      ]
    }
  },
  {
    "name": "Choklad Co-Co Dubbel 60g Marabou",
    "weightText": "0.06 kg",
    "caPart": "",
    "weightValue": 0.06,
    "weightUnit": "kg",
    "comparePrice": "249,17 kr/kg",
    "currentPrice": 14.95,
    "attributes": [],
    "imgUrl": "https://handlaprivatkund.ica.se/images-v3/bf7a00ca-390e-4769-865f-dc369586872e/9206d04f-7526-4bf0-906a-053fa0e0b9ea/500x500.jpg",
    "productInformation": "Marabou Co-Co är en underbar kokostoffé överdragen med vår älskade Marabou mjölkchoklad som får en att drömma sig bort till exotiska platser. Njut av chokladen på språng eller i en lugn och skön hemmamiljö. Genom Cocoa Life, vårt program för en hållbar kakaoproduktion, bidrar Marabou till att kakao odlas på rätt sätt, för att skydda planeten och respektera mänskliga rättigheter i vår värdekedja. Läs mer om Cocoa Life här www.cocoalife.org.",
    "countryText": "",
    "companyText": "Marabou",
    "ingrediensText": "Ingredienser: Kokos (28%), socker, sockrad kondenserad SKUMMJÖLK, invertsocker, MJÖLKPULVER, kakaosmör, kakaomassa, glukossirap, palmolja, emulgeringsmedel (SOJALECITIN, solroslecitin), aromer. KAN INNEHÅLLA JORDNÖTTER, NÖTTER, ÄGG OCH VETE.",
    "storage": "",
    "allergens": "",
    "usage": "",
    "nutrition": [
      {
        "Näringsvärde": "Energi (kcal)",
        "100 Gram": "520 kcal"
      },
      {
        "Näringsvärde": "Energi (kJ)",
        "100 Gram": "2160 kJ"
      },
      {
        "Näringsvärde": "Fett",
        "100 Gram": "30 g"
      },
      {
        "Näringsvärde": "Varav mättat fett",
        "100 Gram": "23 g"
      },
      {
        "Näringsvärde": "Kolhydrat",
        "100 Gram": "53.5 g"
      },
      {
        "Näringsvärde": "Varav sockerarter",
        "100 Gram": "48 g"
      },
      {
        "Näringsvärde": "Fiber",
        "100 Gram": "5.2 g"
      },
      {
        "Näringsvärde": "Protein",
        "100 Gram": "5.8 g"
      },
      {
        "Näringsvärde": "Salt",
        "100 Gram": "0.15 g"
      }
    ],
    "nutritionUnitText": "Näringsvärde per 100 gram",
    "categories": {
      "mainCategory": "Glass, Godis & Snacks",
      "subCategories": [
        {
          "name": "Choklad",
          "subSubCategories": [
            "Chokladstycksaker"
          ]
        }
      ]
    }
  },
  {
    "name": "Godispåse Fizzypop 85g Malaco",
    "weightText": "0.085 kg",
    "caPart": "",
    "weightValue": 0.085,
    "weightUnit": "kg",
    "comparePrice": "158,82 kr/kg",
    "currentPrice": 13.5,
    "attributes": [],
    "imgUrl": "https://handlaprivatkund.ica.se/images-v3/bf7a00ca-390e-4769-865f-dc369586872e/ecb9e8e2-5708-4994-bb10-26b6a1c82e92/500x500.jpg",
    "productInformation": "Fizzypop är välkända rosa och blå godisflaskor med en mjuk konsistens och en god bubbelgumsmak. Påsen består av en minivariant av de populära Fizzypop-flaskorna du hittar där du köper lösgodis. Godispåsen innehåller 85g. Fri från palmolja samt utan artificiella färgämnen och aromer. Malaco - Lördag hela veckan",
    "countryText": "",
    "companyText": "Malaco",
    "ingrediensText": "glukossirap, socker/sukker, gelatin, surhedsregulerende middel (natriumkarbonater), syror (citronsyra, äppel-/æble-/eplesyre), fullhärdad/helt hærdet/fullherdet solros-/solsikke olja, koncentrat från (spirulina, morot/gulerod, svarta vinbär/solbær), naturlig arom.",
    "storage": "",
    "allergens": "",
    "usage": "",
    "nutrition": [
      {
        "Näringsvärde": "Energi (kcal)",
        "100 Gram": "336 kcal"
      },
      {
        "Näringsvärde": "Energi (kJ)",
        "100 Gram": "1427 kJ"
      },
      {
        "Näringsvärde": "Fett",
        "100 Gram": "0.5 g"
      },
      {
        "Näringsvärde": "Varav mättat fett",
        "100 Gram": "0.5 g"
      },
      {
        "Näringsvärde": "Kolhydrat",
        "100 Gram": "77 g"
      },
      {
        "Näringsvärde": "Varav sockerarter",
        "100 Gram": "65 g"
      },
      {
        "Näringsvärde": "Protein",
        "100 Gram": "4.6 g"
      },
      {
        "Näringsvärde": "Salt",
        "100 Gram": "1.05 g"
      }
    ],
    "nutritionUnitText": "Näringsvärde per 100 gram",
    "categories": {
      "mainCategory": "Glass, Godis & Snacks",
      "subCategories": [
        {
          "name": "Godis",
          "subSubCategories": [
            "Godispåsar"
          ]
        }
      ]
    }
  },
  {
    "name": "Majskoner Choklad Smash 100g OLW",
    "weightText": "0.1 kg",
    "caPart": "",
    "weightValue": 0.1,
    "weightUnit": "kg",
    "comparePrice": "329,50 kr/kg",
    "currentPrice": 32.95,
    "attributes": [
      "Rainforest Alliance certifierad"
    ],
    "imgUrl": "https://handlaprivatkund.ica.se/images-v3/bf7a00ca-390e-4769-865f-dc369586872e/7cc0bbb5-b72e-4e4b-be5e-e38fd16596e4/500x500.jpg",
    "productInformation": "OLW Smash - en oemotståndlig kombination av sött, salt och sprött. Smash är spröda majskoner doppade i mjölkchoklad. Omöjligt att bara ta en!",
    "countryText": "",
    "companyText": "Smash",
    "ingrediensText": "Ingredienser: Socker, MJÖLKPULVER, majsmjöl, kakaosmör, kakaomassa, solrosolja, sheaolja, tapiokastärkelse, kokosolja, emulgeringsmedel (SOJALECITIN), bakpulver (natriumbikarbonat), salt, arom. Kan innehålla spår av NÖTTER.",
    "storage": "",
    "allergens": "Innehåller Mjölk Innehåller Sojabönor Kan innehålla Nötter (eng: tree nuts)",
    "usage": "",
    "nutrition": [
      {
        "Näringsvärde": "Energi (kcal)",
        "100 Gram": "540 kcal"
      },
      {
        "Näringsvärde": "Energi (kJ)",
        "100 Gram": "2240 kJ"
      },
      {
        "Näringsvärde": "Fett",
        "100 Gram": "33 g"
      },
      {
        "Näringsvärde": "Varav mättat fett",
        "100 Gram": "17 g"
      },
      {
        "Näringsvärde": "Kolhydrat",
        "100 Gram": "52 g"
      },
      {
        "Näringsvärde": "Varav sockerarter",
        "100 Gram": "39 g"
      },
      {
        "Näringsvärde": "Protein",
        "100 Gram": "8.1 g"
      },
      {
        "Näringsvärde": "Salt",
        "100 Gram": "0.87 g"
      }
    ],
    "nutritionUnitText": "Näringsvärde per 100 gram",
    "categories": {
      "mainCategory": "Glass, Godis & Snacks",
      "subCategories": [
        {
          "name": "Godis",
          "subSubCategories": [
            "Godispåsar",
            "Chokladpåsar"
          ]
        }
      ]
    }
  },
  {
    "name": "Popcorn Cheddar 80g Estrella",
    "weightText": "0.08 kg",
    "caPart": "",
    "weightValue": 0.08,
    "weightUnit": "kg",
    "comparePrice": "168,75 kr/kg",
    "currentPrice": 13.5,
    "attributes": [],
    "imgUrl": "https://handlaprivatkund.ica.se/images-v3/bf7a00ca-390e-4769-865f-dc369586872e/988bc328-ee93-451a-a594-b11f74461cc3/500x500.jpg",
    "productInformation": "Estrella Färdigpoppade Popcorn Cheddar är det självklara valet för ost- och popcornälskare. Extra fluffiga, färdigpoppade popcorn med härlig sälta kombinerat med fyllig, ostig smak av cheddar. Generöst kryddade biopopcorn som passar filmkväll, fest, parkhäng och alla andra snackstillfällen året runt. Ready to eat och perfekta att dela med kompisen.",
    "countryText": "",
    "companyText": "Estrella",
    "ingrediensText": "Ingredienser: Majskärnor, solros-/rapsolja, kryddblandning (OSTpulver 30% (varav Cheddar 1,5%), KÄRNMJÖLKspulver, salt, VASSLEepulver(från MJÖLK), naturlig arom, socker, syra (askorbinsyra), färgämne (kurkumin)).",
    "storage": "",
    "allergens": "",
    "usage": "",
    "nutrition": [
      {
        "Näringsvärde": "Energi (kcal)",
        "100 Gram": "458 kcal"
      },
      {
        "Näringsvärde": "Energi (kJ)",
        "100 Gram": "1916 kJ"
      },
      {
        "Näringsvärde": "Fett",
        "100 Gram": "21 g"
      },
      {
        "Näringsvärde": "Varav mättat fett",
        "100 Gram": "2.8 g"
      },
      {
        "Näringsvärde": "Kolhydrat",
        "100 Gram": "51 g"
      },
      {
        "Näringsvärde": "Varav sockerarter",
        "100 Gram": "2.4 g"
      },
      {
        "Näringsvärde": "Fiber",
        "100 Gram": "12.1 g"
      },
      {
        "Näringsvärde": "Protein",
        "100 Gram": "11.3 g"
      },
      {
        "Näringsvärde": "Salt",
        "100 Gram": "2 g"
      }
    ],
    "nutritionUnitText": "Näringsvärde per 100 gram",
    "categories": {
      "mainCategory": "Glass, Godis & Snacks",
      "subCategories": [
        {
          "name": "Chips & snacks",
          "subSubCategories": [
            "Popcorn"
          ]
        }
      ]
    }
  },
  {
    "name": "Godis Ferrari Salt hallon 120g Toms",
    "weightText": "0.12 kg",
    "caPart": "",
    "weightValue": 0.12,
    "weightUnit": "kg",
    "comparePrice": "141,25 kr/kg",
    "currentPrice": 16.95,
    "attributes": [],
    "imgUrl": "https://handlaprivatkund.ica.se/images-v3/bf7a00ca-390e-4769-865f-dc369586872e/264c2218-6163-4e1b-9a4f-0c5ad230faf5/500x500.jpg",
    "productInformation": "Små ferraribilar av saltkanderat vingummi med hallonsmak. Utan palmolja. Innehåller endast naturliga färgämnen.",
    "countryText": "",
    "companyText": "Toms",
    "ingrediensText": "Ingredienser: Socker, glukossirap, modifierad majsstärkelse, gelatin, ammoniumklorid 2%, aromämne, surhetsreglerande medel (citronsyra), färgämne (karmin), full härdat vegetabiliskt fett (raps).",
    "storage": "Förvaras torrt och svalt.",
    "allergens": "",
    "usage": "",
    "nutrition": [
      {
        "Näringsvärde": "Energi (kcal)",
        "100 Gram": "355 kcal"
      },
      {
        "Näringsvärde": "Energi (kJ)",
        "100 Gram": "1507 kJ"
      },
      {
        "Näringsvärde": "Fett",
        "100 Gram": "0.5 g"
      },
      {
        "Näringsvärde": "Varav mättat fett",
        "100 Gram": "0.1 g"
      },
      {
        "Näringsvärde": "Kolhydrat",
        "100 Gram": "82 g"
      },
      {
        "Näringsvärde": "Varav sockerarter",
        "100 Gram": "52 g"
      },
      {
        "Näringsvärde": "Protein",
        "100 Gram": "5 g"
      },
      {
        "Näringsvärde": "Salt",
        "100 Gram": "0.01 g"
      }
    ],
    "nutritionUnitText": "Näringsvärde per 100 gram",
    "categories": {
      "mainCategory": "Glass, Godis & Snacks",
      "subCategories": [
        {
          "name": "Godis",
          "subSubCategories": [
            "Godispåsar"
          ]
        }
      ]
    }
  },
  {
    "name": "Choklad Pigall Dubbel 40g Marabou",
    "weightText": "0.04 kg",
    "caPart": "",
    "weightValue": 0.04,
    "weightUnit": "kg",
    "comparePrice": "373,75 kr/kg",
    "currentPrice": 14.95,
    "attributes": [],
    "imgUrl": "https://handlaprivatkund.ica.se/images-v3/bf7a00ca-390e-4769-865f-dc369586872e/e81e93bb-5a8c-44e3-9f31-2f91fda49a3b/500x500.jpg",
    "productInformation": "Klassikern Pigall är en lätt, vispad hasselnötstryffel med ett täcke av len mjölkchoklad. Njut av chokladen på språng eller i en lugn och skön hemmamiljö. Genom Cocoa Life, vårt program för en hållbar kakaoproduktion, bidrar Marabou till att kakao odlas på rätt sätt, för att skydda planeten och respektera mänskliga rättigheter i vår värdekedja. Läs mer om Cocoa Life här www.cocoalife.org.",
    "countryText": "",
    "companyText": "Marabou",
    "ingrediensText": "Ingredienser: Socker, palmolja/palmeolie, kokosolja, MJÖLK-/MÆLKEPULVER, kakaosmör, riscrisp 7% (rismjöl/rismel, socker, glukossirap, salt, maltextrakt från KORN/fra BYG), kakaomassa, HASSELNÖTTER, fettreducerad/fedtfattig kakao, emulgeringsmedel/emulgatorer (SOJALECITIN, solroslecitin/solsikkelecithin, E476), salt, aromer.KAN INNEHÅLLA JORDNÖTTER, ANDRA NÖTTER, ÄGG OCH VETE/JORDNØDDER, ANDRE NØDDER, ÆG OG HVEDE",
    "storage": "",
    "allergens": "",
    "usage": "",
    "nutrition": [
      {
        "Näringsvärde": "Energi (kcal)",
        "100 Gram": "625 kcal"
      },
      {
        "Näringsvärde": "Energi (kJ)",
        "100 Gram": "2600 kJ"
      },
      {
        "Näringsvärde": "Fett",
        "100 Gram": "47.5 g"
      },
      {
        "Näringsvärde": "Varav mättat fett",
        "100 Gram": "36.5 g"
      },
      {
        "Näringsvärde": "Kolhydrat",
        "100 Gram": "44.5 g"
      },
      {
        "Näringsvärde": "Varav sockerarter",
        "100 Gram": "38 g"
      },
      {
        "Näringsvärde": "Fiber",
        "100 Gram": "1.2 g"
      },
      {
        "Näringsvärde": "Protein",
        "100 Gram": "4.4 g"
      },
      {
        "Näringsvärde": "Salt",
        "100 Gram": "0.13 g"
      }
    ],
    "nutritionUnitText": "Näringsvärde per 100 gram",
    "categories": {
      "mainCategory": "Glass, Godis & Snacks",
      "subCategories": [
        {
          "name": "Choklad",
          "subSubCategories": [
            "Chokladstycksaker"
          ]
        }
      ]
    }
  },
  {
    "name": "Kick Original 19g",
    "weightText": "0.019 kg",
    "caPart": "",
    "weightValue": 0.019,
    "weightUnit": "kg",
    "comparePrice": "313,16 kr/kg",
    "currentPrice": 5.95,
    "attributes": [],
    "imgUrl": "https://handlaprivatkund.ica.se/images-v3/bf7a00ca-390e-4769-865f-dc369586872e/f50199ff-dd89-486c-be93-46837403d100/500x500.jpg",
    "productInformation": "Lakritskola med mjuk konsistens som funnits sedan 1954. Passar när du vill ha dig något sött.",
    "countryText": "",
    "companyText": "Malaco",
    "ingrediensText": "glukossirap, sockrad kondenserad SKUMMJÖLK, socker, fullhärdad kokosolja, glukos-fruktossirap, lakritsextrakt, aromer, färgämne (E153).",
    "storage": "",
    "allergens": "Innehåller Mjölk",
    "usage": "",
    "nutrition": [
      {
        "Näringsvärde": "Energi (kcal)",
        "100 Gram": "436 kcal"
      },
      {
        "Näringsvärde": "Energi (kJ)",
        "100 Gram": "1833 kJ"
      },
      {
        "Näringsvärde": "Fett",
        "100 Gram": "15 g"
      },
      {
        "Näringsvärde": "Varav mättat fett",
        "100 Gram": "15 g"
      },
      {
        "Näringsvärde": "Kolhydrat",
        "100 Gram": "72 g"
      },
      {
        "Näringsvärde": "Varav sockerarter",
        "100 Gram": "53 g"
      },
      {
        "Näringsvärde": "Protein",
        "100 Gram": "2.8 g"
      },
      {
        "Näringsvärde": "Salt",
        "100 Gram": "0.11 g"
      }
    ],
    "nutritionUnitText": "Näringsvärde per 100 gram",
    "categories": {
      "mainCategory": "Glass, Godis & Snacks",
      "subCategories": [
        {
          "name": "Godis",
          "subSubCategories": [
            "Lakrits"
          ]
        }
      ]
    }
  },
  {
    "name": "Godispåse Nappar Sura 80g Haribo",
    "weightText": "0.08 kg",
    "caPart": "",
    "weightValue": 0.08,
    "weightUnit": "kg",
    "comparePrice": "143,75 kr/kg",
    "currentPrice": 11.5,
    "attributes": [],
    "imgUrl": "https://handlaprivatkund.ica.se/images-v3/bf7a00ca-390e-4769-865f-dc369586872e/41bc34a6-a173-4a87-98c2-4756487591dd/500x500.jpg",
    "productInformation": "De kända napparna med härligt syrlig smak",
    "countryText": "",
    "companyText": "Haribo",
    "ingrediensText": "Ingredienser: Glukossirap; socker; gelatin; druvsocker; syror: citronsyra, äppelsyra; surhetsreglerande medel: calciumcitrat, natriumvätemalat; frukt- och plantkoncentrat: spirulina, safflor, äpple, citron, rättika, sötpotatis, morot, svarta vinbär, hibiskus; invertsockersirap; arom; ytbehandlingsmedel: karnaubavax.",
    "storage": "Skyddas mot värme och fukt Lägsta förvaringstemperatur 13°C Högsta förvaringstemperatur 25°C",
    "allergens": "",
    "usage": "",
    "nutrition": [
      {
        "Näringsvärde": "Energi (kcal)",
        "100 Gram": "345 kcal"
      },
      {
        "Näringsvärde": "Energi (kJ)",
        "100 Gram": "1463 kJ"
      },
      {
        "Näringsvärde": "Fett",
        "100 Gram": "0 g"
      },
      {
        "Näringsvärde": "Varav mättat fett",
        "100 Gram": "0 g"
      },
      {
        "Näringsvärde": "Kolhydrat",
        "100 Gram": "80 g"
      },
      {
        "Näringsvärde": "Varav sockerarter",
        "100 Gram": "49 g"
      },
      {
        "Näringsvärde": "Protein",
        "100 Gram": "5 g"
      },
      {
        "Näringsvärde": "Salt",
        "100 Gram": "0.01 g"
      }
    ],
    "nutritionUnitText": "Näringsvärde per 100 gram",
    "categories": {
      "mainCategory": "Glass, Godis & Snacks",
      "subCategories": [
        {
          "name": "Godis",
          "subSubCategories": [
            "Godispåsar"
          ]
        }
      ]
    }
  },
  {
    "name": "Gammaldags gräddglass Äkta vanilj 1.75L Triumf Glass",
    "weightText": "1.75 l",
    "caPart": "",
    "weightValue": 1.75,
    "weightUnit": "l",
    "comparePrice": "26,83 kr/l",
    "currentPrice": 46.95,
    "attributes": [
      "Ursprungsland Sverige"
    ],
    "imgUrl": "https://handlaprivatkund.ica.se/images-v3/bf7a00ca-390e-4769-865f-dc369586872e/7d339f02-770d-4011-8d62-9728ddad9997/500x500.jpg",
    "productInformation": "En gammaldags vaniljglass med vaniljsmak. Gjord på färsk svensk grädde. Från Glassfabriken i Sävedalen",
    "countryText": "Sverige",
    "companyText": "Triumf Glass",
    "ingrediensText": "INGREDIENSER: SKUMMJÖLK, GRÄDDE 23%, socker, vasslepulver (av MJÖLK), glukos-fruktossirap, vegetabiliskt emulgeringsmedel (mono- och diglycerider av fettsyror), stabiliseringsmedel (fruktkärnmjöl, guarkärnmjöl, karragenan), mald vaniljstång, vaniljarom.",
    "storage": "Lägsta förvaringstemperatur -35°C Högsta förvaringstemperatur -18°C",
    "allergens": "Innehåller Mjölk",
    "usage": "",
    "nutrition": [
      {
        "Näringsvärde": "Energi (kcal)",
        "100 Gram": "180 kcal"
      },
      {
        "Näringsvärde": "Energi (kJ)",
        "100 Gram": "800 kJ"
      },
      {
        "Näringsvärde": "Fett",
        "100 Gram": "9.8 g"
      },
      {
        "Näringsvärde": "Varav mättat fett",
        "100 Gram": "6.5 g"
      },
      {
        "Näringsvärde": "Kolhydrat",
        "100 Gram": "22 g"
      },
      {
        "Näringsvärde": "Varav sockerarter",
        "100 Gram": "22 g"
      },
      {
        "Näringsvärde": "Protein",
        "100 Gram": "3.1 g"
      },
      {
        "Näringsvärde": "Salt",
        "100 Gram": "0.19 g"
      }
    ],
    "nutritionUnitText": "Näringsvärde per 100 gram",
    "categories": {
      "mainCategory": "Glass, Godis & Snacks",
      "subCategories": [
        {
          "name": "Glass",
          "subSubCategories": [
            "Stora Glasspaket"
          ]
        }
      ]
    }
  },
  {
    "name": "Glasstrut Jordgubb 8-p 120ml ICA Basic",
    "weightText": "",
    "caPart": "",
    "weightValue": 0,
    "weightUnit": "",
    "comparePrice": "8 per frp 4,19 kr/st",
    "currentPrice": 33.5,
    "attributes": [
      "Rainforest Alliance certifierad"
    ],
    "imgUrl": "https://handlaprivatkund.ica.se/images-v3/bf7a00ca-390e-4769-865f-dc369586872e/79e7e32c-a6cb-4935-b261-94511d994841/500x500.jpg",
    "productInformation": "Glasstrutar fyllda med glass med vanilj- och jordgubbssmak. Passar bra till kalaset eller att äta utomhus en ledig dag i solen!",
    "countryText": "",
    "companyText": "ICA Basic",
    "ingrediensText": "Glass 69% (vatten, vassleproteinkoncentrat (från MJÖLK, SKUMMJÖLK*, glukos-fruktossirap, kokosolja, socker, emulgeringsmedel (E471), stabiliseringsmedel (E410, E412), färgämne (E160a, E162), aromer), rån 20% (VETEMJÖL, socker, kokosolja, emulgeringsmedel (E322), chokladsmakande överdrag 6% (kokosolja, socker, fettreducerat kakaopulver**, emulgeringsmedel (E322), jordgubbssås 5% (jordgubbar 40%, socker, vatten, glukos-fruktos-sirap, koncentrat (svart morot, körsbär, safflor), surhetsreglerande medel (E330, E331), stabiliseringsmedel (E440), arom). Kan innehålla spår av mandel, hasselnöt, valnötter, pekannötter, pistaschnötter och makadamianötter. Produkten innehåller totalt 2% jordgubbar. *Ursprung EU. **Rainforest Alliance-certifierad.",
    "storage": "Lägsta förvaringstemperatur -30°C Högsta förvaringstemperatur -18°C",
    "allergens": "Innehåller Mjölk Kan innehålla Nötter (eng: tree nuts) Innehåller Spannmål som innehåller gluten",
    "usage": "",
    "nutrition": [
      {
        "Näringsvärde": "Energi (kcal)",
        "100 Gram": "257 kcal"
      },
      {
        "Näringsvärde": "Energi (kJ)",
        "100 Gram": "1079 kJ"
      },
      {
        "Näringsvärde": "Fett",
        "100 Gram": "10 g"
      },
      {
        "Näringsvärde": "Varav mättat fett",
        "100 Gram": "8.5 g"
      },
      {
        "Näringsvärde": "Kolhydrat",
        "100 Gram": "38 g"
      },
      {
        "Näringsvärde": "Varav sockerarter",
        "100 Gram": "26 g"
      },
      {
        "Näringsvärde": "Protein",
        "100 Gram": "3.4 g"
      },
      {
        "Näringsvärde": "Salt",
        "100 Gram": "0.15 g"
      }
    ],
    "nutritionUnitText": "Näringsvärde per 100 gram",
    "categories": {
      "mainCategory": "Glass, Godis & Snacks",
      "subCategories": [
        {
          "name": "Glass",
          "subSubCategories": [
            "Strutglass"
          ]
        }
      ]
    }
  },
  {
    "name": "Chips Cream Cheese & Onion 275g Estrella",
    "weightText": "0.275 kg",
    "caPart": "",
    "weightValue": 0.275,
    "weightUnit": "kg",
    "comparePrice": "114,55 kr/kg",
    "currentPrice": 31.5,
    "attributes": [],
    "imgUrl": "https://handlaprivatkund.ica.se/images-v3/bf7a00ca-390e-4769-865f-dc369586872e/bb55348e-c1c7-483b-b400-54f113c07787/500x500.jpg",
    "productInformation": "",
    "countryText": "",
    "companyText": "Estrella",
    "ingrediensText": "Potatis, solros- och rapsolja i varierande proportion, kryddblandning (lökpulver, salt, socker, VASSLEpulver (MJÖLK), jästextrakt, GRÄDDpulver, OSTpulver, naturliga aromer (MJÖLK), syror (citron-, askorbinsyra)).",
    "storage": "",
    "allergens": "",
    "usage": "",
    "nutrition": [
      {
        "Näringsvärde": "Energi (kcal)",
        "100 Gram": "518 kcal"
      },
      {
        "Näringsvärde": "Energi (kJ)",
        "100 Gram": "2157 kJ"
      },
      {
        "Näringsvärde": "Fett",
        "100 Gram": "33 g"
      },
      {
        "Näringsvärde": "Varav mättat fett",
        "100 Gram": "2.7 g"
      },
      {
        "Näringsvärde": "Kolhydrat",
        "100 Gram": "46 g"
      },
      {
        "Näringsvärde": "Varav sockerarter",
        "100 Gram": "1.95 g"
      },
      {
        "Näringsvärde": "Fiber",
        "100 Gram": "5.4 g"
      },
      {
        "Näringsvärde": "Protein",
        "100 Gram": "5.9 g"
      },
      {
        "Näringsvärde": "Salt",
        "100 Gram": "1.4 g"
      }
    ],
    "nutritionUnitText": "Näringsvärde per 100 gram",
    "categories": {
      "mainCategory": "Glass, Godis & Snacks",
      "subCategories": [
        {
          "name": "Chips & snacks",
          "subSubCategories": [
            "Chips"
          ]
        }
      ]
    }
  },
  {
    "name": "Gräddglass Kola & Havssalt 500ml Sia Glass",
    "weightText": "0.5 l",
    "caPart": "",
    "weightValue": 0.5,
    "weightUnit": "l",
    "comparePrice": "33,90 kr/l",
    "currentPrice": 16.95,
    "attributes": [
      "Ursprungsland Sverige"
    ],
    "imgUrl": "https://handlaprivatkund.ica.se/images-v3/bf7a00ca-390e-4769-865f-dc369586872e/43469168-c427-4c76-bfba-df9337297b60/500x500.jpg",
    "productInformation": "Svensk krämig gräddglass med kolasmak, havssalt och kolasås.SIA Glass är ett familjeföretag med hjärtat i halländska Slöinge. Det är med kärlek för hantverket och omtanke om djur och natur som vi tillverkar all vår gräddglass i Sverige. Alltid gjord på svensk färsk grädde.",
    "countryText": "Sverige",
    "companyText": "SIA Glass",
    "ingrediensText": "Ingredienser: SKUMMJÖLK, GRÄDDE (21%)*, glukossirap, socker, druvsocker, kondenserad MJÖLK, SMÖR, farinsocker, glukos-fruktossirap, arom, färgämne (sockerkulör E150b, betakaroten), emulgeringsmedel (mono- och diglycerider av veg fettsyror), stabiliseringsmedel (fruktkärnmjöl, guarkärnmjöl, pektin), havssalt, salt.*Grädde med 40% fetthalt.",
    "storage": "Lägsta förvaringstemperatur -25°C Högsta förvaringstemperatur -18°C",
    "allergens": "Innehåller Mjölk",
    "usage": "",
    "nutrition": [
      {
        "Näringsvärde": "Energi (kcal)",
        "100 Gram": "220 kcal"
      },
      {
        "Näringsvärde": "Energi (kJ)",
        "100 Gram": "950 kJ"
      },
      {
        "Näringsvärde": "Fett",
        "100 Gram": "9.5 g"
      },
      {
        "Näringsvärde": "Varav mättat fett",
        "100 Gram": "6.2 g"
      },
      {
        "Näringsvärde": "Kolhydrat",
        "100 Gram": "30 g"
      },
      {
        "Näringsvärde": "Varav sockerarter",
        "100 Gram": "27 g"
      },
      {
        "Näringsvärde": "Fiber",
        "100 Gram": "0.5 g"
      },
      {
        "Näringsvärde": "Protein",
        "100 Gram": "3.8 g"
      },
      {
        "Näringsvärde": "Salt",
        "100 Gram": "0.3 g"
      },
      {
        "Näringsvärde": "Vitamin B12",
        "100 Gram": "0 µg"
      },
      {
        "Näringsvärde": "Vitamin D",
        "100 Gram": "0 µg"
      },
      {
        "Näringsvärde": "Folsyra",
        "100 Gram": "0 µg"
      },
      {
        "Näringsvärde": "Selen",
        "100 Gram": "0 µg"
      }
    ],
    "nutritionUnitText": "Näringsvärde per 100 gram",
    "categories": {
      "mainCategory": "Glass, Godis & Snacks",
      "subCategories": [
        {
          "name": "Glass",
          "subSubCategories": [
            "Små Glasspaket"
          ]
        }
      ]
    }
  },
  {
    "name": "Glasstrut Vanilj Choklad 8-p 120ml ICA Basic",
    "weightText": "",
    "caPart": "",
    "weightValue": 0,
    "weightUnit": "",
    "comparePrice": "8 per frp 4,19 kr/st",
    "currentPrice": 33.5,
    "attributes": [
      "Rainforest Alliance certifierad"
    ],
    "imgUrl": "https://handlaprivatkund.ica.se/images-v3/bf7a00ca-390e-4769-865f-dc369586872e/eb93e138-69ce-44b9-a3b5-b3a0ff46550f/500x500.jpg",
    "productInformation": "Glasstrutar fyllda med glass med vaniljsmak. Passar bra till kalaset eller att äta utomhus en ledig dag i solen!",
    "countryText": "",
    "companyText": "ICA Basic",
    "ingrediensText": "Glass 69% (vatten, vassleproteinkoncentrat (från MJÖLK*), SKUMMJÖLK*, glukos-fruktossirap, kokosolja, socker, emulgeringsmedel (E471), stabiliseringsmedel (E410, E412), färgämne (E160a), arom), rån 20% (VETEMJÖL, socker, kokosfett, emulgeringsmedel (E322), topping med smak av choklad 10% (kokosfett, socker, fettreducerat kakaopulver**, emulgeringsmedel (E322), rostade och sockrade hasselnötter 1% (socker, HASSELNÖTTER)). Kan innehålla spår av mandel, valnötter, pekannötter, pistaschnötter och makadamianötter. *Ursprung EU. **Rainforest Alliance-certifierad.",
    "storage": "Förvaras i frysutrymme (-18°C eller kallare) till angivet bäst före utgången av datum. Bör ej frysas efter upptining. Lägsta förvaringstemperatur -30°C Högsta förvaringstemperatur -18°C",
    "allergens": "Innehåller Nötter (eng: tree nuts) Innehåller Spannmål som innehåller gluten Innehåller Mjölk",
    "usage": "",
    "nutrition": [
      {
        "Näringsvärde": "Energi (kcal)",
        "100 Gram": "276 kcal"
      },
      {
        "Näringsvärde": "Energi (kJ)",
        "100 Gram": "1156 kJ"
      },
      {
        "Näringsvärde": "Fett",
        "100 Gram": "12 g"
      },
      {
        "Näringsvärde": "Varav mättat fett",
        "100 Gram": "10 g"
      },
      {
        "Näringsvärde": "Kolhydrat",
        "100 Gram": "38 g"
      },
      {
        "Näringsvärde": "Varav sockerarter",
        "100 Gram": "26 g"
      },
      {
        "Näringsvärde": "Protein",
        "100 Gram": "3.5 g"
      },
      {
        "Näringsvärde": "Salt",
        "100 Gram": "0.15 g"
      }
    ],
    "nutritionUnitText": "Näringsvärde per 100 gram",
    "categories": {
      "mainCategory": "Glass, Godis & Snacks",
      "subCategories": [
        {
          "name": "Glass",
          "subSubCategories": [
            "Strutglass"
          ]
        }
      ]
    }
  },
  {
    "name": "Chokladkaka Mintkrokant 160g Marabou",
    "weightText": "0.16 kg",
    "caPart": "",
    "weightValue": 0.16,
    "weightUnit": "kg",
    "comparePrice": "193,44 kr/kg",
    "currentPrice": 30.95,
    "attributes": [],
    "imgUrl": "https://handlaprivatkund.ica.se/images-v3/bf7a00ca-390e-4769-865f-dc369586872e/198ee01e-bfcf-4696-8b1e-0d83c843150f/500x500.jpg",
    "productInformation": "Marabou Mintkrokant är en Marabou Mjölkchokladkaka med krispiga bitar av mandelkrokant och mint som passar för alla tillfällen. Genom Cocoa Life, vårt program för en hållbar kakaoproduktion, bidrar Marabou till att kakao odlas på rätt sätt, för att skydda planeten och respektera mänskliga rättigheter i vår värdekedja. Läs mer om Cocoa Life här www.cocoalife.org.",
    "countryText": "",
    "companyText": "Marabou",
    "ingrediensText": "Ingredienser: Socker, kakaosmör, kakaomassa, vasslepulver (MJÖLK), palmolja, SKUMMJÖLKSPULVER, SMÖRFETT, vassleprodukt (MJÖLK), MANDEL, sockrad kondenserad SKUMMJÖLK, emulgeringsmedel (SOJALECITINER), salt, aromer. Minst 30% kakao. KAN INNEHÅLLA ANDRA NÖTTER OCH VETE.",
    "storage": "",
    "allergens": "",
    "usage": "",
    "nutrition": [
      {
        "Näringsvärde": "Energi (kcal)",
        "100 Gram": "544 kcal"
      },
      {
        "Näringsvärde": "Energi (kJ)",
        "100 Gram": "2270 kJ"
      },
      {
        "Näringsvärde": "Fett",
        "100 Gram": "32 g"
      },
      {
        "Näringsvärde": "Varav mättat fett",
        "100 Gram": "18 g"
      },
      {
        "Näringsvärde": "Kolhydrat",
        "100 Gram": "60 g"
      },
      {
        "Näringsvärde": "Varav sockerarter",
        "100 Gram": "59 g"
      },
      {
        "Näringsvärde": "Fiber",
        "100 Gram": "1.6 g"
      },
      {
        "Näringsvärde": "Protein",
        "100 Gram": "3.9 g"
      },
      {
        "Näringsvärde": "Salt",
        "100 Gram": "0.46 g"
      }
    ],
    "nutritionUnitText": "Näringsvärde per 100 gram",
    "categories": {
      "mainCategory": "Glass, Godis & Snacks",
      "subCategories": [
        {
          "name": "Choklad",
          "subSubCategories": [
            "Chokladkakor"
          ]
        }
      ]
    }
  },
  {
    "name": "Dipmix Ranch 24g Estrella",
    "weightText": "0.024 kg",
    "caPart": "",
    "weightValue": 0.024,
    "weightUnit": "kg",
    "comparePrice": "497,92 kr/kg",
    "currentPrice": 11.95,
    "attributes": [],
    "imgUrl": "https://handlaprivatkund.ica.se/images-v3/bf7a00ca-390e-4769-865f-dc369586872e/47074249-8065-49b2-b75a-a9d54cb9985b/500x500.jpg",
    "productInformation": "Estrella Dippmix Ranch är en fyllig dipp med mild smak av tomat, lök, ost, paprika och vitlök. En färdig kryddblandning som gör grönsaker till godsaker! Blanda med gräddfil och dippa fint skurna grönsakstavar, dina favoritchips eller servera som kall sås till grillat eller sallad. Ett enkelt sätt att krydda till vardagen, helgen med vilket krispigt tillfälle som helst.",
    "countryText": "",
    "companyText": "Estrella",
    "ingrediensText": "Maltodextrin, salt, glutenfri KORNstärkelse, socker, VASSLEPULVER (från MJÖLK), tomatpulver, druvsocker, MJÖLKPULVER, lökpulver, OSTPULVER, vitlökspulver, jästextrakt, paprikapulver, persilja, arom, syra (mjölksyra), paprikaextrakt.",
    "storage": "",
    "allergens": "Innehåller Mjölk",
    "usage": "",
    "nutrition": [
      {
        "Näringsvärde": "Energi (kcal)",
        "100 Gram": "325 kcal"
      },
      {
        "Näringsvärde": "Energi (kJ)",
        "100 Gram": "1360 kJ"
      },
      {
        "Näringsvärde": "Fett",
        "100 Gram": "2.9 g"
      },
      {
        "Näringsvärde": "Varav mättat fett",
        "100 Gram": "1.3 g"
      },
      {
        "Näringsvärde": "Kolhydrat",
        "100 Gram": "65 g"
      },
      {
        "Näringsvärde": "Varav sockerarter",
        "100 Gram": "32 g"
      },
      {
        "Näringsvärde": "Protein",
        "100 Gram": "7.3 g"
      },
      {
        "Näringsvärde": "Salt",
        "100 Gram": "15.7 g"
      }
    ],
    "nutritionUnitText": "Näringsvärde per 100 gram",
    "categories": {
      "mainCategory": "Glass, Godis & Snacks",
      "subCategories": [
        {
          "name": "Chips & snacks",
          "subSubCategories": [
            "Dipp"
          ]
        }
      ]
    }
  },
  {
    "name": "Ostbågar Cheddar Extra Stora 210g Estrella",
    "weightText": "0.21 kg",
    "caPart": "",
    "weightValue": 0.21,
    "weightUnit": "kg",
    "comparePrice": "159,52 kr/kg",
    "currentPrice": 33.5,
    "attributes": [],
    "imgUrl": "https://handlaprivatkund.ica.se/images-v3/bf7a00ca-390e-4769-865f-dc369586872e/5a752b29-d542-43e9-b46a-4f4795643bdf/500x500.jpg",
    "productInformation": "",
    "countryText": "",
    "companyText": "Estrella",
    "ingrediensText": "Majsmjöl, solros- och rapsolja i varierande proportion, OSTpulver (12% varav Cheddar (30%), Danbo, Emmentaler och andra hårdOSTAR),KÄRNMJÖLKspulver, salt, färgämne (paprikaextrakt). Kan innehålla spår av JORDNÖTTER och GLUTEN.",
    "storage": "",
    "allergens": "",
    "usage": "",
    "nutrition": [
      {
        "Näringsvärde": "Energi (kcal)",
        "100 Gram": "509 kcal"
      },
      {
        "Näringsvärde": "Energi (kJ)",
        "100 Gram": "2120 kJ"
      },
      {
        "Näringsvärde": "Fett",
        "100 Gram": "32 g"
      },
      {
        "Näringsvärde": "Varav mättat fett",
        "100 Gram": "5.8 g"
      },
      {
        "Näringsvärde": "Kolhydrat",
        "100 Gram": "42 g"
      },
      {
        "Näringsvärde": "Varav sockerarter",
        "100 Gram": "2.8 g"
      },
      {
        "Näringsvärde": "Fiber",
        "100 Gram": "2.2 g"
      },
      {
        "Näringsvärde": "Protein",
        "100 Gram": "11 g"
      },
      {
        "Näringsvärde": "Salt",
        "100 Gram": "2 g"
      }
    ],
    "nutritionUnitText": "Näringsvärde per 100 gram",
    "categories": {
      "mainCategory": "Glass, Godis & Snacks",
      "subCategories": [
        {
          "name": "Chips & snacks",
          "subSubCategories": [
            "Ostbågar"
          ]
        }
      ]
    }
  },
  {
    "name": "Potatischips Parmesan 150g Gårdschips",
    "weightText": "0.15 kg",
    "caPart": "",
    "weightValue": 0.15,
    "weightUnit": "kg",
    "comparePrice": "190,00 kr/kg",
    "currentPrice": 28.5,
    "attributes": [],
    "imgUrl": "https://handlaprivatkund.ica.se/images-v3/bf7a00ca-390e-4769-865f-dc369586872e/06285f7d-7c11-4f61-a367-e1dd581fc51d/500x500.jpg",
    "productInformation": "",
    "countryText": "",
    "companyText": "Gårdschips",
    "ingrediensText": "67,5 % potatis, 26,5 % rapsolja, 6 % kryddblandning: Salt, VASSLEPULVER (FRÅN MJÖLK), druvsocker (majs), OSTPULVER (gjort från parmigiano reggiano), MJÖLKPROTEIN, potatisstärkelse, jästextrakt, socker, arom, surhetsreglerande medel mjölksyra.",
    "storage": "",
    "allergens": "Innehåller Mjölk",
    "usage": "",
    "nutrition": [
      {
        "Näringsvärde": "Energi (kcal)",
        "100 Gram": "500 kcal"
      },
      {
        "Näringsvärde": "Energi (kJ)",
        "100 Gram": "2093 kJ"
      },
      {
        "Näringsvärde": "Fett",
        "100 Gram": "29.7 g"
      },
      {
        "Näringsvärde": "Varav mättat fett",
        "100 Gram": "2 g"
      },
      {
        "Näringsvärde": "Kolhydrat",
        "100 Gram": "47.3 g"
      },
      {
        "Näringsvärde": "Varav sockerarter",
        "100 Gram": "2.9 g"
      },
      {
        "Näringsvärde": "Fiber",
        "100 Gram": "5.9 g"
      },
      {
        "Näringsvärde": "Protein",
        "100 Gram": "8.6 g"
      },
      {
        "Näringsvärde": "Salt",
        "100 Gram": "1.3 g"
      }
    ],
    "nutritionUnitText": "Näringsvärde per 100 gram",
    "categories": {
      "mainCategory": "Glass, Godis & Snacks",
      "subCategories": [
        {
          "name": "Chips & snacks",
          "subSubCategories": [
            "Chips"
          ]
        }
      ]
    }
  },
  {
    "name": "Chilinötter 500g ICA Basic",
    "weightText": "0.5 kg",
    "caPart": "",
    "weightValue": 0.5,
    "weightUnit": "kg",
    "comparePrice": "61,90 kr/kg",
    "currentPrice": 30.95,
    "attributes": [],
    "imgUrl": "https://handlaprivatkund.ica.se/images-v3/bf7a00ca-390e-4769-865f-dc369586872e/958efe02-2bc6-49b0-b6e8-a7e77ba4c69d/500x500.jpg",
    "productInformation": "Jordnötter hett kryddade med röd paprika, cayennepeppar, spiskummin och oregano. Passar till kalla drycker eller som aptitretare innan maten.",
    "countryText": "",
    "companyText": "ICA Basic",
    "ingrediensText": "Ingredienser: JORDNÖTTER* 50%, potatisstärkelse, solrosolja, florsocker, salt, kryddor (vitlökspulver, cayennepeppar, chilipeppar, kummin, gurkmeja, svartpeppar, koriander, jalapeño, bockhornsklöver, fänkålsfrön), socker, VETEMJÖL, VETESTÄRKELSE, lökpulver, färgämne (paprikaextrakt, E100), majsstärkelse, hydrolyserat SOJAPROTEIN, hydrolyserat majsprotein, basilika, maltodextrin, surhetsreglerande medel (E330), kryddextrakt (svartpeppar, chili), dextros. Kan innehålla spår av mandel, paranöt, cashewnöt, hasselnöt, makadamianöt, pekannöt, pistaschnöt, valnöt. *Odlade i: Icke EU.",
    "storage": "Förvaring: Torrt, skyddat mot starkt ljus och ej över normal rumstemperatur.",
    "allergens": "",
    "usage": "Observera: Tänk på att små barn kan sätta nötter i halsen.",
    "nutrition": [
      {
        "Näringsvärde": "Energi (kcal)",
        "100 Gram": "514 kcal"
      },
      {
        "Näringsvärde": "Energi (kJ)",
        "100 Gram": "2146 kJ"
      },
      {
        "Näringsvärde": "Fett",
        "100 Gram": "30 g"
      },
      {
        "Näringsvärde": "Varav mättat fett",
        "100 Gram": "4.1 g"
      },
      {
        "Näringsvärde": "Kolhydrat",
        "100 Gram": "44 g"
      },
      {
        "Näringsvärde": "Varav sockerarter",
        "100 Gram": "9.6 g"
      },
      {
        "Näringsvärde": "Protein",
        "100 Gram": "14 g"
      },
      {
        "Näringsvärde": "Salt",
        "100 Gram": "1.6 g"
      }
    ],
    "nutritionUnitText": "Näringsvärde per 100 gram",
    "categories": {
      "mainCategory": "Glass, Godis & Snacks",
      "subCategories": [
        {
          "name": "Chips & snacks",
          "subSubCategories": [
            "Salta nötter",
            "Chilinötter & Wasabinötter"
          ]
        }
      ]
    }
  },
  {
    "name": "Chips Nacho cheese 170g Doritos",
    "weightText": "0.17 kg",
    "caPart": "",
    "weightValue": 0.17,
    "weightUnit": "kg",
    "comparePrice": "185,29 kr/kg",
    "currentPrice": 31.5,
    "attributes": [],
    "imgUrl": "https://handlaprivatkund.ica.se/images-v3/bf7a00ca-390e-4769-865f-dc369586872e/341a9426-7ffe-4b54-9e39-04e6aacd9b06/500x500.jpg",
    "productInformation": "",
    "countryText": "",
    "companyText": "Doritos",
    "ingrediensText": "Majs (72%), rapsolie, ostesmag [vallepulver/mysepulver/vasselpulver (fra/från MÆLK/MELK/MJÖLK), aroma/arom (fra/från MÆLK/MELK/MJÖLK), salt, KÆRNEMÆLKS-/KÄRNMJÖLKS-/KJERNEMELKSPULVER, ostepulver (fra MÆLK/MELK/MJÖLK), tomatpulver. løg-/lökpulver, kaliumklorid, sukker/socker, hvidløg-/vitlökspulver, surhedsregulerande midler (citronsyre, mælkesyre/melksyre/mjölksyra), farvestoffer/ färgämnen (annatto extrakt bixin, karamel/sockerkulör), MÆLKE-/MJÖLK-/MELKEPROTEINER, krydderi/ kryddor, SKUMMETMÆLKS-/SKUMMJÖLK-/SKUMMETMELKSPULVER, smagsforstærker/smakförstärkar /dinatrium-5'-ribonukleotider)], antioksidanter (ascorbinsyre, ekstrakter af rosmarin, tocopherolrig ekstrakt, citronsyre). PRODUKTET KAN INDEHOLDE/INNEHÅLLA SOJA OG HVEDE/HVETE/VETE (GLUTEN).",
    "storage": "",
    "allergens": "",
    "usage": "",
    "nutrition": [
      {
        "Näringsvärde": "Energi (kcal)",
        "100 Gram": "478 kcal"
      },
      {
        "Näringsvärde": "Energi (kJ)",
        "100 Gram": "2003 kJ"
      },
      {
        "Näringsvärde": "Fett",
        "100 Gram": "22 g"
      },
      {
        "Näringsvärde": "Varav mättat fett",
        "100 Gram": "2.2 g"
      },
      {
        "Näringsvärde": "Kolhydrat",
        "100 Gram": "58 g"
      },
      {
        "Näringsvärde": "Varav sockerarter",
        "100 Gram": "2.7 g"
      },
      {
        "Näringsvärde": "Fiber",
        "100 Gram": "5.5 g"
      },
      {
        "Näringsvärde": "Protein",
        "100 Gram": "6.8 g"
      },
      {
        "Näringsvärde": "Salt",
        "100 Gram": "0.89 g"
      }
    ],
    "nutritionUnitText": "Näringsvärde per 100 gram",
    "categories": {
      "mainCategory": "Glass, Godis & Snacks",
      "subCategories": [
        {
          "name": "Chips & snacks",
          "subSubCategories": [
            "Chips"
          ]
        }
      ]
    }
  },
  {
    "name": "Pinjenötter 70g ICA Gott liv",
    "weightText": "0.07 kg",
    "caPart": "",
    "weightValue": 0.07,
    "weightUnit": "kg",
    "comparePrice": "570,71 kr/kg",
    "currentPrice": 39.95,
    "attributes": [],
    "imgUrl": "https://handlaprivatkund.ica.se/images-v3/bf7a00ca-390e-4769-865f-dc369586872e/1aec3492-0f79-463e-b796-75185a0a1550/500x500.jpg",
    "productInformation": "Pinjenötter passar att torrosta i stekpanna och strö över salladen. Prova också att blanda nötterna i den hemmagjorda müslin!",
    "countryText": "",
    "companyText": "ICA Gott Liv",
    "ingrediensText": "PINJENÖTTER*. Kan innehålla spår av jordnötter, mandel, paranötter, cashewnötter, hasselnötter, makadamianötter, pekannötter, pistagenötter och valnötter. *Odlade i Kina.",
    "storage": "Förvaras torrt och svalt. Förslut öppnad påse väl.",
    "allergens": "",
    "usage": "Tänk på att små barn kan sätta nötter i halsen.",
    "nutrition": [
      {
        "Näringsvärde": "Energi (kcal)",
        "100 Gram": "697 kcal"
      },
      {
        "Näringsvärde": "Energi (kJ)",
        "100 Gram": "2918 kJ"
      },
      {
        "Näringsvärde": "Fett",
        "100 Gram": "66 g"
      },
      {
        "Näringsvärde": "Varav mättat fett",
        "100 Gram": "3.9 g"
      },
      {
        "Näringsvärde": "Kolhydrat",
        "100 Gram": "8.9 g"
      },
      {
        "Näringsvärde": "Varav sockerarter",
        "100 Gram": "4.9 g"
      },
      {
        "Näringsvärde": "Fiber",
        "100 Gram": "5.5 g"
      },
      {
        "Näringsvärde": "Protein",
        "100 Gram": "14 g"
      },
      {
        "Näringsvärde": "Salt",
        "100 Gram": "0 g"
      },
      {
        "Näringsvärde": "Fosfor",
        "100 Gram": "490 mg",
        "% av DRI(*)": "70"
      },
      {
        "Näringsvärde": "Järn",
        "100 Gram": "6.7 mg",
        "% av DRI(*)": "48"
      },
      {
        "Näringsvärde": "Magnesium",
        "100 Gram": "205 mg",
        "% av DRI(*)": "54"
      },
      {
        "Näringsvärde": "Zink",
        "100 Gram": "8.5 mg",
        "% av DRI(*)": "85"
      }
    ],
    "nutritionUnitText": "Näringsvärde per 100 gram",
    "categories": {
      "mainCategory": "Glass, Godis & Snacks",
      "subCategories": [
        {
          "name": "Naturgodis, Nötter & Bars",
          "subSubCategories": [
            "Naturella nötter",
            "Pinjenötter"
          ]
        }
      ]
    }
  },
  {
    "name": "Chips Original 165g Pringles",
    "weightText": "0.165 kg",
    "caPart": "",
    "weightValue": 0.165,
    "weightUnit": "kg",
    "comparePrice": "227,27 kr/kg",
    "currentPrice": 37.5,
    "attributes": [],
    "imgUrl": "https://handlaprivatkund.ica.se/images-v3/bf7a00ca-390e-4769-865f-dc369586872e/ba783bc0-e2be-4357-94d0-6af511711446/500x500.jpg",
    "productInformation": "Information från leverantör \n En klassisk smak på klassiska chips – Pringles Original-chips kommer garanterat att stilla även de mest intensiva begär. De här ljuvliga chipsen är perfekta för alla typer av fester eller som ett snabbt snacks under eftermiddagen eller framför tv:n på kvällen. Tack vare vår klassiska återförslutningsbara förpackning är Pringles Original-chips alltid fräscha – oavsett när du väljer att äta dem. Pop, Play, Eat med Pringles Original-chips.",
    "countryText": "",
    "companyText": "Pringles",
    "ingrediensText": "Vakuumtorkad potatis / Tørrede kartofler / Tørkede poteter, vegetabiliska oljor / vegetabilske olier / vegetabilske oljer (solros / solsikke, palm / palme, mais / majs) i varierande proportion / i variabelt mængdeforhold / i varierende proporsjoner, VETEMJÖL / HVEDEMEL / HVETEMEL, majsmjöl / majsmel, rismjöl / rismel, maltodextrin, emulgeri portion / i variabelt mængdeforhold / i varierende proporsjoner, vetemjöl / hvedemel / hvetemel, majsmjöl / majsmel, rismjöl / rismel, maltodextrin, emulgeringsmedel / emulgator (E471), salt, färgämne / farve / farge (annattoextrakt / annattoekstrakter / - norbixin). Kan innehålla / Kan indeholde / Kan inneholde soja / soya.",
    "storage": "",
    "allergens": "",
    "usage": "",
    "nutrition": [
      {
        "Näringsvärde": "Energi (kcal)",
        "100 Gram": "534 kcal"
      },
      {
        "Näringsvärde": "Energi (kJ)",
        "100 Gram": "2227 kJ"
      },
      {
        "Näringsvärde": "Fett",
        "100 Gram": "31 g"
      },
      {
        "Näringsvärde": "Varav mättat fett",
        "100 Gram": "6.6 g"
      },
      {
        "Näringsvärde": "Kolhydrat",
        "100 Gram": "56 g"
      },
      {
        "Näringsvärde": "Varav sockerarter",
        "100 Gram": "1.4 g"
      },
      {
        "Näringsvärde": "Fiber",
        "100 Gram": "3.5 g"
      },
      {
        "Näringsvärde": "Protein",
        "100 Gram": "5.9 g"
      },
      {
        "Näringsvärde": "Salt",
        "100 Gram": "1.1 g"
      }
    ],
    "nutritionUnitText": "Näringsvärde per 100 gram",
    "categories": {
      "mainCategory": "Glass, Godis & Snacks",
      "subCategories": [
        {
          "name": "Chips & snacks",
          "subSubCategories": [
            "Chips"
          ]
        }
      ]
    }
  },
  {
    "name": "Glass Sandwich original 6-p GB Glace",
    "weightText": "",
    "caPart": "",
    "weightValue": 0,
    "weightUnit": "",
    "comparePrice": "6 per frp 9,16 kr/st",
    "currentPrice": 54.95,
    "attributes": [
      "Rainforest Alliance certifierad"
    ],
    "imgUrl": "https://handlaprivatkund.ica.se/images-v3/bf7a00ca-390e-4769-865f-dc369586872e/381ba642-d30f-476e-bf97-cfc17e4fb279/500x500.jpg",
    "productInformation": "GB Glace Glass Sandwich Original kan du alltid lita på. Det är en riktig klassiker och en av våra mest älskade glassar. Tiderna förändras, men inte den rena vaniljglassen mellan de underbart goda chokladkexen. GB Glace Sandwich Original är en lika god som enkel glass – det perfekta mellanmålet, nu som då. GB Glace Sandwich Flerpack innehåller 6 stycken sandwich-glassar som räcker för att bjuda kompisarna också. För en god glass är aldrig fel och passar alla tillfällen, så njut av riktig glassglädje! Förvara glassen vid -18°C eller kallare. GB Glace – Glassglädje och Gemenskap sedan 1942. Våra grundare hade visionen att sprida glädje genom härlig och välsmakande glass vars magi för oss samman och smälter bort hindren mellan människor. Vi vill göra folk glada. Varje dag. Vårt mål är att erbjuda god glass av bra kvalitet till dig samtidigt som vi vill att våra produkter ska överträffa dina förväntningar varje gång. Glassfabriken och vårt hjärta finns i Flen och där producerar vi varje år både omtyckta klassiker såväl som nyheter med omsorgsfullt utvalda ingredienser och omtanke om miljön. Vi vill se till att det finns en glass för alla och hoppas att du kan hitta mer än en favorit bland de glassar som vi erbjuder!",
    "countryText": "",
    "companyText": "GB Glace",
    "ingrediensText": "Ingredienser: SKUMMJÖLK, VETEMJÖL, socker, kokosfett, glukos-fruktossirap, SKUMMJÖLKSPULVER eller koncentrat, fettreducerat kakaopulver (1%), vasslepulver (MJÖLK), salt, stabiliseringsmedel (guarkärnmjöl, fruktkärnmjöl, karragenan, taragummi), emulgeringsmedel (mono- och diglycerider av vegetabiliska fettsyror), naturlig vaniljarom¹, bakpulver (ammoniumbikarbonat, natriumbikarbonat). Kan innehålla ägg, soja, mandlar, hasselnötter och senap. ¹Rainforest Alliance-certifierad. ra.org.",
    "storage": "Förvaring vid -18°C eller kallare. Lägsta förvaringstemperatur -25°C Högsta förvaringstemperatur -18°C",
    "allergens": "Kan innehålla Nötter (eng: tree nuts) Kan innehålla Ägg Kan innehålla Sojabönor Kan innehålla Senap Innehåller Mjölk Innehåller Spannmål som innehåller gluten",
    "usage": "",
    "nutrition": [
      {
        "Näringsvärde": "Energi (kcal)",
        "100 Milliliter": "187 kcal",
        "% av DRI(*)": "9"
      },
      {
        "Näringsvärde": "Energi (kJ)",
        "100 Milliliter": "785 kJ",
        "% av DRI(*)": "9"
      },
      {
        "Näringsvärde": "Fett",
        "100 Milliliter": "7.3 g",
        "% av DRI(*)": "10"
      },
      {
        "Näringsvärde": "Varav mättat fett",
        "100 Milliliter": "6.7 g",
        "% av DRI(*)": "34"
      },
      {
        "Näringsvärde": "Kolhydrat",
        "100 Milliliter": "27 g",
        "% av DRI(*)": "10"
      },
      {
        "Näringsvärde": "Varav sockerarter",
        "100 Milliliter": "16 g",
        "% av DRI(*)": "18"
      },
      {
        "Näringsvärde": "Protein",
        "100 Milliliter": "3.1 g",
        "% av DRI(*)": "6"
      },
      {
        "Näringsvärde": "Salt",
        "100 Milliliter": "0.29 g",
        "% av DRI(*)": "5"
      }
    ],
    "nutritionUnitText": "Näringsvärde per 100 milliliter",
    "categories": {
      "mainCategory": "Glass, Godis & Snacks",
      "subCategories": [
        {
          "name": "Glass",
          "subSubCategories": [
            "Strutglass"
          ]
        }
      ]
    }
  },
  {
    "name": "Godispåse Djungelvrål Saltlakrits 90g Malaco",
    "weightText": "0.09 kg",
    "caPart": "",
    "weightValue": 0.09,
    "weightUnit": "kg",
    "comparePrice": "150,00 kr/kg",
    "currentPrice": 13.5,
    "attributes": [],
    "imgUrl": "https://handlaprivatkund.ica.se/images-v3/bf7a00ca-390e-4769-865f-dc369586872e/21513fd0-3742-4f9b-b188-9577b96c43a9/500x500.jpg",
    "productInformation": "Malaco Djungelvrål lanserades 1982 och sedan dess har de vrålsalta lakritsdjuren varit en av Malacos favorit hos många godisälskare. Passar dig som älskar extra salt salmiak. Godispåsen innehåller 90g. Vegansk, fri från palmolja och utan artificiella färgämnen. Malaco - Lördag hela veckan",
    "countryText": "",
    "companyText": "Malaco",
    "ingrediensText": "glukossirap, socker/sukker, stärkelse/stivelse, modifierad stärkelse/stivelse, ammoniumklorid (=salmiak), lakritsextrakt, färgämne/farvestof (E153), arom.",
    "storage": "",
    "allergens": "",
    "usage": "",
    "nutrition": [
      {
        "Näringsvärde": "Energi (kcal)",
        "100 Gram": "349 kcal"
      },
      {
        "Näringsvärde": "Energi (kJ)",
        "100 Gram": "1480 kJ"
      },
      {
        "Näringsvärde": "Fett",
        "100 Gram": "0.1 g"
      },
      {
        "Näringsvärde": "Varav mättat fett",
        "100 Gram": "0 g"
      },
      {
        "Näringsvärde": "Kolhydrat",
        "100 Gram": "87 g"
      },
      {
        "Näringsvärde": "Varav sockerarter",
        "100 Gram": "48 g"
      },
      {
        "Näringsvärde": "Protein",
        "100 Gram": "0.4 g"
      },
      {
        "Näringsvärde": "Salt",
        "100 Gram": "0.18 g"
      }
    ],
    "nutritionUnitText": "Näringsvärde per 100 gram",
    "categories": {
      "mainCategory": "Glass, Godis & Snacks",
      "subCategories": [
        {
          "name": "Godis",
          "subSubCategories": [
            "Godispåsar"
          ]
        }
      ]
    }
  },
  {
    "name": "Godispåse Colaflaskor 95g Malaco",
    "weightText": "0.095 kg",
    "caPart": "",
    "weightValue": 0.095,
    "weightUnit": "kg",
    "comparePrice": "142,11 kr/kg",
    "currentPrice": 13.5,
    "attributes": [],
    "imgUrl": "https://handlaprivatkund.ica.se/images-v3/bf7a00ca-390e-4769-865f-dc369586872e/9f30da00-bf9d-484f-a03f-5edefb34dd2b/500x500.jpg",
    "productInformation": "Malaco Colaflaskor är ett populärt gelégodis med en svalkande smak av cola. Perfekt godis för dig som gillar cola. Godispåsen innehåller 95g. Gelatinfri, fri från palmolja samt utan artificiella färgämnen och aromer. Malaco - Lördag hela veckan",
    "countryText": "",
    "companyText": "Malaco",
    "ingrediensText": "glukossirap, socker/sukker, stärkelse/stivelse, syra (citronsyra), naturlig arom, vegetabiliska oljor (kokos, raps), surhetsreglerande medel (E331), färgämne/farvestof (E150c), ytbehandlings-/overfladebehandlingsmiddel (bivax/bivoks)",
    "storage": "",
    "allergens": "",
    "usage": "",
    "nutrition": [
      {
        "Näringsvärde": "Energi (kcal)",
        "100 Gram": "359 kcal"
      },
      {
        "Näringsvärde": "Energi (kJ)",
        "100 Gram": "1526 kJ"
      },
      {
        "Näringsvärde": "Fett",
        "100 Gram": "0.2 g"
      },
      {
        "Näringsvärde": "Varav mättat fett",
        "100 Gram": "0.1 g"
      },
      {
        "Näringsvärde": "Kolhydrat",
        "100 Gram": "89 g"
      },
      {
        "Näringsvärde": "Varav sockerarter",
        "100 Gram": "66 g"
      },
      {
        "Näringsvärde": "Protein",
        "100 Gram": "0.1 g"
      },
      {
        "Näringsvärde": "Salt",
        "100 Gram": "0.11 g"
      }
    ],
    "nutritionUnitText": "Näringsvärde per 100 gram",
    "categories": {
      "mainCategory": "Glass, Godis & Snacks",
      "subCategories": [
        {
          "name": "Godis",
          "subSubCategories": [
            "Godispåsar"
          ]
        }
      ]
    }
  },
  {
    "name": "Skruvar Lättsaltade 100g OLW",
    "weightText": "0.1 kg",
    "caPart": "",
    "weightValue": 0.1,
    "weightUnit": "kg",
    "comparePrice": "219,50 kr/kg",
    "currentPrice": 21.95,
    "attributes": [],
    "imgUrl": "https://handlaprivatkund.ica.se/images-v3/bf7a00ca-390e-4769-865f-dc369586872e/7d7d6d57-1fef-46ae-b925-1193c971f984/500x500.jpg",
    "productInformation": "OLWs Skruvar är krispiga skruvformade snacks som vi har saltat lite lätt för att du ska kunna njuta av den naturliga potatissmaken. OLWs skruvar är ett lite lättare snacks med 30% mindre fett än i vanliga potatischips. Resultatet ger en krispig känsla i munnen och en tydlig jösses-vad-det-här-är-gott-jag-kan-inte-sluta-smak!",
    "countryText": "",
    "companyText": "Olw",
    "ingrediensText": "Potatismjöl, potatisflingor, solrosolja, salt, socker.",
    "storage": "",
    "allergens": "",
    "usage": "",
    "nutrition": [
      {
        "Näringsvärde": "Energi (kcal)",
        "100 Gram": "490 kcal"
      },
      {
        "Näringsvärde": "Energi (kJ)",
        "100 Gram": "2040 kJ"
      },
      {
        "Näringsvärde": "Fett",
        "100 Gram": "22 g"
      },
      {
        "Näringsvärde": "Varav mättat fett",
        "100 Gram": "1.9 g"
      },
      {
        "Näringsvärde": "Kolhydrat",
        "100 Gram": "67 g"
      },
      {
        "Näringsvärde": "Varav sockerarter",
        "100 Gram": "1.3 g"
      },
      {
        "Näringsvärde": "Protein",
        "100 Gram": "3.3 g"
      },
      {
        "Näringsvärde": "Salt",
        "100 Gram": "1.8 g"
      }
    ],
    "nutritionUnitText": "Näringsvärde per 100 gram",
    "categories": {
      "mainCategory": "Glass, Godis & Snacks",
      "subCategories": [
        {
          "name": "Chips & snacks",
          "subSubCategories": [
            "Chips"
          ]
        }
      ]
    }
  },
  {
    "name": "Chokladkaka Japp 160g Marabou",
    "weightText": "0.16 kg",
    "caPart": "",
    "weightValue": 0.16,
    "weightUnit": "kg",
    "comparePrice": "193,44 kr/kg",
    "currentPrice": 30.95,
    "attributes": [],
    "imgUrl": "https://handlaprivatkund.ica.se/images-v3/bf7a00ca-390e-4769-865f-dc369586872e/7ab70678-ca5e-4466-af89-6392d5b6360d/500x500.jpg",
    "productInformation": "Marabou Japp är en Marabou Mjölkchokladkaka med krossade bitar av Japp som passar för alla tillfällen. Genom Cocoa Life, vårt program för en hållbar kakaoproduktion, bidrar Marabou till att kakao odlas på rätt sätt, för att skydda planeten och respektera mänskliga rättigheter i vår värdekedja. Läs mer om Cocoa Life här www.cocoalife.org.",
    "countryText": "",
    "companyText": "Marabou",
    "ingrediensText": "Ingredienser: Socker, kakaosmör, kakaomassa, SKUMMJÖLKSPULVER, vasslepulver (MJÖLK), SMÖRFETT, vassleprodukt (MJÖLK), emulgeringsmedel [lecitiner (innehåller SOJA)], fuktighetsbevarande medel (E422), fettreducerat kakaopulver, glukossirap, maltexktrakt av KORN, kokosolja, HAVREFIBER, salt, modifierad stärkelse, aromer. Minst 30% kakao. KAN INNEHÅLLA NÖTTER OCH VETE.",
    "storage": "",
    "allergens": "",
    "usage": "",
    "nutrition": [
      {
        "Näringsvärde": "Energi (kcal)",
        "100 Gram": "536 kcal"
      },
      {
        "Näringsvärde": "Energi (kJ)",
        "100 Gram": "2242 kJ"
      },
      {
        "Näringsvärde": "Fett",
        "100 Gram": "30 g"
      },
      {
        "Näringsvärde": "Varav mättat fett",
        "100 Gram": "18 g"
      },
      {
        "Näringsvärde": "Kolhydrat",
        "100 Gram": "61 g"
      },
      {
        "Näringsvärde": "Varav sockerarter",
        "100 Gram": "58 g"
      },
      {
        "Näringsvärde": "Fiber",
        "100 Gram": "2 g"
      },
      {
        "Näringsvärde": "Protein",
        "100 Gram": "4.5 g"
      },
      {
        "Näringsvärde": "Salt",
        "100 Gram": "0.27 g"
      }
    ],
    "nutritionUnitText": "Näringsvärde per 100 gram",
    "categories": {
      "mainCategory": "Glass, Godis & Snacks",
      "subCategories": [
        {
          "name": "Choklad",
          "subSubCategories": [
            "Chokladkakor"
          ]
        }
      ]
    }
  },
  {
    "name": "Gräddglass Pecannötkola 500ml SIA Glass",
    "weightText": "0.5 l",
    "caPart": "",
    "weightValue": 0.5,
    "weightUnit": "l",
    "comparePrice": "33,90 kr/l",
    "currentPrice": 16.95,
    "attributes": [
      "Ursprungsland Sverige"
    ],
    "imgUrl": "https://handlaprivatkund.ica.se/images-v3/bf7a00ca-390e-4769-865f-dc369586872e/0fc2d8bb-3425-426a-9ef4-1c48e9a31d92/500x500.jpg",
    "productInformation": "Svensk krämig gräddglass med pecannötsmak, pecannötter och kolarippel.SIA Glass är ett familjeföretag med hjärtat i halländska Slöinge. Det är med kärlek för hantverket och omtanke om djur och natur som vi tillverkar all vår gräddglass i Sverige. Alltid gjord på svensk färsk grädde.",
    "countryText": "Sverige",
    "companyText": "SIA Glass",
    "ingrediensText": "Ingredienser: SKUMMJÖLK, GRÄDDE (21%)*, socker, glukossirap, druvsocker, PECANNÖTTER (1,5%), kondenserad MJÖLK, aromer, emulgeringsmedel (mono- och diglycerider av veg fettsyror), rapsolja, stabiliseringsmedel (fruktkärnmjöl, guarkärnmjöl), SMÖR, sirap, salt, färgämne (sockerkulör E150c). Kan innehålla spår av mandel och trädnötter. *Grädde med 40% fetthalt.",
    "storage": "Lägsta förvaringstemperatur -25°C Högsta förvaringstemperatur -18°C",
    "allergens": "Innehåller Nötter (eng: tree nuts) Innehåller Mjölk",
    "usage": "",
    "nutrition": [
      {
        "Näringsvärde": "Energi (kcal)",
        "100 Gram": "220 kcal"
      },
      {
        "Näringsvärde": "Energi (kJ)",
        "100 Gram": "900 kJ"
      },
      {
        "Näringsvärde": "Fett",
        "100 Gram": "11 g"
      },
      {
        "Näringsvärde": "Varav mättat fett",
        "100 Gram": "6.2 g"
      },
      {
        "Näringsvärde": "Kolhydrat",
        "100 Gram": "27 g"
      },
      {
        "Näringsvärde": "Varav sockerarter",
        "100 Gram": "24 g"
      },
      {
        "Näringsvärde": "Fiber",
        "100 Gram": "0.5 g"
      },
      {
        "Näringsvärde": "Protein",
        "100 Gram": "3.7 g"
      },
      {
        "Näringsvärde": "Salt",
        "100 Gram": "0.1 g"
      },
      {
        "Näringsvärde": "Vitamin B12",
        "100 Gram": "0 µg"
      },
      {
        "Näringsvärde": "Vitamin D",
        "100 Gram": "0 µg"
      },
      {
        "Näringsvärde": "Folsyra",
        "100 Gram": "0 µg"
      },
      {
        "Näringsvärde": "Selen",
        "100 Gram": "0 µg"
      }
    ],
    "nutritionUnitText": "Näringsvärde per 100 gram",
    "categories": {
      "mainCategory": "Glass, Godis & Snacks",
      "subCategories": [
        {
          "name": "Glass",
          "subSubCategories": [
            "Små Glasspaket"
          ]
        }
      ]
    }
  },
  {
    "name": "Cheez cruncherz Hot Chili 225g OLW",
    "weightText": "0.225 kg",
    "caPart": "",
    "weightValue": 0.225,
    "weightUnit": "kg",
    "comparePrice": "148,89 kr/kg",
    "currentPrice": 33.5,
    "attributes": [],
    "imgUrl": "https://handlaprivatkund.ica.se/images-v3/bf7a00ca-390e-4769-865f-dc369586872e/20f0daec-cd65-4977-b38a-9fa2f618e7e6/500x500.jpg",
    "productInformation": "Krispiga ostbågar med hetta - mums! cheez cruncherz® Hot Chili från OLW är en het medlem i cheezfamiljen. Smakrika och extra krispiga majsbågar med smak av ost och het chili. Njut och bestäm själv om du vill bjuda!",
    "countryText": "",
    "companyText": "Olw",
    "ingrediensText": "Majsmjöl, solrosolja, 8,5% OSTPULVER (85% OST, vasslepulver (från MJÖLK), salt, färgämne (betakaroten, paprikaextrakt)), KÄRNMJÖLKSPULVER, salt, socker, potatisstärkelse, MJÖLKSOCKER, druvsocker, jästextrakt, surhetsreglerande medel (citronsyra), kryddextrakt (paprika, cayennepeppar, grönt te), cayennepeppar.",
    "storage": "",
    "allergens": "Innehåller Mjölk",
    "usage": "",
    "nutrition": [
      {
        "Näringsvärde": "Energi (kcal)",
        "100 Gram": "590 kcal"
      },
      {
        "Näringsvärde": "Energi (kJ)",
        "100 Gram": "2450 kJ"
      },
      {
        "Näringsvärde": "Fett",
        "100 Gram": "42 g"
      },
      {
        "Näringsvärde": "Varav mättat fett",
        "100 Gram": "5.5 g"
      },
      {
        "Näringsvärde": "Kolhydrat",
        "100 Gram": "45 g"
      },
      {
        "Näringsvärde": "Varav sockerarter",
        "100 Gram": "3.3 g"
      },
      {
        "Näringsvärde": "Protein",
        "100 Gram": "7.8 g"
      },
      {
        "Näringsvärde": "Salt",
        "100 Gram": "1.6 g"
      }
    ],
    "nutritionUnitText": "Näringsvärde per 100 gram",
    "categories": {
      "mainCategory": "Glass, Godis & Snacks",
      "subCategories": [
        {
          "name": "Chips & snacks",
          "subSubCategories": [
            "Ostbågar"
          ]
        }
      ]
    }
  },
  {
    "name": "Winegum 250g Treatville",
    "weightText": "0.25 kg",
    "caPart": "",
    "weightValue": 0.25,
    "weightUnit": "kg",
    "comparePrice": "70,00 kr/kg",
    "currentPrice": 17.5,
    "attributes": [],
    "imgUrl": "https://handlaprivatkund.ica.se/images-v3/bf7a00ca-390e-4769-865f-dc369586872e/2b047250-1e8d-4633-b5a0-b1a95801f8b6/500x500.jpg",
    "productInformation": "Söta och sega favoriter med fruktiga smaker. Välkommen till Treatville – din drömdestination för alla typer av godsaker. Kom och smaka!",
    "countryText": "",
    "companyText": "Treatville",
    "ingrediensText": "Glukossirap*, socker*, vatten, VETESTÄRKELSE, gelatin (från gris), modifierad potatisstärkelse, syror (E270, E296, E330), aromer, koncentrat av spirulina och safflor, färgämnen (E100, E153, E160c), svartmorotsjuicekoncentrat, kokosolja, ytbehandlingsmedel (E903). *Ursprung EU.",
    "storage": "Förvaras torrt och svalt, ej över normal rumstemperatur.",
    "allergens": "",
    "usage": "",
    "nutrition": [
      {
        "Näringsvärde": "Energi (kcal)",
        "100 Gram": "334 kcal"
      },
      {
        "Näringsvärde": "Energi (kJ)",
        "100 Gram": "1417 kJ"
      },
      {
        "Näringsvärde": "Fett",
        "100 Gram": "0.5 g"
      },
      {
        "Näringsvärde": "Varav mättat fett",
        "100 Gram": "0.3 g"
      },
      {
        "Näringsvärde": "Kolhydrat",
        "100 Gram": "78 g"
      },
      {
        "Näringsvärde": "Varav sockerarter",
        "100 Gram": "48 g"
      },
      {
        "Näringsvärde": "Protein",
        "100 Gram": "4.3 g"
      },
      {
        "Näringsvärde": "Salt",
        "100 Gram": "0.03 g"
      }
    ],
    "nutritionUnitText": "Näringsvärde per 100 gram",
    "categories": {
      "mainCategory": "Glass, Godis & Snacks",
      "subCategories": [
        {
          "name": "Godis",
          "subSubCategories": [
            "Godispåsar"
          ]
        }
      ]
    }
  },
  {
    "name": "Glass Vanilj krossad choklad 500ml GB Gräddglass",
    "weightText": "0.5 l",
    "caPart": "",
    "weightValue": 0.5,
    "weightUnit": "l",
    "comparePrice": "29,90 kr/l",
    "currentPrice": 14.95,
    "attributes": [],
    "imgUrl": "https://handlaprivatkund.ica.se/images-v3/bf7a00ca-390e-4769-865f-dc369586872e/2535e741-c098-4468-abb0-e9b1f3c93bdc/500x500.jpg",
    "productInformation": "GB Gräddglass Vanilj med krossad choklad är ljuvligt krämig vaniljgräddglass med krossad choklad gjord på färsk grädde från svenska gårdar.",
    "countryText": "",
    "companyText": "GB Gräddglass",
    "ingrediensText": "Ingredienser: SKUMMJÖLK, socker, glukos-fruktossirap, MJÖLKFETT, glukossirap, GRÄDDE (3,5%), vatten, kakaomassa, kakaosmör, fettreducerat kakaopulver, emulgeringsmedel (mono- och diglycerider av vegetabiliska fettsyror, ammoniumfosfatider, polyglycerolpolyricinoleat), arom, stabiliseringsmedel (guarkärnmjöl, fruktkärnmjöl, karragenan). Kan innehålla soja.",
    "storage": "Lägsta förvaringstemperatur -25°C Högsta förvaringstemperatur -18°C",
    "allergens": "Innehåller Mjölk Kan innehålla Sojabönor",
    "usage": "",
    "nutrition": [
      {
        "Näringsvärde": "Energi (kcal)",
        "100 Milliliter": "110 kcal",
        "% av DRI(*)": "6"
      },
      {
        "Näringsvärde": "Energi (kJ)",
        "100 Milliliter": "460 kJ",
        "% av DRI(*)": "6"
      },
      {
        "Näringsvärde": "Fett",
        "100 Milliliter": "5.3 g",
        "% av DRI(*)": "8"
      },
      {
        "Näringsvärde": "Varav mättat fett",
        "100 Milliliter": "3.4 g",
        "% av DRI(*)": "17"
      },
      {
        "Näringsvärde": "Kolhydrat",
        "100 Milliliter": "14 g",
        "% av DRI(*)": "5"
      },
      {
        "Näringsvärde": "Varav sockerarter",
        "100 Milliliter": "11 g",
        "% av DRI(*)": "12"
      },
      {
        "Näringsvärde": "Protein",
        "100 Milliliter": "1.4 g",
        "% av DRI(*)": "3"
      },
      {
        "Näringsvärde": "Salt",
        "100 Milliliter": "0.05 g",
        "% av DRI(*)": "1"
      }
    ],
    "nutritionUnitText": "Näringsvärde per 100 milliliter",
    "categories": {
      "mainCategory": "Glass, Godis & Snacks",
      "subCategories": [
        {
          "name": "Glass",
          "subSubCategories": [
            "Små Glasspaket"
          ]
        }
      ]
    }
  },
  {
    "name": "Godispåse Vattenmelon 90g Malaco",
    "weightText": "0.09 kg",
    "caPart": "",
    "weightValue": 0.09,
    "weightUnit": "kg",
    "comparePrice": "150,00 kr/kg",
    "currentPrice": 13.5,
    "attributes": [],
    "imgUrl": "https://handlaprivatkund.ica.se/images-v3/bf7a00ca-390e-4769-865f-dc369586872e/4daaae87-04be-4737-8a55-2791f9e0af37/500x500.jpg",
    "productInformation": "Malaco Vattenmeloner har en syrlig och söt smak av melon. Det rosa smågodiset är populärt som lösviktsgodis men finns även här i påse. Passar perfekt för de som gillar sött godis med en liten twist av syrligt. Godispåsen innehåller 90g godis. Fri från palmolja samt utan artificiella färgämnen och aromer. Malaco - Lördag hela veckan",
    "countryText": "",
    "companyText": "Malaco",
    "ingrediensText": "socker/sukker, glukossirap, glukos-fruktossirap, stärkelse/stivelse, syror (citronsyra, vinsyra), naturlig arom, färgämne/farvestof (karmin)",
    "storage": "",
    "allergens": "",
    "usage": "",
    "nutrition": [
      {
        "Näringsvärde": "Energi (kcal)",
        "100 Gram": "355 kcal"
      },
      {
        "Näringsvärde": "Energi (kJ)",
        "100 Gram": "1504 kJ"
      },
      {
        "Näringsvärde": "Fett",
        "100 Gram": "0.1 g"
      },
      {
        "Näringsvärde": "Varav mättat fett",
        "100 Gram": "0 g"
      },
      {
        "Näringsvärde": "Kolhydrat",
        "100 Gram": "88 g"
      },
      {
        "Näringsvärde": "Varav sockerarter",
        "100 Gram": "66 g"
      },
      {
        "Näringsvärde": "Protein",
        "100 Gram": "0.1 g"
      },
      {
        "Näringsvärde": "Salt",
        "100 Gram": "0.02 g"
      }
    ],
    "nutritionUnitText": "Näringsvärde per 100 gram",
    "categories": {
      "mainCategory": "Glass, Godis & Snacks",
      "subCategories": [
        {
          "name": "Godis",
          "subSubCategories": [
            "Godispåsar"
          ]
        }
      ]
    }
  },
  {
    "name": "Chokladkaka EXCELLENCE Mild 70% Mörk Choklad 100g Lindt",
    "weightText": "0.1 kg",
    "caPart": "",
    "weightValue": 0.1,
    "weightUnit": "kg",
    "comparePrice": "409,50 kr/kg",
    "currentPrice": 40.95,
    "attributes": [],
    "imgUrl": "https://handlaprivatkund.ica.se/images-v3/bf7a00ca-390e-4769-865f-dc369586872e/9deb067e-1ec5-4aa2-ab67-9fb7829791ad/500x500.jpg",
    "productInformation": "Lindt EXCELLENCE Mild Dark 70% Cocoa är en chokladkaka av mörk choklad, tunn och intensiv med de finaste ingredienser skapad av Lindts Chokladmästare. Den perfekta blandningen av len mörk choklad med hög kakaohalt i kombination med toner av vanilj ger en mild och aromatisk karaktär med minskad bitterhet - en sann smaksensation för alla sinnen. Hållbart odlade kakaobönor genom Lindt & Sprüngli Farming Program - i samarbete med jordbrukarna och deras lokalsamhällen.",
    "countryText": "",
    "companyText": "Lindt",
    "ingrediensText": "kakaomassa, socker, kakaosmör, emulgeringsmedel (SOJAlecitin), vanilj. Kan innehålla HASSELNÖTTER, MANDLAR, andra NÖTTER, MJÖLK. Den mörka chokladen innehåller minst 70% kakao.",
    "storage": "",
    "allergens": "",
    "usage": "",
    "nutrition": [
      {
        "Näringsvärde": "Energi (kcal)",
        "100 Gram": "610 kcal"
      },
      {
        "Näringsvärde": "Energi (kJ)",
        "100 Gram": "2528 kJ"
      },
      {
        "Näringsvärde": "Fett",
        "100 Gram": "48 g"
      },
      {
        "Näringsvärde": "Varav mättat fett",
        "100 Gram": "29 g"
      },
      {
        "Näringsvärde": "Kolhydrat",
        "100 Gram": "33 g"
      },
      {
        "Näringsvärde": "Varav sockerarter",
        "100 Gram": "29 g"
      },
      {
        "Näringsvärde": "Protein",
        "100 Gram": "6.9 g"
      },
      {
        "Näringsvärde": "Salt",
        "100 Gram": "0.01 g"
      }
    ],
    "nutritionUnitText": "Näringsvärde per 100 gram",
    "categories": {
      "mainCategory": "Glass, Godis & Snacks",
      "subCategories": [
        {
          "name": "Choklad",
          "subSubCategories": [
            "Chokladkakor",
            "Mörk choklad"
          ]
        }
      ]
    }
  },
  {
    "name": "Russin 500g Sun Maid",
    "weightText": "0.5 kg",
    "caPart": "",
    "weightValue": 0.5,
    "weightUnit": "kg",
    "comparePrice": "95,00 kr/kg",
    "currentPrice": 47.5,
    "attributes": [],
    "imgUrl": "https://handlaprivatkund.ica.se/images-v3/bf7a00ca-390e-4769-865f-dc369586872e/827bf802-45a6-47a9-9193-b78cd5288f04/500x500.jpg",
    "productInformation": "",
    "countryText": "",
    "companyText": "Sun Maid",
    "ingrediensText": "Kärnfria russin tillverkas av saftiga, kärnfria Thompson-vindruvor.",
    "storage": "",
    "allergens": "",
    "usage": "",
    "nutrition": [
      {
        "Näringsvärde": "Energi (kcal)",
        "100 Gram": "316 kcal"
      },
      {
        "Näringsvärde": "Energi (kJ)",
        "100 Gram": "1322 kJ"
      },
      {
        "Näringsvärde": "Fett",
        "100 Gram": "0.7 g"
      },
      {
        "Näringsvärde": "Varav mättat fett",
        "100 Gram": "0 g"
      },
      {
        "Näringsvärde": "Kolhydrat",
        "100 Gram": "76.9 g"
      },
      {
        "Näringsvärde": "Varav sockerarter",
        "100 Gram": "71.4 g"
      },
      {
        "Näringsvärde": "Fiber",
        "100 Gram": "5.8 g"
      },
      {
        "Näringsvärde": "Protein",
        "100 Gram": "3 g"
      },
      {
        "Näringsvärde": "Salt",
        "100 Gram": "0.02 g"
      }
    ],
    "nutritionUnitText": "Näringsvärde per 100 gram",
    "categories": {
      "mainCategory": "Glass, Godis & Snacks",
      "subCategories": [
        {
          "name": "Naturgodis, Nötter & Bars",
          "subSubCategories": [
            "Russin & Torkad frukt",
            "Russin"
          ]
        }
      ]
    }
  },
  {
    "name": "Cheez doodles Super big 200g OLW",
    "weightText": "0.2 kg",
    "caPart": "",
    "weightValue": 0.2,
    "weightUnit": "kg",
    "comparePrice": "167,50 kr/kg",
    "currentPrice": 33.5,
    "attributes": [],
    "imgUrl": "https://handlaprivatkund.ica.se/images-v3/bf7a00ca-390e-4769-865f-dc369586872e/99978199-fc1e-46c2-a1f3-1a13bd5a3e4a/500x500.jpg",
    "productInformation": "Stora och smakrika ostbågar - mums! OLW Super Cheez Doodles är extra stora, spröda och frasiga ostbågar som smaksatts med extra mycket cheez doodles-ost. Njut och bestäm själv om du vill bjuda!",
    "countryText": "",
    "companyText": "Olw",
    "ingrediensText": "Majsmjöl, vegetabilisk olja², 15% OSTPULVER (85% OST, vasslepulver (från MJÖLK), salt, färgämne (betakaroten, paprikaextrakt)), KÄRNMJÖLKSPULVER, potatisstärkelse, salt, druvsocker.²För info om vilken olja som har använts se www.olw.se/ravaror",
    "storage": "",
    "allergens": "Innehåller Mjölk",
    "usage": "",
    "nutrition": [
      {
        "Näringsvärde": "Energi (kcal)",
        "100 Gram": "540 kcal"
      },
      {
        "Näringsvärde": "Energi (kJ)",
        "100 Gram": "2250 kJ"
      },
      {
        "Näringsvärde": "Fett",
        "100 Gram": "31 g"
      },
      {
        "Näringsvärde": "Varav mättat fett",
        "100 Gram": "15 g"
      },
      {
        "Näringsvärde": "Kolhydrat",
        "100 Gram": "53 g"
      },
      {
        "Näringsvärde": "Varav sockerarter",
        "100 Gram": "2.5 g"
      },
      {
        "Näringsvärde": "Protein",
        "100 Gram": "12 g"
      },
      {
        "Näringsvärde": "Salt",
        "100 Gram": "2.2 g"
      }
    ],
    "nutritionUnitText": "Näringsvärde per 100 gram",
    "categories": {
      "mainCategory": "Glass, Godis & Snacks",
      "subCategories": [
        {
          "name": "Chips & snacks",
          "subSubCategories": [
            "Ostbågar"
          ]
        }
      ]
    }
  },
  {
    "name": "Plommon urkärnade 250g ICA",
    "weightText": "0.25 kg",
    "caPart": "",
    "weightValue": 0.25,
    "weightUnit": "kg",
    "comparePrice": "143,80 kr/kg",
    "currentPrice": 35.95,
    "attributes": [],
    "imgUrl": "https://handlaprivatkund.ica.se/images-v3/bf7a00ca-390e-4769-865f-dc369586872e/a3498d79-11c4-49d7-a2f3-307f0f431c0e/500x500.jpg",
    "productInformation": "ICA Plommon är söta, mjuka och lite syrliga. Sätter smak på mat och bak. Härligt goda och saftiga att äta precis som de är, som snacks eller mellanmål.",
    "countryText": "",
    "companyText": "ICA",
    "ingrediensText": "Torkade urkärnade plommon*, konserveringsmedel (E202). *Odlade i Chile. Obs! Plommon är inte kärnfria av naturen, därför kan enstaka kärnor förekomma.",
    "storage": "Förvaras torrt och svalt.",
    "allergens": "",
    "usage": "",
    "nutrition": [
      {
        "Näringsvärde": "Energi (kcal)",
        "100 Gram": "278 kcal"
      },
      {
        "Näringsvärde": "Energi (kJ)",
        "100 Gram": "1163 kJ"
      },
      {
        "Näringsvärde": "Fett",
        "100 Gram": "0.5 g"
      },
      {
        "Näringsvärde": "Varav mättat fett",
        "100 Gram": "0.5 g"
      },
      {
        "Näringsvärde": "Kolhydrat",
        "100 Gram": "66 g"
      },
      {
        "Näringsvärde": "Varav sockerarter",
        "100 Gram": "42 g"
      },
      {
        "Näringsvärde": "Fiber",
        "100 Gram": "8.8 g"
      },
      {
        "Näringsvärde": "Protein",
        "100 Gram": "2.9 g"
      },
      {
        "Näringsvärde": "Salt",
        "100 Gram": "0 g"
      }
    ],
    "nutritionUnitText": "Näringsvärde per 100 gram",
    "categories": {
      "mainCategory": "Glass, Godis & Snacks",
      "subCategories": [
        {
          "name": "Naturgodis, Nötter & Bars",
          "subSubCategories": [
            "Russin & Torkad frukt",
            "Plommon torkade"
          ]
        }
      ]
    }
  },
  {
    "name": "Chokladkaka Salta Mandlar 160g Marabou",
    "weightText": "0.16 kg",
    "caPart": "",
    "weightValue": 0.16,
    "weightUnit": "kg",
    "comparePrice": "193,44 kr/kg",
    "currentPrice": 30.95,
    "attributes": [],
    "imgUrl": "https://handlaprivatkund.ica.se/images-v3/bf7a00ca-390e-4769-865f-dc369586872e/0b1caff9-b62b-45c7-93bd-97a0339bea61/500x500.jpg",
    "productInformation": "Marabou Salta Mandlar är en Marabou Mjölkchokladkaka med krossade karamelliserade mandlar som passar för alla tillfällen. Genom Cocoa Life, vårt program för en hållbar kakaoproduktion, bidrar Marabou till att kakao odlas på rätt sätt, för att skydda planeten och respektera mänskliga rättigheter i vår värdekedja. Läs mer om Cocoa Life här www.cocoalife.org.",
    "countryText": "",
    "companyText": "Marabou",
    "ingrediensText": "Ingredienser: Socker, kakaosmör, kakaomassa, MANDEL (7,5%), vasslepulver (MJÖLK), SKUMMJÖLKSPULVER, SMÖRFETT, vassleprodukt (MJÖLK), emulgeringsmedel (SOJALECITINER), glukossirap, salt, arom. KAN INNEHÅLLA ANDRA NÖTTER OCH VETE.",
    "storage": "Lägsta förvaringstemperatur 10°C Högsta förvaringstemperatur 20°C",
    "allergens": "",
    "usage": "",
    "nutrition": [
      {
        "Näringsvärde": "Energi (kcal)",
        "100 Gram": "553 kcal"
      },
      {
        "Näringsvärde": "Energi (kJ)",
        "100 Gram": "2310 kJ"
      },
      {
        "Näringsvärde": "Fett",
        "100 Gram": "32 g"
      },
      {
        "Näringsvärde": "Varav mättat fett",
        "100 Gram": "17 g"
      },
      {
        "Näringsvärde": "Kolhydrat",
        "100 Gram": "58 g"
      },
      {
        "Näringsvärde": "Varav sockerarter",
        "100 Gram": "57 g"
      },
      {
        "Näringsvärde": "Fiber",
        "100 Gram": "2.8 g"
      },
      {
        "Näringsvärde": "Protein",
        "100 Gram": "5.7 g"
      },
      {
        "Näringsvärde": "Salt",
        "100 Gram": "0.5 g"
      }
    ],
    "nutritionUnitText": "Näringsvärde per 100 gram",
    "categories": {
      "mainCategory": "Glass, Godis & Snacks",
      "subCategories": [
        {
          "name": "Choklad",
          "subSubCategories": [
            "Chokladkakor",
            "Ljus choklad"
          ]
        }
      ]
    }
  },
  {
    "name": "Nappar Lakrits 80g Haribo",
    "weightText": "0.08 kg",
    "caPart": "",
    "weightValue": 0.08,
    "weightUnit": "kg",
    "comparePrice": "143,75 kr/kg",
    "currentPrice": 11.5,
    "attributes": [],
    "imgUrl": "https://handlaprivatkund.ica.se/images-v3/bf7a00ca-390e-4769-865f-dc369586872e/1ca3e596-f352-40a0-8043-2b805d08a06c/500x500.jpg",
    "productInformation": "De populära napparna med saltlakritssmak",
    "countryText": "",
    "companyText": "Haribo",
    "ingrediensText": "lngredienser. Glukossirap; socker; starkelse; mörk sirap; salt; ammoniumklorid; lakritsextrakt (3 %); arom; palmolja; ytbehandlingsmedel: bivax vitt och gult, karnaubavax.",
    "storage": "Skyddas mot värme och fukt Lägsta förvaringstemperatur 13°C Högsta förvaringstemperatur 25°C",
    "allergens": "Kan innehålla Spannmål som innehåller gluten",
    "usage": "",
    "nutrition": [
      {
        "Näringsvärde": "Energi (kcal)",
        "100 Gram": "323 kcal"
      },
      {
        "Näringsvärde": "Energi (kJ)",
        "100 Gram": "1374 kJ"
      },
      {
        "Näringsvärde": "Fett",
        "100 Gram": "0.5 g"
      },
      {
        "Näringsvärde": "Varav mättat fett",
        "100 Gram": "0.1 g"
      },
      {
        "Näringsvärde": "Kolhydrat",
        "100 Gram": "80 g"
      },
      {
        "Näringsvärde": "Varav sockerarter",
        "100 Gram": "44 g"
      },
      {
        "Näringsvärde": "Protein",
        "100 Gram": "0.5 g"
      },
      {
        "Näringsvärde": "Salt",
        "100 Gram": "4.7 g"
      }
    ],
    "nutritionUnitText": "Näringsvärde per 100 gram",
    "categories": {
      "mainCategory": "Glass, Godis & Snacks",
      "subCategories": [
        {
          "name": "Godis",
          "subSubCategories": [
            "Godispåsar"
          ]
        }
      ]
    }
  },
  {
    "name": "Chokladkaka Jordgubb 160g Marabou",
    "weightText": "0.16 kg",
    "caPart": "",
    "weightValue": 0.16,
    "weightUnit": "kg",
    "comparePrice": "193,44 kr/kg",
    "currentPrice": 30.95,
    "attributes": [],
    "imgUrl": "https://handlaprivatkund.ica.se/images-v3/bf7a00ca-390e-4769-865f-dc369586872e/1c02c5fc-6400-4a28-9872-d041d0df5c95/500x500.jpg",
    "productInformation": "Marabou Jordgubb är en Marabou Mjölkchokladkaka med krossade bitar av Jordgubb som passar för alla tillfällen. Genom Cocoa Life, vårt program för en hållbar kakaoproduktion, bidrar Marabou till att kakao odlas på rätt sätt, för att skydda planeten och respektera mänskliga rättigheter i vår värdekedja. Läs mer om Cocoa Life här www.cocoalife.org.",
    "countryText": "",
    "companyText": "Marabou",
    "ingrediensText": "Ingredienser: Socker, kakaosmör, kakaomassa, vasslepulver (MJÖLK), SKUMMJÖLKSPULVER, SMÖRFETT, vassleprodukt (MJÖLK), jordgubbar (1,2%), emulgeringsmedel (SOJALECITINER), solrosolja, aromer. Minst 30% kakao. KAN INNEHÅLLA NÖTTER OCH VETE.",
    "storage": "Lägsta förvaringstemperatur 10°C Högsta förvaringstemperatur 20°C",
    "allergens": "",
    "usage": "",
    "nutrition": [
      {
        "Näringsvärde": "Energi (kcal)",
        "100 Gram": "546 kcal"
      },
      {
        "Näringsvärde": "Energi (kJ)",
        "100 Gram": "2282 kJ"
      },
      {
        "Näringsvärde": "Fett",
        "100 Gram": "32 g"
      },
      {
        "Näringsvärde": "Varav mättat fett",
        "100 Gram": "19 g"
      },
      {
        "Näringsvärde": "Kolhydrat",
        "100 Gram": "59 g"
      },
      {
        "Näringsvärde": "Varav sockerarter",
        "100 Gram": "58 g"
      },
      {
        "Näringsvärde": "Fiber",
        "100 Gram": "2.2 g"
      },
      {
        "Näringsvärde": "Protein",
        "100 Gram": "4.6 g"
      },
      {
        "Näringsvärde": "Salt",
        "100 Gram": "0.25 g"
      }
    ],
    "nutritionUnitText": "",
    "categories": {
      "mainCategory": "Glass, Godis & Snacks",
      "subCategories": [
        {
          "name": "Choklad",
          "subSubCategories": [
            "Chokladkakor"
          ]
        }
      ]
    }
  },
  {
    "name": "Godis Gott & Blandat Salt 210g Malaco",
    "weightText": "0.21 kg",
    "caPart": "",
    "weightValue": 0.21,
    "weightUnit": "kg",
    "comparePrice": "102,38 kr/kg",
    "currentPrice": 21.5,
    "attributes": [],
    "imgUrl": "https://handlaprivatkund.ica.se/images-v3/bf7a00ca-390e-4769-865f-dc369586872e/28b71596-8298-45f1-ba29-e128758883c3/500x500.jpg",
    "productInformation": "Malaco Gott & Blandat Salt är en grym blandning av salt godis i olika former och konsistenser. Ett måste för dig som älskar saltlakrits. I godispåsen finns smaker som jalapeno, lakrits, honung och mild salmiak. En fantastisk mix av Gott & Blandat. Påsen innehåller 210 g godis som är veganskt. Malaco - Lördag hela veckan",
    "countryText": "",
    "companyText": "Malaco",
    "ingrediensText": "socker, glukossirap, glukos-fruktossirap, stärkelse, VETEMJÖL, modifierad stärkelse, ammoniumklorid (=salmiak), lakritsextrakt, fuktighetsbevarande medel (sorbitoler, glycerol), färgämnen (E153, E150c, E160c), salt, aromer, stabiliseringsmedel (E471).",
    "storage": "Förvaras torrt och i rumstemperatur. Lägsta förvaringstemperatur 5°C Högsta förvaringstemperatur 30°C",
    "allergens": "Innehåller Spannmål som innehåller gluten",
    "usage": "",
    "nutrition": [
      {
        "Näringsvärde": "Energi (kcal)",
        "100 Gram": "344 kcal"
      },
      {
        "Näringsvärde": "Energi (kJ)",
        "100 Gram": "1458 kJ"
      },
      {
        "Näringsvärde": "Fett",
        "100 Gram": "0.1 g"
      },
      {
        "Näringsvärde": "Varav mättat fett",
        "100 Gram": "0 g"
      },
      {
        "Näringsvärde": "Kolhydrat",
        "100 Gram": "85 g"
      },
      {
        "Näringsvärde": "Varav sockerarter",
        "100 Gram": "58 g"
      },
      {
        "Näringsvärde": "Protein",
        "100 Gram": "0.8 g"
      },
      {
        "Näringsvärde": "Salt",
        "100 Gram": "0.2 g"
      }
    ],
    "nutritionUnitText": "Näringsvärde per 100 gram",
    "categories": {
      "mainCategory": "Glass, Godis & Snacks",
      "subCategories": [
        {
          "name": "Godis",
          "subSubCategories": [
            "Lakrits"
          ]
        }
      ]
    }
  },
  {
    "name": "Glass Cookie Dough 465ml Ben & Jerrys",
    "weightText": "0.465 l",
    "caPart": "",
    "weightValue": 0.465,
    "weightUnit": "l",
    "comparePrice": "141,83 kr/l",
    "currentPrice": 65.95,
    "attributes": [
      "Rättvisemärkt"
    ],
    "imgUrl": "https://handlaprivatkund.ica.se/images-v3/bf7a00ca-390e-4769-865f-dc369586872e/39757dab-fb8f-47f7-90a9-261bb2815cba/500x500.jpg",
    "productInformation": "Vår berömda Cookie Dough började med ett anonymt tips, eller rättare sagt en fråga: Vad händer om ni lägger bitar av kakdeg i vaniljglass. Blir det dubbelt så gott? De orden väckte vår nyfikenhet. Våra hjärnor började arbeta på högvarv. Året var 1986 och vi plockade fram allt som behövdes för att hitta svaret. Det visade sig att förslaget var helt fantastiskt. Vi fortsatte att pröva oss fram och efter fem års hängivet testande och otaliga avsmakningar fann vi den perfekta mixen av kakdeg och vaniljgräddglass. Cookie Dough lanserades i frysar överallt. Idag är det fortfarande en av våra mest populära och älskade smaker! En perfekt efterrätt för dig som älskar kakdeg. Glöm bara inte att behålla kylan mitt i all smaskig kakdegsupplevelse. Glassen ska förvaras vid -18°C eller kallare. Brrra. Då vet du vad som behövs för att den ska trivas och vara som bäst. Historien om Ben & Jerry's började på en renoverad bensinmack i Burlington i Vermont, USA, 1978. Två grabbar och ett företag som tillverkade glass. Det var starten på ett äventyr som är lika mytomspunnet som vår glass är god. En glass som nu är berömd på avlägsna platser, och med svåruttalade namn världen över. Men nu får det vara nog med ord. Låt glassätandet börja.Ben & Jerry's glass framställs av Fairtrade-certifierat socker, kakao och vanilj. Dessutom kommer glassen i en hållbar ansvarfull förpackning.",
    "countryText": "",
    "companyText": "Ben & Jerrys",
    "ingrediensText": "Ingredienser: GRÄDDE (27%), vatten, socker, kondenserad SKUMMJÖLK, VETEMJÖL (innehåller kalcium, järn, niacin, tiamin), farinsocker, ÄGGULA från frigående höns, SMÖR, sojaolja, ÄGG från frigående höns, kakaomassa, kokosfett, melass, fettreducerat kakaopulver, vaniljextrakt, stabiliseringsmedel (guarkärnmjöl, karragenan), kakaosmör, salt, naturliga aromer (innehåller MJÖLK), naturlig vaniljarom, emulgeringsmedel (SOJALECITIN), MJÖLKFETT. > Socker, kakao, vanilj handlade utifrån principerna för massbalans. Totalt 65% exklusive vatten och mejeriF. Finfo.fairtrade.net/sourcing",
    "storage": "Förvaring vid -18°C eller kallare. Lägsta förvaringstemperatur -25°C Högsta förvaringstemperatur -18°C",
    "allergens": "Innehåller Mjölk Innehåller Sojabönor Innehåller Ägg Innehåller Spannmål som innehåller gluten",
    "usage": "",
    "nutrition": [
      {
        "Näringsvärde": "Energi (kcal)",
        "100 Gram": "273 kcal"
      },
      {
        "Näringsvärde": "Energi (kJ)",
        "100 Gram": "1145 kJ"
      },
      {
        "Näringsvärde": "Fett",
        "100 Gram": "15 g"
      },
      {
        "Näringsvärde": "Varav mättat fett",
        "100 Gram": "9.2 g"
      },
      {
        "Näringsvärde": "Kolhydrat",
        "100 Gram": "31 g"
      },
      {
        "Näringsvärde": "Varav sockerarter",
        "100 Gram": "25 g"
      },
      {
        "Näringsvärde": "Protein",
        "100 Gram": "4.1 g"
      },
      {
        "Näringsvärde": "Salt",
        "100 Gram": "0.17 g"
      }
    ],
    "nutritionUnitText": "Näringsvärde per 100 gram",
    "categories": {
      "mainCategory": "Glass, Godis & Snacks",
      "subCategories": [
        {
          "name": "Glass",
          "subSubCategories": [
            "Små Glasspaket"
          ]
        }
      ]
    }
  },
  {
    "name": "Choklad Skotte Dubbel 50g Marabou",
    "weightText": "0.05 kg",
    "caPart": "",
    "weightValue": 0.05,
    "weightUnit": "kg",
    "comparePrice": "299,00 kr/kg",
    "currentPrice": 14.95,
    "attributes": [],
    "imgUrl": "https://handlaprivatkund.ica.se/images-v3/bf7a00ca-390e-4769-865f-dc369586872e/6860b425-ac9a-4c09-bc36-e8e5fa4d4bc7/500x500.jpg",
    "productInformation": "Marabou Skotte är en unik, krämig, mörk nougat med hackade nötter och russin, överdragen med smakrik mörk choklad. Njut av chokladen på språng eller i en lugn och skön hemmamiljö. Genom Cocoa Life, vårt program för en hållbar kakaoproduktion, bidrar Marabou till att kakao odlas på rätt sätt, för att skydda planeten och respektera mänskliga rättigheter i vår värdekedja. Läs mer om Cocoa Life här www.cocoalife.org.",
    "countryText": "",
    "companyText": "Marabou",
    "ingrediensText": "Ingredienser: Socker, kakaomassa, palmolja/palmeolie, russin/rosiner (13%), HASSELNÖTTER/-NØDDER, kakaosmör, vassle-/vallepulver (MJÖLK/MÆLK), fettreducerad/fedtfattig kakao, MJÖLK-/MÆLKEPULVER, SMÖRFETT/SMØROLIE, MANDEL, glukossirap, emulgeringsmedel/emulgatorer (SOJALECITIN, solroslecitin/solsikkelecithin, E476), SKUMMJÖLKSPULVER/SKUMMETMÆLKSPULVER, honung/honning, kokos, stabiliseringsmedel/stabilisatorer (sorbitol, invertas), invertsocker, rismjöl/-mel, salt, aromer, maltextrakt från KORN/fra BYG, aprikos, hallon/hindbær. KAN INNEHÅLLA JORDNÖTTER, NÖTTER, ÄGG OCH VETE/ JORDNØDDER, NØDDER, ÆG OG HVEDE.",
    "storage": "",
    "allergens": "",
    "usage": "",
    "nutrition": [
      {
        "Näringsvärde": "Energi (kcal)",
        "100 Gram": "535 kcal"
      },
      {
        "Näringsvärde": "Energi (kJ)",
        "100 Gram": "2235 kJ"
      },
      {
        "Näringsvärde": "Fett",
        "100 Gram": "33 g"
      },
      {
        "Näringsvärde": "Varav mättat fett",
        "100 Gram": "16 g"
      },
      {
        "Näringsvärde": "Kolhydrat",
        "100 Gram": "53 g"
      },
      {
        "Näringsvärde": "Varav sockerarter",
        "100 Gram": "49.5 g"
      },
      {
        "Näringsvärde": "Fiber",
        "100 Gram": "5.2 g"
      },
      {
        "Näringsvärde": "Protein",
        "100 Gram": "4.5 g"
      },
      {
        "Näringsvärde": "Salt",
        "100 Gram": "0.1 g"
      }
    ],
    "nutritionUnitText": "Näringsvärde per 100 gram",
    "categories": {
      "mainCategory": "Glass, Godis & Snacks",
      "subCategories": [
        {
          "name": "Choklad",
          "subSubCategories": [
            "Chokladstycksaker"
          ]
        }
      ]
    }
  },
  {
    "name": "Jordnötter 500g ICA Basic",
    "weightText": "0.5 kg",
    "caPart": "",
    "weightValue": 0.5,
    "weightUnit": "kg",
    "comparePrice": "41,90 kr/kg",
    "currentPrice": 20.95,
    "attributes": [],
    "imgUrl": "https://handlaprivatkund.ica.se/images-v3/bf7a00ca-390e-4769-865f-dc369586872e/b36586b8-e938-4b3d-bb8a-ef1409f10fba/500x500.jpg",
    "productInformation": "Jordnötter är perfekt som snacks till kalla drycker, men passar också i bakverk, choklad och glass. Prova att ha jordnötter i matlagningen!",
    "countryText": "",
    "companyText": "ICA Basic",
    "ingrediensText": "Ingredienser: JORDNÖTTER* 94%, solrosolja, salt. Kan innehålla spår av cashewnötter. *Odlade i: Argentina/Brasilien/USA.",
    "storage": "Torrt, skyddat mot starkt ljus och ej över normal rumstemperatur.",
    "allergens": "",
    "usage": "Observera: Tänk på att små barn kan sätta nötter i halsen.",
    "nutrition": [
      {
        "Näringsvärde": "Energi (kcal)",
        "100 Gram": "618 kcal"
      },
      {
        "Näringsvärde": "Energi (kJ)",
        "100 Gram": "2559 kJ"
      },
      {
        "Näringsvärde": "Fett",
        "100 Gram": "50 g"
      },
      {
        "Näringsvärde": "Varav mättat fett",
        "100 Gram": "6 g"
      },
      {
        "Näringsvärde": "Kolhydrat",
        "100 Gram": "9.6 g"
      },
      {
        "Näringsvärde": "Varav sockerarter",
        "100 Gram": "5 g"
      },
      {
        "Näringsvärde": "Protein",
        "100 Gram": "26 g"
      },
      {
        "Näringsvärde": "Salt",
        "100 Gram": "1 g"
      }
    ],
    "nutritionUnitText": "Näringsvärde per 100 gram",
    "categories": {
      "mainCategory": "Glass, Godis & Snacks",
      "subCategories": [
        {
          "name": "Chips & snacks",
          "subSubCategories": [
            "Salta nötter",
            "Jordnötter saltade"
          ]
        }
      ]
    }
  },
  {
    "name": "Piggelin 10-p 550ml GB Glace",
    "weightText": "",
    "caPart": "",
    "weightValue": 0,
    "weightUnit": "",
    "comparePrice": "10 per frp 4,85 kr/st",
    "currentPrice": 48.5,
    "attributes": [],
    "imgUrl": "https://handlaprivatkund.ica.se/images-v3/bf7a00ca-390e-4769-865f-dc369586872e/fa91482e-002e-44cb-b4f7-56acb3eda530/500x500.jpg",
    "productInformation": "Här är en av våra absoluta mest älskade klassiker, direkt från glassfabriken i Flen, i hjärtat av Sörmland. Får vi presentera Piggelin. En läskande, uppfriskande och svalkande pinnglass med smak av tuttifrutti. Det är en glass som är omtyckt av både små som stora och som följt med genom åren. Under alla årstider. En god glass är aldrig fel och passar alltid lika bra. Eller varför inte 10. Det är ju sällan man nöjer sig med en glass, därför har vi tagit fram ett flerpack av Piggelin som du kan unna dig själv eller dela med nära och kära. Varje förpackning innehåller 10 stycken glassar.Förvara glassen vid -18°C eller kallare. GB Glace – Glassglädje och Gemenskap sedan 1942. Våra grundare hade visionen att sprida glädje genom härlig och välsmakande glass vars magi för oss samman och smälter bort hindren mellan människor. Vi vill göra folk glada. Varje dag. Vårt mål är att erbjuda god glass av bra kvalitet till dig samtidigt som vi vill att våra produkter ska överträffa dina förväntningar varje gång. Glassfabriken och vårt hjärta finns i Flen och där producerar vi varje år både omtyckta klassiker såväl som nyheter med omsorgsfullt utvalda ingredienser och omtanke om miljön. Vi vill se till att det finns en glass för alla och hoppas att du kan hitta mer än en favorit bland de glassar som vi erbjuder!",
    "countryText": "",
    "companyText": "GB Glace",
    "ingrediensText": "Ingredienser: Vatten, socker, glukos-fruktossirap, druvjuicekoncentrat, surhetsreglerande medel (citronsyra), stabiliseringsmedel (pektin, karragenan), tistelkoncentrat, citronjuicekoncentrat, spirulinakoncentrat, äppelkoncentrat, arom. Kan innehålla MJÖLK.",
    "storage": "Förvaring vid -18°C eller kallare. Lägsta förvaringstemperatur -25°C Högsta förvaringstemperatur -18°C",
    "allergens": "Kan innehålla Mjölk",
    "usage": "",
    "nutrition": [
      {
        "Näringsvärde": "Energi (kcal)",
        "55 Milliliter": "50 kcal",
        "% av DRI(*)": "3"
      },
      {
        "Näringsvärde": "Energi (kJ)",
        "55 Milliliter": "210 kJ",
        "% av DRI(*)": "3"
      },
      {
        "Näringsvärde": "Fett",
        "55 Milliliter": "0.5 g",
        "% av DRI(*)": "1"
      },
      {
        "Näringsvärde": "Varav mättat fett",
        "55 Milliliter": "0.1 g",
        "% av DRI(*)": "1"
      },
      {
        "Näringsvärde": "Kolhydrat",
        "55 Milliliter": "12 g",
        "% av DRI(*)": "5"
      },
      {
        "Näringsvärde": "Varav sockerarter",
        "55 Milliliter": "12 g",
        "% av DRI(*)": "13"
      },
      {
        "Näringsvärde": "Fiber",
        "55 Milliliter": "0.5 g"
      },
      {
        "Näringsvärde": "Protein",
        "55 Milliliter": "0.5 g",
        "% av DRI(*)": "1"
      },
      {
        "Näringsvärde": "Salt",
        "55 Milliliter": "0.01 g",
        "% av DRI(*)": "1"
      }
    ],
    "nutritionUnitText": "Näringsvärde per 55 milliliter",
    "categories": {
      "mainCategory": "Glass, Godis & Snacks",
      "subCategories": [
        {
          "name": "Glass",
          "subSubCategories": [
            "Pinnglass"
          ]
        }
      ]
    }
  },
  {
    "name": "Glasspinne Mini mumsbit Mandel & choklad 12-p 420g ICA",
    "weightText": "",
    "caPart": "",
    "weightValue": 0,
    "weightUnit": "",
    "comparePrice": "12 per frp 4,04 kr/st",
    "currentPrice": 48.5,
    "attributes": [
      "Rainforest Alliance certifierad"
    ],
    "imgUrl": "https://handlaprivatkund.ica.se/images-v3/bf7a00ca-390e-4769-865f-dc369586872e/20bc1c8a-8561-48aa-b114-daa3275f4f2d/500x500.jpg",
    "productInformation": "En blandning av ICAs Mumsbitar i miniformat. Vaniljglass med överdrag av mörk choklad, vit choklad, ljus choklad eller knaprig mandel.",
    "countryText": "Belgien",
    "companyText": "ICA",
    "ingrediensText": "MANDEL: Vaniljglass 58% (SKUMMJÖLK, socker, vatten, kokosfett, SKUMMJÖLKSPULVER, emulgeringsmedel (E471), arom, stabiliseringsmedel (E410, E412), naturlig vaniljarom, extraherad vaniljstång, färgämne (E160a)), mjölkchoklad 37% (socker, kakaosmör*, vasslepulver (från MJÖLK), MJÖLKFETT, kakaomassa*, kokosfett, SKUMMJÖLKSPULVER, emulgeringsmedel (E322, E476), naturlig vaniljarom), MANDLAR 5%. MÖRK CHOKLAD: Vaniljglass 63% (SKUMMJÖLK, socker, vatten, kokosfett, SKUMMJÖLKSPULVER, emulgeringsmedel (E471), arom, stabiliseringsmedel (E410, E412), naturlig vaniljarom, extraherad vaniljstång, färgämne E160a)), mörk choklad 37% (socker, kakaomassa*, kakaosmör*, MJÖLKFETT, emulgeringsmedel (E322), naturlig vaniljarom). MJÖLKCHOKLAD: Vaniljglass 64% (SKUMMJÖLK, socker, vatten, kokosfett, SKUMMJÖLKSPULVER, emulgeringsmedel (E471), arom, stabiliseringsmedel (E410, E412), naturlig vaniljarom, extraherad vaniljstång, färgämne (E160a)), mjölkchoklad 36% (socker, kakaosmör*, vasslepulver (från MJÖLK), MJÖLKFETT, kakaomassa*, kokosfett, SKUMMJÖLKSPULVER, emulgeringsmedel (E322, E476), naturlig vaniljarom. VIT CHOKLAD: Vaniljglass 63% (SKUMMJÖLK, socker, vatten, kokosfett, SKUMMJÖLKSPULVER, emulgeringsmedel (E471), arom, stabiliseringsmedel (E410, E412), naturlig vaniljarom, extraherad vaniljstång, färgämne (E160a)), vit choklad 37% (socker, kakaosmör*, vasslepulver (från MJÖLK), MJÖLKFETT, SKUMMJÖLKSPULVER, kokosfett, emulgeringsmedel (E322, E476), naturlig vaniljarom). Ursprung mjölkprodukter: EU/icke-EU. Mandlar odlade i EU/icke-EU. Kan innehålla spår av hasselnöt, valnöt, pekannöt, pistaschnöt, makadamianöt, mandel, cashewnöt och paranöt. *Rainforest Alliance-certifierad. Läs mer på www.ra.org",
    "storage": "Djupfryst. I frysutrymme (-18°C eller kallare). Bör ej frysas om efter upptining. Lägsta förvaringstemperatur -25°C Högsta förvaringstemperatur -18°C",
    "allergens": "Innehåller Nötter (eng: tree nuts) Innehåller Mjölk",
    "usage": "",
    "nutrition": [
      {
        "Näringsvärde": "Energi (kcal)",
        "100 Gram": "339 kcal"
      },
      {
        "Näringsvärde": "Energi (kJ)",
        "100 Gram": "1413 kJ"
      },
      {
        "Näringsvärde": "Fett",
        "100 Gram": "22 g"
      },
      {
        "Näringsvärde": "Varav mättat fett",
        "100 Gram": "15 g"
      },
      {
        "Näringsvärde": "Kolhydrat",
        "100 Gram": "31 g"
      },
      {
        "Näringsvärde": "Varav sockerarter",
        "100 Gram": "31 g"
      },
      {
        "Näringsvärde": "Protein",
        "100 Gram": "4 g"
      },
      {
        "Näringsvärde": "Salt",
        "100 Gram": "0.2 g"
      }
    ],
    "nutritionUnitText": "Näringsvärde per 100 gram",
    "categories": {
      "mainCategory": "Glass, Godis & Snacks",
      "subCategories": [
        {
          "name": "Glass",
          "subSubCategories": [
            "Mixade glasslådor"
          ]
        }
      ]
    }
  },
  {
    "name": "Sombreros 125g Estrella",
    "weightText": "0.125 kg",
    "caPart": "",
    "weightValue": 0.125,
    "weightUnit": "kg",
    "comparePrice": "207,60 kr/kg",
    "currentPrice": 25.95,
    "attributes": [],
    "imgUrl": "https://handlaprivatkund.ica.se/images-v3/bf7a00ca-390e-4769-865f-dc369586872e/9c0ece48-5dec-4356-9ad9-3d3adc7cdda5/500x500.jpg",
    "productInformation": "Estrella Sombreros Original är spröda, salta majssnacks som passar bra att sätta på fingertopparna men ännu bättre i munnen! En konformad snacksfavorit utan krusiduller som passar både stora och små. Bara god smak och spröd textur helt enkelt. Ett veganvänligt och bjudvänligt snacks från chipsfabriken i Göteborg.",
    "countryText": "",
    "companyText": "Estrella",
    "ingrediensText": "Majsmjöl, solros-/rapsolja, salt, socker, bakpulver (natriumkarbonat). Kan innehålla spår av MJÖLK, SOJA OCH GLUTEN.",
    "storage": "",
    "allergens": "Kan innehålla spår av Mjölk, Spannmål som innehåller gluten, Sojabönor.",
    "usage": "",
    "nutrition": [
      {
        "Näringsvärde": "Energi (kcal)",
        "100 Gram": "533 kcal"
      },
      {
        "Näringsvärde": "Energi (kJ)",
        "100 Gram": "2227 kJ"
      },
      {
        "Näringsvärde": "Fett",
        "100 Gram": "31 g"
      },
      {
        "Näringsvärde": "Varav mättat fett",
        "100 Gram": "3.2 g"
      },
      {
        "Näringsvärde": "Kolhydrat",
        "100 Gram": "59 g"
      },
      {
        "Näringsvärde": "Varav sockerarter",
        "100 Gram": "3 g"
      },
      {
        "Näringsvärde": "Fiber",
        "100 Gram": "3.4 g"
      },
      {
        "Näringsvärde": "Protein",
        "100 Gram": "3.9 g"
      },
      {
        "Näringsvärde": "Salt",
        "100 Gram": "2.3 g"
      }
    ],
    "nutritionUnitText": "Näringsvärde per 100 gram",
    "categories": {
      "mainCategory": "Glass, Godis & Snacks",
      "subCategories": [
        {
          "name": "Chips & snacks",
          "subSubCategories": [
            "Chips"
          ]
        }
      ]
    }
  },
  {
    "name": "Tuggummi Professional white Spearemint 29g Extra",
    "weightText": "0.029 kg",
    "caPart": "",
    "weightValue": 0.029,
    "weightUnit": "kg",
    "comparePrice": "653,45 kr/kg",
    "currentPrice": 18.95,
    "attributes": [],
    "imgUrl": "https://handlaprivatkund.ica.se/images-v3/bf7a00ca-390e-4769-865f-dc369586872e/65da5ac1-f1ac-42cb-9280-c37362e8f065/500x500.jpg",
    "productInformation": "Sockerfritt tuggummi",
    "countryText": "",
    "companyText": "Extra",
    "ingrediensText": "Ingredienser: Sötningsmedel/sødestoffer Xylitol (29,6%), Sorbitol, Aspartam, Acesulfam K; Gummibas/gummibase, Förtjockningsmedel/fortykningsmiddel E414, Fuktighetsbevarande Medel/middel E422, Aromer/aromaer, Fyllnadsmedel/fyllstoff E341, Emulgeringsmedel/emulgator SOJA-/SOYALECITIN, Surhetsreglerande Medel/surhedsregulerende Middel E500, Ytbehandlingsmedel/glasurmiddel E903, Antioxidant/antioksidant E320, Färgämne/farvestof/fargestof E133.",
    "storage": "Ska förvaras torrt och svalt Lägsta förvaringstemperatur 5°C Högsta förvaringstemperatur 25°C",
    "allergens": "Innehåller Sojabönor",
    "usage": "Konsumera snarast efter öppnandet. Tugga i minst 20 minuter efter intagande av mat och dryck. Varierad och balanserad kost och hälsosam livsstil är viktig. \n \n ÖVERDRIVEN KONSUMTION/OVERDREVET FORBRUG/INNTAK KAN HA LAXERANDE EFFEKT/KAN VIRKE AFFØRENDE. INNEHÅLLER/INNEHOLDER EN KÄLLA TILL FENYLALANIN/INNEHOLDER EN KILDE TIL FENYLALANIN.",
    "nutrition": [
      {
        "Näringsvärde": "Energi (kcal)",
        "100 Gram": "145 kcal"
      },
      {
        "Näringsvärde": "Energi (kJ)",
        "100 Gram": "604 kJ"
      },
      {
        "Näringsvärde": "Fett",
        "100 Gram": "0 g"
      },
      {
        "Näringsvärde": "Varav mättat fett",
        "100 Gram": "0 g"
      },
      {
        "Näringsvärde": "Kolhydrat",
        "100 Gram": "60 g"
      },
      {
        "Näringsvärde": "Varav sockerarter",
        "100 Gram": "0 g"
      },
      {
        "Näringsvärde": "Varav polyoler",
        "100 Gram": "60 g"
      },
      {
        "Näringsvärde": "Protein",
        "100 Gram": "0 g"
      },
      {
        "Näringsvärde": "Salt",
        "100 Gram": "0.06 g"
      }
    ],
    "nutritionUnitText": "Näringsvärde per 100 gram",
    "categories": {
      "mainCategory": "Glass, Godis & Snacks",
      "subCategories": [
        {
          "name": "Tuggummi",
          "subSubCategories": [
            "Tuggummi, påse"
          ]
        }
      ]
    }
  },
  {
    "name": "Fruktstång Äpple & Hallon 5-p Castus",
    "weightText": "",
    "caPart": "",
    "weightValue": 0,
    "weightUnit": "",
    "comparePrice": "5 x 5 per frp 0,90 kr/st",
    "currentPrice": 22.5,
    "attributes": [],
    "imgUrl": "https://handlaprivatkund.ica.se/images-v3/bf7a00ca-390e-4769-865f-dc369586872e/b5b12536-57f7-483b-aa21-b25c6feb53b2/500x500.jpg",
    "productInformation": "",
    "countryText": "",
    "companyText": "Castus",
    "ingrediensText": "Ingredienser: DK/N/SE Ingredienser: Frugter 94% (dadler 89% (ikke EU oprindelse/ursprung), æbler/eple/äpple 4,0%, hindbærpulver/bringebærpulver/hallonpulver 1,3% svarende til 2,5 g friske/färske hindbær/bringebær/hallon*), solsikkeolie/solrosolja, vand/vatten, citronsaftkoncentrat, naturlig aroma (hindbær/bringebær/hallon og æble/eple/äpple). Kan indeholde spor/spår af jordnødder/peanøtter/jordnötter og andre nødder/nøtter/nötter. Opbevares/håll tørt/tørr/torrt og ikke for varmt.",
    "storage": "",
    "allergens": "",
    "usage": "",
    "nutrition": [
      {
        "Näringsvärde": "Energi (kcal)",
        "100 Gram": "320 kcal"
      },
      {
        "Näringsvärde": "Energi (kJ)",
        "100 Gram": "1330 kJ"
      },
      {
        "Näringsvärde": "Fett",
        "100 Gram": "3.5 g"
      },
      {
        "Näringsvärde": "Varav mättat fett",
        "100 Gram": "0.5 g"
      },
      {
        "Näringsvärde": "Kolhydrat",
        "100 Gram": "64 g"
      },
      {
        "Näringsvärde": "Varav sockerarter",
        "100 Gram": "56 g"
      },
      {
        "Näringsvärde": "Fiber",
        "100 Gram": "10 g"
      },
      {
        "Näringsvärde": "Protein",
        "100 Gram": "2 g"
      },
      {
        "Näringsvärde": "Salt",
        "100 Gram": "0 g"
      }
    ],
    "nutritionUnitText": "Näringsvärde per 100 gram",
    "categories": {
      "mainCategory": "Glass, Godis & Snacks",
      "subCategories": [
        {
          "name": "Naturgodis, Nötter & Bars",
          "subSubCategories": [
            "Russin & Torkad frukt",
            "Övrig torkad frukt"
          ]
        }
      ]
    }
  },
  {
    "name": "Chips Lagrad ost & Havssalt 275g Estrella",
    "weightText": "0.275 kg",
    "caPart": "",
    "weightValue": 0.275,
    "weightUnit": "kg",
    "comparePrice": "114,55 kr/kg",
    "currentPrice": 31.5,
    "attributes": [],
    "imgUrl": "https://handlaprivatkund.ica.se/images-v3/bf7a00ca-390e-4769-865f-dc369586872e/6b8bcff3-68c5-4b8a-848a-5ebcddd9d9fc/500x500.jpg",
    "productInformation": "",
    "countryText": "",
    "companyText": "Estrella",
    "ingrediensText": "Potatis, solros-/rapsolja, kryddblandning (VASSLEpulver (från MJÖLK), maltodextrin, havssalt, salt, lagrad OSTpulver 5,5%, druvsocker, KÄRNMJÖLKSpulver, socker, vitlök, naturlig aromer (med MJÖLK), syra (citronsyra), färgämnen (paprikaextrakt, gurkmejaextrakt).",
    "storage": "",
    "allergens": "",
    "usage": "",
    "nutrition": [
      {
        "Näringsvärde": "Energi (kcal)",
        "100 Gram": "518 kcal"
      },
      {
        "Näringsvärde": "Energi (kJ)",
        "100 Gram": "2156 kJ"
      },
      {
        "Näringsvärde": "Fett",
        "100 Gram": "33 g"
      },
      {
        "Näringsvärde": "Varav mättat fett",
        "100 Gram": "2.8 g"
      },
      {
        "Näringsvärde": "Kolhydrat",
        "100 Gram": "47 g"
      },
      {
        "Näringsvärde": "Varav sockerarter",
        "100 Gram": "2.9 g"
      },
      {
        "Näringsvärde": "Fiber",
        "100 Gram": "5 g"
      },
      {
        "Näringsvärde": "Protein",
        "100 Gram": "5.8 g"
      },
      {
        "Näringsvärde": "Salt",
        "100 Gram": "1.5 g"
      }
    ],
    "nutritionUnitText": "Näringsvärde per 100 gram",
    "categories": {
      "mainCategory": "Glass, Godis & Snacks",
      "subCategories": [
        {
          "name": "Chips & snacks",
          "subSubCategories": [
            "Chips"
          ]
        }
      ]
    }
  },
  {
    "name": "Chokladbananer Skum 100g Aroma",
    "weightText": "0.1 kg",
    "caPart": "",
    "weightValue": 0.1,
    "weightUnit": "kg",
    "comparePrice": "179,50 kr/kg",
    "currentPrice": 17.95,
    "attributes": [
      "Glutenfritt"
    ],
    "imgUrl": "https://handlaprivatkund.ica.se/images-v3/bf7a00ca-390e-4769-865f-dc369586872e/e0af6076-7803-4308-8541-5116e9c9166d/500x500.jpg",
    "productInformation": "",
    "countryText": "",
    "companyText": "Aroma",
    "ingrediensText": "Ingredienser/Ainekset/Ingredients/Inhaltsstoffe: Socker/sokeri/Sugar/Zucker* (56%), glukos-fruktossirap/glukoosi-fruktoosisiirappi/Glucose-fructose syrup/Glucose-Fructose-Sirup, kakaosmör/kaakaovoi/Cocoa butter/Kakaobutter, helMJÖLKspulver/helMELKpulver/helMÆLKspulver/täysMAITOjauhe/Whole MILK powder/ VollMILCHpulver, gelatin/gelatiini/Gelatine, kakaomassa/kaakaomassa/Cocoa mass/Kakaomasse, vassle/myse/valle/hera/Whey/Molke (MJÖLK/MELK/MÆLK/MAITO/MILK/MILCH), emulgeringsmedel/emulgointiaine/Emulsifier/Emulgator E322 (SOJAlecitin/SOIJAlesitiini/SOYA lecithin/SOJA Lecithin), aromer/aromit/Flavourings/Aromen (vanillin/vanilliini). *Ursprung/Alkuperämaa/Origin EU",
    "storage": "",
    "allergens": "Innehåller Mjölk Innehåller Sojabönor",
    "usage": "",
    "nutrition": [
      {
        "Näringsvärde": "Energi (kcal)",
        "100 Gram": "400 kcal"
      },
      {
        "Näringsvärde": "Energi (kJ)",
        "100 Gram": "1673 kJ"
      },
      {
        "Näringsvärde": "Fett",
        "100 Gram": "7.6 g"
      },
      {
        "Näringsvärde": "Varav mättat fett",
        "100 Gram": "4.9 g"
      },
      {
        "Näringsvärde": "Kolhydrat",
        "100 Gram": "76 g"
      },
      {
        "Näringsvärde": "Varav sockerarter",
        "100 Gram": "64 g"
      },
      {
        "Näringsvärde": "Protein",
        "100 Gram": "5.2 g"
      },
      {
        "Näringsvärde": "Salt",
        "100 Gram": "0.25 g"
      }
    ],
    "nutritionUnitText": "Näringsvärde per 100 gram",
    "categories": {
      "mainCategory": "Glass, Godis & Snacks",
      "subCategories": [
        {
          "name": "Godis",
          "subSubCategories": [
            "Godispåsar",
            "Chokladpåsar"
          ]
        }
      ]
    }
  },
  {
    "name": "Dipmix Sourcream & Onion 24g Estrella",
    "weightText": "0.024 kg",
    "caPart": "",
    "weightValue": 0.024,
    "weightUnit": "kg",
    "comparePrice": "497,92 kr/kg",
    "currentPrice": 11.95,
    "attributes": [],
    "imgUrl": "https://handlaprivatkund.ica.se/images-v3/bf7a00ca-390e-4769-865f-dc369586872e/6d767468-da6e-4141-bb27-18edfb9fa3a1/500x500.jpg",
    "productInformation": "Estrella Dippmix Sourcream & Onion är en krämig dipp med smak av gräddfil och lök. Den populära smaken på chips är lika god som dipp! Bara blanda kryddmixen med gräddfil och dippa grönsakstavar, chips eller dina andra favoritsnacks. Passar även att servera som sås till grillat och sallad. En vinnardipp att krydda vardag eller helgen med helt enkelt!",
    "countryText": "",
    "companyText": "Estrella",
    "ingrediensText": "Lök (pulver, bitar), salt, modifierad potatisstärkelse, socker, maltodextrin, KÄRNMJÖLKSPULVER, GRÄDDPULVER, surhetsreglerande medel (mjölksyra, äppelsyra, kalciumlaktat), persilja, jästextrakt, aromer.",
    "storage": "",
    "allergens": "Innehåller Mjölk",
    "usage": "",
    "nutrition": [
      {
        "Näringsvärde": "Energi (kcal)",
        "100 Gram": "310 kcal"
      },
      {
        "Näringsvärde": "Energi (kJ)",
        "100 Gram": "1300 kJ"
      },
      {
        "Näringsvärde": "Fett",
        "100 Gram": "4.2 g"
      },
      {
        "Näringsvärde": "Varav mättat fett",
        "100 Gram": "2.6 g"
      },
      {
        "Näringsvärde": "Kolhydrat",
        "100 Gram": "60 g"
      },
      {
        "Näringsvärde": "Varav sockerarter",
        "100 Gram": "36 g"
      },
      {
        "Näringsvärde": "Protein",
        "100 Gram": "6.5 g"
      },
      {
        "Näringsvärde": "Salt",
        "100 Gram": "19 g"
      }
    ],
    "nutritionUnitText": "Näringsvärde per 100 gram",
    "categories": {
      "mainCategory": "Glass, Godis & Snacks",
      "subCategories": [
        {
          "name": "Chips & snacks",
          "subSubCategories": [
            "Dipp"
          ]
        }
      ]
    }
  },
  {
    "name": "Chokladpåse Non Stop 150g Marabou",
    "weightText": "0.15 kg",
    "caPart": "",
    "weightValue": 0.15,
    "weightUnit": "kg",
    "comparePrice": "250,00 kr/kg",
    "currentPrice": 37.5,
    "attributes": [],
    "imgUrl": "https://handlaprivatkund.ica.se/images-v3/bf7a00ca-390e-4769-865f-dc369586872e/68ba63e6-fa1d-405b-8354-21f7a28837a7/500x500.jpg",
    "productInformation": "\"Du kan inte stoppa när du börjar med Non Stop\" hette det när de färgglada chokladlinserna i rött, gult, orange och grönt kom till på 40-talet, varje färg med sin smak. Det var faktiskt de mest moderiktiga damerna på Marabou-kontoret som fick föreslå vilka färger de små godbitarna skulle ha! Perfekta att dela med vänner och familj, eller varför inte njuta av själv i lugn hemmamiljö. Genom Cocoa Life, vårt program för en hållbar kakaoproduktion, bidrar Marabou till att kakao odlas på rätt sätt, för att skydda planeten och respektera mänskliga rättigheter i vår värdekedja. Läs mer om Cocoa Life här www.cocoalife.org.",
    "countryText": "",
    "companyText": "Marabou",
    "ingrediensText": "Ingredienser: Socker, kakaomassa, kakaosmör, MJÖLKPULVER, ytbehandlingsmedel (gummi arabicum, bivax), emulgeringsmedel (SOJALECITINER), aromer, färgämnen (E172, E153, E120, E100, E133, E160a), glukos-fruktossirap. Mörk choklad: minst 44 % kakao. KAN INNEHÅLLA JORDNÖTTER, NÖTTER OCH VETE.",
    "storage": "Lägsta förvaringstemperatur 10°C Högsta förvaringstemperatur 20°C",
    "allergens": "",
    "usage": "",
    "nutrition": [
      {
        "Näringsvärde": "Energi (kcal)",
        "100 Gram": "483 kcal"
      },
      {
        "Näringsvärde": "Energi (kJ)",
        "100 Gram": "2027 kJ"
      },
      {
        "Näringsvärde": "Fett",
        "100 Gram": "20 g"
      },
      {
        "Näringsvärde": "Varav mättat fett",
        "100 Gram": "11 g"
      },
      {
        "Näringsvärde": "Kolhydrat",
        "100 Gram": "70 g"
      },
      {
        "Näringsvärde": "Varav sockerarter",
        "100 Gram": "69 g"
      },
      {
        "Näringsvärde": "Fiber",
        "100 Gram": "5.2 g"
      },
      {
        "Näringsvärde": "Protein",
        "100 Gram": "3.5 g"
      },
      {
        "Näringsvärde": "Salt",
        "100 Gram": "0.01 g"
      }
    ],
    "nutritionUnitText": "",
    "categories": {
      "mainCategory": "Jul",
      "subCategories": [
        {
          "name": "Julbak",
          "subSubCategories": [
            "Pepparkakshus & Dekorationer"
          ]
        }
      ]
    }
  },
  {
    "name": "Chokladkaka Havssalt 160g Marabou",
    "weightText": "0.16 kg",
    "caPart": "",
    "weightValue": 0.16,
    "weightUnit": "kg",
    "comparePrice": "193,44 kr/kg",
    "currentPrice": 30.95,
    "attributes": [],
    "imgUrl": "https://handlaprivatkund.ica.se/images-v3/bf7a00ca-390e-4769-865f-dc369586872e/f1112779-a141-466b-8b8c-5416de3fd405/500x500.jpg",
    "productInformation": "Marabou Havssalt är en Marabou Mjölkchokladkaka med en nypa salt som passar för alla tillfällen. Genom Cocoa Life, vårt program för en hållbar kakaoproduktion, bidrar Marabou till att kakao odlas på rätt sätt, för att skydda planeten och respektera mänskliga rättigheter i vår värdekedja. Läs mer om Cocoa Life här www.cocoalife.org.",
    "countryText": "",
    "companyText": "Marabou",
    "ingrediensText": "Ingredienser: Socker, kakaosmör, kakaomassa, vasslepulver (MJÖLK), SKUMMJÖLKSPULVER, SMÖRFETT, vassleprodukt (MJÖLK), emulgeringsmedel (SOJALECITINER), havssalt (0,3 %), arom. KAN INNEHÅLLA NÖTTER OCH VETE.",
    "storage": "",
    "allergens": "",
    "usage": "",
    "nutrition": [
      {
        "Näringsvärde": "Energi (kcal)",
        "100 Gram": "546 kcal"
      },
      {
        "Näringsvärde": "Energi (kJ)",
        "100 Gram": "2280 kJ"
      },
      {
        "Näringsvärde": "Fett",
        "100 Gram": "32 g"
      },
      {
        "Näringsvärde": "Varav mättat fett",
        "100 Gram": "19 g"
      },
      {
        "Näringsvärde": "Kolhydrat",
        "100 Gram": "59 g"
      },
      {
        "Näringsvärde": "Varav sockerarter",
        "100 Gram": "58 g"
      },
      {
        "Näringsvärde": "Fiber",
        "100 Gram": "2 g"
      },
      {
        "Näringsvärde": "Protein",
        "100 Gram": "4.6 g"
      },
      {
        "Näringsvärde": "Salt",
        "100 Gram": "0.6 g"
      }
    ],
    "nutritionUnitText": "Näringsvärde per 100 gram",
    "categories": {
      "mainCategory": "Glass, Godis & Snacks",
      "subCategories": [
        {
          "name": "Choklad",
          "subSubCategories": [
            "Chokladkakor",
            "Ljus choklad"
          ]
        }
      ]
    }
  },
  {
    "name": "Godispåse StjärnMix 170g Haribo",
    "weightText": "0.17 kg",
    "caPart": "",
    "weightValue": 0.17,
    "weightUnit": "kg",
    "comparePrice": "108,82 kr/kg",
    "currentPrice": 18.5,
    "attributes": [],
    "imgUrl": "https://handlaprivatkund.ica.se/images-v3/bf7a00ca-390e-4769-865f-dc369586872e/5d3dc4f8-96eb-4d19-8f58-077f5a9772d1/500x500.jpg",
    "productInformation": "",
    "countryText": "",
    "companyText": "Haribo",
    "ingrediensText": "lngredienser: Glukossirap; socker; gelatin; druvsocker; syra: citronsyra; frukt- och plantkoncentrat: spirulina, safflor, äpple, citron, rättika, sötpotatis, morot, svarta vinbär, hibiskus; arom; karamelliserat socker; solrosolja; ytbehandlingsmedel: bivax vitt och gult.",
    "storage": "",
    "allergens": "",
    "usage": "",
    "nutrition": [
      {
        "Näringsvärde": "Energi (kcal)",
        "100 Gram": "348 kcal"
      },
      {
        "Näringsvärde": "Energi (kJ)",
        "100 Gram": "1476 kJ"
      },
      {
        "Näringsvärde": "Fett",
        "100 Gram": "0.5 g"
      },
      {
        "Näringsvärde": "Varav mättat fett",
        "100 Gram": "0.1 g"
      },
      {
        "Näringsvärde": "Kolhydrat",
        "100 Gram": "79 g"
      },
      {
        "Näringsvärde": "Varav sockerarter",
        "100 Gram": "49 g"
      },
      {
        "Näringsvärde": "Protein",
        "100 Gram": "6.1 g"
      },
      {
        "Näringsvärde": "Salt",
        "100 Gram": "0.01 g"
      }
    ],
    "nutritionUnitText": "Näringsvärde per 100 gram",
    "categories": {
      "mainCategory": "Glass, Godis & Snacks",
      "subCategories": [
        {
          "name": "Godis",
          "subSubCategories": [
            "Godispåsar"
          ]
        }
      ]
    }
  },
  {
    "name": "Smarties 38g Nestle",
    "weightText": "0.038 kg",
    "caPart": "",
    "weightValue": 0.038,
    "weightUnit": "kg",
    "comparePrice": "302,63 kr/kg",
    "currentPrice": 11.5,
    "attributes": [],
    "imgUrl": "https://handlaprivatkund.ica.se/images-v3/bf7a00ca-390e-4769-865f-dc369586872e/c436ba88-8adf-44fa-a623-c80b84f8b8d6/500x500.jpg",
    "productInformation": "SMARTIES choklad är små läckra chokladlinser i regnbågens alla färger. Smarties är en av barnens absoluta favoriter och kan avnjutas som de är eller användas i desserten. Smarties innehåller inga konstgjorda färgämnen, smakämnen eller konserveringsmedel.",
    "countryText": "",
    "companyText": "Nestle",
    "ingrediensText": "INGREDIENSER: Socker-/Sukkerglaserede mjölkchokladlinser/mælkechokoladelinser (65% mjölkchoklad/mælkechokolade). Innehåller förutom/udover kakaosmör även/også annat vegetabiliskt fett. Ingredienser: socker/sukker, skumMJÖLKS-/skummetMÆLKS-/skummetMELKpulver, kakaomassa, kakaosmör, glukossirap/glukosesirup, VETEmjöl/HVEDE-/HVETEmel, VASSLE-/VALLE-/MYSEpermeatpulver (MJÖLK/MÆLK/MELK), SMÖRolja/SMØRolie (MJÖLK/MÆLK/MELK), vegetabiliskt fett (palm, shea), stärkelse/stivelse, emulgeringsmedel/emulgator (lecitiner), färgämne/farvestof/fargestoff (rödbetrött/rødbedefarve, karotener, kurkumin), spirulinakoncentrat, ytbehandlingsmedel/overfladebehandlingsmiddel (karnaubavax/-voks, bivax/bivoks (vit)), grönsaks-/grøntsagskoncentrat (safflor/farvetidsel/fargetistel, rädisa/radise/reddik), maltekstrakt (KORN/BYG/BYGG).",
    "storage": "Förvaras/Opbevares torrt/tørt och svalt/køligt. Bäst före utgången av/bedst før udgangen af/Best før utgangen av: se botten/bunden.",
    "allergens": "",
    "usage": "VIKTIGT: Små barn (yngre än 4 år) har bergänsad/begrænset tyggmöjlighet/tyggemulighed och kan få godis/slik/godteri fel/galt i halsen.",
    "nutrition": [
      {
        "Näringsvärde": "Energi (kcal)",
        "100 Gram": "470 kcal"
      },
      {
        "Näringsvärde": "Energi (kJ)",
        "100 Gram": "1975 kJ"
      },
      {
        "Näringsvärde": "Fett",
        "100 Gram": "18.7 g"
      },
      {
        "Näringsvärde": "Varav mättat fett",
        "100 Gram": "11.3 g"
      },
      {
        "Näringsvärde": "Kolhydrat",
        "100 Gram": "68.8 g"
      },
      {
        "Näringsvärde": "Varav sockerarter",
        "100 Gram": "59.8 g"
      },
      {
        "Näringsvärde": "Fiber",
        "100 Gram": "1.9 g"
      },
      {
        "Näringsvärde": "Protein",
        "100 Gram": "5.4 g"
      },
      {
        "Näringsvärde": "Salt",
        "100 Gram": "0.13 g"
      }
    ],
    "nutritionUnitText": "Näringsvärde per 100 gram",
    "categories": {
      "mainCategory": "Glass, Godis & Snacks",
      "subCategories": [
        {
          "name": "Godis",
          "subSubCategories": [
            "Godispåsar"
          ]
        }
      ]
    }
  },
  {
    "name": "Godis Favoritmix 147g Hulten",
    "weightText": "0.147 kg",
    "caPart": "",
    "weightValue": 0.147,
    "weightUnit": "kg",
    "comparePrice": "173,47 kr/kg",
    "currentPrice": 25.5,
    "attributes": [],
    "imgUrl": "https://handlaprivatkund.ica.se/images-v3/bf7a00ca-390e-4769-865f-dc369586872e/0842041e-a3e5-4a9e-83df-c17e0dd0a505/500x500.jpg",
    "productInformation": "",
    "countryText": "",
    "companyText": "Hulten",
    "ingrediensText": "Ingredienser: Glukos-fruktossirap, socker, palmfett, kokosolja, kakaosmör, kakaomassa, tuggmassa, fuktighetsbevarande medel (sorbitolsirap, glycerol), druvsocker, modifierad stärkelse, VASSLEPULVER, VASSLEPERMEAT, HELMJÖLKSPULVER, SKUMMJÖLKSPULVER, SMÖRFETT, surhetsreglerande medel (E331) syror (citronsyra, äppelsyra, mjölksyra, vinsyra), natriumvätekarbonat, vassleprodukt (MJÖLK), arom (naturlig vaniljsmak), dextros, klumpförebyggande medel (magnesium stearate, mono och diglycerider av fettsyror, majsstärkelse), sockerkulör, emulgeringsmedel (SOJALECITIN, E435, sackarosestrar av fettsyror, glycerol monostearat) stearinsyra, gelatin, hydrolyserat SOJAPROTEIN, vegetabilisk olja (palmolja, palmkärnolja), antioxidationsmedel (E321, alfatokoferol) ,färgämne (gurkmejaextrakt, svart morot, karotener, paprikaoleoresin, rödbetsrött, antocyaner, kurkumin, karminsyra, karotener, extrakt av fläderbär, sockerkulör, klorofyll-kopparkomplex, lutein), fruktpure/saft/koncentrat (jordgubbe, apelsin, citron, morot, svart morot, fläderbär, äpple, körsbär, hallon, ananas, lime, persika, banan, blåbär, björnbär, mango, vattenmelon, kiwi, svarta vinbär, aronia, passionsfrukt, vindruva, rödbetor, safflor, rädisa, sötpotatis, spirulina), förtjockningsmedel (gellangummi, cellulosagummi, gummi arabicum),ytbehandlingsmedel (bivax vitt och gult, karnaubavax, shellack), karamellsockerlag, dextrinKAN INNEHÅLLA NÖTTER ,VETE , GLUTEN",
    "storage": "Lägsta förvaringstemperatur 12°C Högsta förvaringstemperatur 23°C",
    "allergens": "Kan innehålla spår av Nötter, Jordnötter, Spannmål som innehåller gluten.",
    "usage": "",
    "nutrition": [
      {
        "Näringsvärde": "Energi (kcal)",
        "100 Gram": "301.62 kcal"
      },
      {
        "Näringsvärde": "Energi (kJ)",
        "100 Gram": "1276.69 kJ"
      },
      {
        "Näringsvärde": "Fett",
        "100 Gram": "3.99 g"
      },
      {
        "Näringsvärde": "Varav mättat fett",
        "100 Gram": "2.58 g"
      },
      {
        "Näringsvärde": "Kolhydrat",
        "100 Gram": "64.22 g"
      },
      {
        "Näringsvärde": "Varav sockerarter",
        "100 Gram": "54.59 g"
      },
      {
        "Näringsvärde": "Protein",
        "100 Gram": "1.29 g"
      },
      {
        "Näringsvärde": "Salt",
        "100 Gram": "0.18 g"
      }
    ],
    "nutritionUnitText": "Näringsvärde per 100 gram",
    "categories": {
      "mainCategory": "Glass, Godis & Snacks",
      "subCategories": [
        {
          "name": "Godis",
          "subSubCategories": [
            "Godispåsar"
          ]
        }
      ]
    }
  },
  {
    "name": "Kinder Maxi 6-p 126g Ferrero",
    "weightText": "0.126 kg",
    "caPart": "",
    "weightValue": 0.126,
    "weightUnit": "kg",
    "comparePrice": "194,44 kr/kg",
    "currentPrice": 24.5,
    "attributes": [],
    "imgUrl": "https://handlaprivatkund.ica.se/images-v3/bf7a00ca-390e-4769-865f-dc369586872e/16286d42-682f-46aa-b699-892662d6b738/500x500.jpg",
    "productInformation": "Information från leverantör \n Kinder Maxi består av ett yttre lager av mjölkchoklad och fyllning av mjölkkräm. Passar för dig som vill ha en liten bit choklad.",
    "countryText": "",
    "companyText": "Ferrero",
    "ingrediensText": "Ingredienser: MJÖLKCHOKLAD / MÆLKECHOKOLADE 40 % (socker, HELMJÖLK- / SØDMÆLKSPULVER, kakaosmör, kakaomassa, emulgeringsmedel: lecitiner (SOJA); vanillin), socker, SKUMMJÖLK- / SKUMMETMÆLKSPULVER (18 %), palmolja, vattenfritt MJÖLKFETT / vandfrit MÆLKEFEDT, emulgeringsmedel: lecitiner (SOJA); vanillin. Mjölkbeståndsdelar / Mælkeandel / Melkekomponenter totalt: 33 % - Kakaohalt / Kakaoandel / Kakaokomponenter totalt: 13 %.",
    "storage": "",
    "allergens": "",
    "usage": "",
    "nutrition": [
      {
        "Näringsvärde": "Energi (kcal)",
        "100 Gram": "566 kcal"
      },
      {
        "Näringsvärde": "Energi (kJ)",
        "100 Gram": "2360 kJ"
      },
      {
        "Näringsvärde": "Fett",
        "100 Gram": "35 g"
      },
      {
        "Näringsvärde": "Varav mättat fett",
        "100 Gram": "22.6 g"
      },
      {
        "Näringsvärde": "Kolhydrat",
        "100 Gram": "53.5 g"
      },
      {
        "Näringsvärde": "Varav sockerarter",
        "100 Gram": "53.3 g"
      },
      {
        "Näringsvärde": "Protein",
        "100 Gram": "8.7 g"
      },
      {
        "Näringsvärde": "Salt",
        "100 Gram": "0.313 g"
      }
    ],
    "nutritionUnitText": "Näringsvärde per 100 gram",
    "categories": {
      "mainCategory": "Glass, Godis & Snacks",
      "subCategories": [
        {
          "name": "Choklad",
          "subSubCategories": [
            "Chokladstycksaker"
          ]
        }
      ]
    }
  },
  {
    "name": "Snickersglass 6-p Mars",
    "weightText": "",
    "caPart": "",
    "weightValue": 0,
    "weightUnit": "",
    "comparePrice": "6 per frp 8,83 kr/st",
    "currentPrice": 52.95,
    "attributes": [],
    "imgUrl": "https://handlaprivatkund.ica.se/images-v3/bf7a00ca-390e-4769-865f-dc369586872e/2a8f038a-bb25-4549-91da-68bd98548570/500x500.jpg",
    "productInformation": "En av världens mest populära chokladbars i en glassig tappning! Krämig vaniljgräddglass med jordnötter, ett tjockt täcke av mjuk kola och ett överdrag av krispig mjölkchoklad. Här i flerpack med 6 st glassar.",
    "countryText": "",
    "companyText": "Mars",
    "ingrediensText": "Ingredienser: SKUMMJÖLK/SKUMMETMELK/SKUMMETMÆLK (15%), socker/sukker, glukossirap/glukosesirup, GRÄDDE/FLØTE/FLØDE (13%) (från/fra/af MJÖLK/MELK/MÆLK), JORDNÖTTER/PEANØTTER/JORDNØDDER, sötad/søtet/sukret kondenserad/kondensert/kondenseret SKUMMJÖLK/SKUMMETMELK/SKUMMETMÆLK, vatten/vann/vand, kokosfett/kokosfedt, kakaosmör/kakaosmør, palmfett/palmefett/palmefedt, kakaomassa/-masse, SKUMMJÖLKSPULVER/MELKEPULVER AV SKUMMETMELK/SKUMMETMÆLKSPULVER, MJÖLKFETT/MELKEFETT/MÆLKEFEDT, LAKTOS/LAKTOSE, vassle-/myse-/vallepermeat (från/fra/af MJÖLK/MELK/MÆLK), emulgeringsmedel/emulgatorer (SOJA-/SOYA-/SOJALECITIN, E471), fettreducerat/fettredusert/fedt reduceret kakao, stabiliseringsmedel/stabilisatorer (E407, E410, E412), salt, vaniljextrakt/vaniljeekstrakt/vanilleekstrakt, naturligt/naturlige aromämne/aroma/aromastof (från/fra MJÖLK/MELK/MÆLK). (Kan innehålle/inneholde/indeholde: MANDEL, HASSEL-NÖT/-NØTT/-NØD).",
    "storage": "Lägsta förvaringstemperatur -35°C Högsta förvaringstemperatur -18°C",
    "allergens": "Innehåller Jordnötter Innehåller Sojabönor Innehåller Mjölk Kan innehålla Nötter (eng: tree nuts)",
    "usage": "",
    "nutrition": [
      {
        "Näringsvärde": "Energi (kcal)",
        "100 Milliliter": "341 kcal"
      },
      {
        "Näringsvärde": "Energi (kJ)",
        "100 Milliliter": "1425 kJ"
      },
      {
        "Näringsvärde": "Fett",
        "100 Milliliter": "20 g"
      },
      {
        "Näringsvärde": "Varav mättat fett",
        "100 Milliliter": "9.4 g"
      },
      {
        "Näringsvärde": "Kolhydrat",
        "100 Milliliter": "34 g"
      },
      {
        "Näringsvärde": "Varav sockerarter",
        "100 Milliliter": "25 g"
      },
      {
        "Näringsvärde": "Protein",
        "100 Milliliter": "5.9 g"
      },
      {
        "Näringsvärde": "Salt",
        "100 Milliliter": "0.24 g"
      }
    ],
    "nutritionUnitText": "Näringsvärde per 100 milliliter",
    "categories": {
      "mainCategory": "Glass, Godis & Snacks",
      "subCategories": [
        {
          "name": "Glass",
          "subSubCategories": [
            "Pinnglass"
          ]
        }
      ]
    }
  },
  {
    "name": "Gräddglass Jordgubb 500ml SIA GLASS",
    "weightText": "0.5 l",
    "caPart": "",
    "weightValue": 0.5,
    "weightUnit": "l",
    "comparePrice": "33,90 kr/l",
    "currentPrice": 16.95,
    "attributes": [
      "Från Sverige",
      "Ursprungsland Sverige"
    ],
    "imgUrl": "https://handlaprivatkund.ica.se/images-v3/bf7a00ca-390e-4769-865f-dc369586872e/59b19a53-aa79-4fac-bcd0-4c3f3c1b69fd/500x500.jpg",
    "productInformation": "Svensk krämig gräddglass med smak av svenska jordgubbar från Stora Bergs Självplock.SIA Glass är ett familjeföretag med hjärtat i halländska Slöinge. Det är med kärlek för hantverket och omtanke om djur och natur som vi tillverkar all vår gräddglass i Sverige. Alltid gjord på svensk färsk grädde.",
    "countryText": "Sverige",
    "companyText": "SIA Glass",
    "ingrediensText": "Ingredienser: SKUMMJÖLK*, GRÄDDE*(21%), socker*, jordgubbar*, glukossirap, SKUMMJÖLKSPULVER*, druvsocker, citronjuicekoncentrat, arom, färgämne (rödbetsrött, fläderbärsjuicekoncentrat), emulgeringsmedel (mono- och diglycerider av veg fettsyror), stabiliseringsmedel (fruktkärnmjöl, guarkärnmjöl, pektin). *Ursprung: Sverige. Grädde med 40% fetthalt.",
    "storage": "Lägsta förvaringstemperatur -25°C Högsta förvaringstemperatur -18°C",
    "allergens": "Innehåller Mjölk",
    "usage": "",
    "nutrition": [
      {
        "Näringsvärde": "Energi (kcal)",
        "100 Gram": "200 kcal"
      },
      {
        "Näringsvärde": "Energi (kJ)",
        "100 Gram": "850 kJ"
      },
      {
        "Näringsvärde": "Fett",
        "100 Gram": "9.1 g"
      },
      {
        "Näringsvärde": "Varav mättat fett",
        "100 Gram": "5.9 g"
      },
      {
        "Näringsvärde": "Kolhydrat",
        "100 Gram": "25 g"
      },
      {
        "Näringsvärde": "Varav sockerarter",
        "100 Gram": "24 g"
      },
      {
        "Näringsvärde": "Varav polyoler",
        "100 Gram": "0 g"
      },
      {
        "Näringsvärde": "Fiber",
        "100 Gram": "0 g"
      },
      {
        "Näringsvärde": "Protein",
        "100 Gram": "3.5 g"
      },
      {
        "Näringsvärde": "Salt",
        "100 Gram": "0 g"
      },
      {
        "Näringsvärde": "Vitamin B12",
        "100 Gram": "0 µg"
      },
      {
        "Näringsvärde": "Vitamin D",
        "100 Gram": "0 µg"
      },
      {
        "Näringsvärde": "Folsyra",
        "100 Gram": "0 µg"
      },
      {
        "Näringsvärde": "Selen",
        "100 Gram": "0 µg"
      }
    ],
    "nutritionUnitText": "Näringsvärde per 100 gram",
    "categories": {
      "mainCategory": "Glass, Godis & Snacks",
      "subCategories": [
        {
          "name": "Glass",
          "subSubCategories": [
            "Små Glasspaket"
          ]
        }
      ]
    }
  },
  {
    "name": "Björnar Söta 32g Cloetta",
    "weightText": "0.032 kg",
    "caPart": "",
    "weightValue": 0.032,
    "weightUnit": "kg",
    "comparePrice": "217,19 kr/kg",
    "currentPrice": 6.95,
    "attributes": [],
    "imgUrl": "https://handlaprivatkund.ica.se/images-v3/bf7a00ca-390e-4769-865f-dc369586872e/cdc84743-7c1b-4f8d-9569-afd7635b7d3e/500x500.jpg",
    "productInformation": "",
    "countryText": "",
    "companyText": "Cloetta",
    "ingrediensText": "socker/sukker, glukossirap, stärkelse/stivelse, vatten/vand, gelatin, syra (citronsyra), aromer, vegetabiliska oljor (palm, kokos), ytbehandlings-/overfladebehandlingsmiddel (karnaubavax/voks), färgämnen/farvestoffer (E120, E160a, E133).",
    "storage": "Förvaras torrt och svalt",
    "allergens": "",
    "usage": "",
    "nutrition": [
      {
        "Näringsvärde": "Energi (kcal)",
        "100 Gram": "352 kcal"
      },
      {
        "Näringsvärde": "Energi (kJ)",
        "100 Gram": "1497 kJ"
      },
      {
        "Näringsvärde": "Fett",
        "100 Gram": "0.2 g"
      },
      {
        "Näringsvärde": "Varav mättat fett",
        "100 Gram": "0.2 g"
      },
      {
        "Näringsvärde": "Kolhydrat",
        "100 Gram": "81 g"
      },
      {
        "Näringsvärde": "Varav sockerarter",
        "100 Gram": "65 g"
      },
      {
        "Näringsvärde": "Protein",
        "100 Gram": "4.6 g"
      },
      {
        "Näringsvärde": "Salt",
        "100 Gram": "0.01 g"
      }
    ],
    "nutritionUnitText": "Näringsvärde per 100 gram",
    "categories": {
      "mainCategory": "Glass, Godis & Snacks",
      "subCategories": [
        {
          "name": "Godis",
          "subSubCategories": [
            "Tablettaskar, klubbor & småsaker"
          ]
        }
      ]
    }
  },
  {
    "name": "Nappar Cola 80g Haribo",
    "weightText": "0.08 kg",
    "caPart": "",
    "weightValue": 0.08,
    "weightUnit": "kg",
    "comparePrice": "143,75 kr/kg",
    "currentPrice": 11.5,
    "attributes": [],
    "imgUrl": "https://handlaprivatkund.ica.se/images-v3/bf7a00ca-390e-4769-865f-dc369586872e/345f4f87-1009-4d6c-b84e-ace46a5c08fe/500x500.jpg",
    "productInformation": "Smaskens för cola-älskaren",
    "countryText": "",
    "companyText": "Haribo",
    "ingrediensText": "Ingredienser: Glukossirap; socker; gelatin; druvsocker; syra: citronsyra; karamelliserat socker; arom; solrosolja; ytbehandlingsmedel: bivax vitt och gult.",
    "storage": "Skyddas mot värme och fukt Lägsta förvaringstemperatur 13°C Högsta förvaringstemperatur 25°C",
    "allergens": "",
    "usage": "",
    "nutrition": [
      {
        "Näringsvärde": "Energi (kcal)",
        "100 Gram": "343 kcal"
      },
      {
        "Näringsvärde": "Energi (kJ)",
        "100 Gram": "1459 kJ"
      },
      {
        "Näringsvärde": "Fett",
        "100 Gram": "0.5 g"
      },
      {
        "Näringsvärde": "Varav mättat fett",
        "100 Gram": "0.1 g"
      },
      {
        "Näringsvärde": "Kolhydrat",
        "100 Gram": "77 g"
      },
      {
        "Näringsvärde": "Varav sockerarter",
        "100 Gram": "46 g"
      },
      {
        "Näringsvärde": "Protein",
        "100 Gram": "6.9 g"
      },
      {
        "Näringsvärde": "Salt",
        "100 Gram": "0.07 g"
      }
    ],
    "nutritionUnitText": "Näringsvärde per 100 gram",
    "categories": {
      "mainCategory": "Glass, Godis & Snacks",
      "subCategories": [
        {
          "name": "Godis",
          "subSubCategories": [
            "Godispåsar"
          ]
        }
      ]
    }
  },
  {
    "name": "Chips Karamelliserad Rödlök 275g Estrella",
    "weightText": "0.275 kg",
    "caPart": "",
    "weightValue": 0.275,
    "weightUnit": "kg",
    "comparePrice": "114,55 kr/kg",
    "currentPrice": 31.5,
    "attributes": [],
    "imgUrl": "https://handlaprivatkund.ica.se/images-v3/bf7a00ca-390e-4769-865f-dc369586872e/1bda6289-f8c2-4a5a-a2fd-434da4364dce/500x500.jpg",
    "productInformation": "Estrella Karamelliserad Rödlök är grovräfflade potatischips med en söt och syrlig smak av karamelliserad rödlök. God att dippa eller att bjuda på precis som de är. Smakrika och cravings-vänliga chips från chipsfabriken i Göteborg, och dessutom veganska. Krispig helg!",
    "countryText": "",
    "companyText": "Estrella",
    "ingrediensText": "Potatis, solros-/rapsolja, kryddblandning (socker, lökpulver (gul och rödlök), salt, jästextrakt, maltodextrin, vitlök, naturlig arom, syra (citronsyra), färgämne (paprikaextrakt)). Kan innehålla spår av MJÖLK.",
    "storage": "Lägsta förvaringstemperatur 10°C Högsta förvaringstemperatur 25°C",
    "allergens": "",
    "usage": "",
    "nutrition": [
      {
        "Näringsvärde": "Energi (kcal)",
        "100 Gram": "517 kcal"
      },
      {
        "Näringsvärde": "Energi (kJ)",
        "100 Gram": "2154 kJ"
      },
      {
        "Näringsvärde": "Fett",
        "100 Gram": "33 g"
      },
      {
        "Näringsvärde": "Varav mättat fett",
        "100 Gram": "2.6 g"
      },
      {
        "Näringsvärde": "Kolhydrat",
        "100 Gram": "47 g"
      },
      {
        "Näringsvärde": "Varav sockerarter",
        "100 Gram": "2.8 g"
      },
      {
        "Näringsvärde": "Fiber",
        "100 Gram": "5.2 g"
      },
      {
        "Näringsvärde": "Protein",
        "100 Gram": "5.9 g"
      },
      {
        "Näringsvärde": "Salt",
        "100 Gram": "1.4 g"
      }
    ],
    "nutritionUnitText": "Näringsvärde per 100 gram",
    "categories": {
      "mainCategory": "Glass, Godis & Snacks",
      "subCategories": [
        {
          "name": "Chips & snacks",
          "subSubCategories": [
            "Chips"
          ]
        }
      ]
    }
  },
  {
    "name": "Chips Sweet chili pepper 170g Doritos",
    "weightText": "0.17 kg",
    "caPart": "",
    "weightValue": 0.17,
    "weightUnit": "kg",
    "comparePrice": "185,29 kr/kg",
    "currentPrice": 31.5,
    "attributes": [],
    "imgUrl": "https://handlaprivatkund.ica.se/images-v3/bf7a00ca-390e-4769-865f-dc369586872e/08202215-dc96-4fa7-a605-3cc876ebf3ec/500x500.jpg",
    "productInformation": "",
    "countryText": "",
    "companyText": "Doritos",
    "ingrediensText": "Majs (72%), rapsolie, sød chilismag [sukker, aromaer, smagsforstærkare (mononatriumglutamat, dinatriumguanylat), kaliumklorid, hydrolyseret vegetabilisk protein, paprikapulver, løg-/lökpulver, hvidløg-/vitlökspulver, salt, syre (citronsyre), cayennepebber, farvestoff/färgämnen (paprika ekstrakt/ paprikaoleoresin)], antioksidanter (ascorbinsyre, ekstrakter af rosmarin, tocopherolrig ekstrakt, citronsyre). KAN INDEHOLDE SOJA/SOYA OG HVEDE/HVETE/VETE (GLUTEN).",
    "storage": "",
    "allergens": "",
    "usage": "",
    "nutrition": [
      {
        "Näringsvärde": "Energi (kcal)",
        "100 Gram": "477 kcal"
      },
      {
        "Näringsvärde": "Energi (kJ)",
        "100 Gram": "1996 kJ"
      },
      {
        "Näringsvärde": "Fett",
        "100 Gram": "22 g"
      },
      {
        "Näringsvärde": "Varav mättat fett",
        "100 Gram": "2 g"
      },
      {
        "Näringsvärde": "Kolhydrat",
        "100 Gram": "60 g"
      },
      {
        "Näringsvärde": "Varav sockerarter",
        "100 Gram": "4.5 g"
      },
      {
        "Näringsvärde": "Fiber",
        "100 Gram": "5.5 g"
      },
      {
        "Näringsvärde": "Protein",
        "100 Gram": "6.4 g"
      },
      {
        "Näringsvärde": "Salt",
        "100 Gram": "1.1 g"
      }
    ],
    "nutritionUnitText": "Näringsvärde per 100 gram",
    "categories": {
      "mainCategory": "Glass, Godis & Snacks",
      "subCategories": [
        {
          "name": "Chips & snacks",
          "subSubCategories": [
            "Chips"
          ]
        }
      ]
    }
  },
  {
    "name": "Chokladkaka EXCELLENCE 90% Kakao Mörk Choklad 100g Lindt",
    "weightText": "0.1 kg",
    "caPart": "",
    "weightValue": 0.1,
    "weightUnit": "kg",
    "comparePrice": "409,50 kr/kg",
    "currentPrice": 40.95,
    "attributes": [],
    "imgUrl": "https://handlaprivatkund.ica.se/images-v3/bf7a00ca-390e-4769-865f-dc369586872e/306b2c7f-56b6-4ff4-9414-ffabdbb2bf72/500x500.jpg",
    "productInformation": "Lindt EXCELLENCE Dark 90% Cocoa är en chokladkaka av mörk choklad, tunn och intensiv med de finaste ingredienser skapad av Lindts Chokladmästare. Den perfekta blandningen av len mörk choklad med hög kakaohalt i kombination med toner av rostade kaffebönor ger en djup och överraskande balanserad karaktär - en sann smaksensation för alla sinnen. Hållbart odlade kakaobönor genom Lindt & Sprüngli Farming Program - i samarbete med jordbrukarna och deras lokalsamhällen.",
    "countryText": "",
    "companyText": "Lindt",
    "ingrediensText": "kakaomassa, kakaosmör, fettreducerat kakaopulver, socker. Kan innehålla HASSELNÖTTER, MANDLAR, andra NÖTTER, MJÖLK, SOJA. Den mörka chokladen innehåller minst 90% kakao.",
    "storage": "",
    "allergens": "",
    "usage": "",
    "nutrition": [
      {
        "Näringsvärde": "Energi (kcal)",
        "100 Gram": "592 kcal"
      },
      {
        "Näringsvärde": "Energi (kJ)",
        "100 Gram": "2483 kJ"
      },
      {
        "Näringsvärde": "Fett",
        "100 Gram": "55 g"
      },
      {
        "Näringsvärde": "Varav mättat fett",
        "100 Gram": "30 g"
      },
      {
        "Näringsvärde": "Kolhydrat",
        "100 Gram": "14 g"
      },
      {
        "Näringsvärde": "Varav sockerarter",
        "100 Gram": "7 g"
      },
      {
        "Näringsvärde": "Protein",
        "100 Gram": "10 g"
      },
      {
        "Näringsvärde": "Salt",
        "100 Gram": "0.03 g"
      }
    ],
    "nutritionUnitText": "Näringsvärde per 100 gram",
    "categories": {
      "mainCategory": "Glass, Godis & Snacks",
      "subCategories": [
        {
          "name": "Choklad",
          "subSubCategories": [
            "Chokladkakor",
            "Mörk choklad"
          ]
        }
      ]
    }
  },
  {
    "name": "Chips Cheddar Royal & Sourcreme 275g OLW",
    "weightText": "0.275 kg",
    "caPart": "",
    "weightValue": 0.275,
    "weightUnit": "kg",
    "comparePrice": "114,55 kr/kg",
    "currentPrice": 31.5,
    "attributes": [],
    "imgUrl": "https://handlaprivatkund.ica.se/images-v3/bf7a00ca-390e-4769-865f-dc369586872e/16bad112-c65f-4bf4-b8c9-88ca94c1ab65/500x500.jpg",
    "productInformation": "Det är i vår värmländska chipsfabrik det händer. Ända sedan 1968 är det här som alla läckra smaker, kryddor och Sveriges finaste potatis blir oemotståndligt goda OLW-chips. Dessa grovräfflade potatischipsen är smaksatta med rik cheddarost och krämig gräddfil. Kungligt gott.",
    "countryText": "",
    "companyText": "Olw",
    "ingrediensText": "Ingredienser: Potatis, solrosolja, kryddblandning (salt, VASSLEPULVER (från MJÖLK), druvsocker, MJÖLKSOCKER, lök, socker, OSTPULVER (varav 60% cheddar), jästextrakt, surhetsreglerande medel (mjölksyra), arom, persilja, vitlök, paprikaextrakt).",
    "storage": "",
    "allergens": "Innehåller Mjölk",
    "usage": "",
    "nutrition": [
      {
        "Näringsvärde": "Energi (kcal)",
        "100 Gram": "520 kcal"
      },
      {
        "Näringsvärde": "Energi (kJ)",
        "100 Gram": "2200 kJ"
      },
      {
        "Näringsvärde": "Fett",
        "100 Gram": "33 g"
      },
      {
        "Näringsvärde": "Varav mättat fett",
        "100 Gram": "3.5 g"
      },
      {
        "Näringsvärde": "Kolhydrat",
        "100 Gram": "57 g"
      },
      {
        "Näringsvärde": "Varav sockerarter",
        "100 Gram": "3.2 g"
      },
      {
        "Näringsvärde": "Protein",
        "100 Gram": "5.1 g"
      },
      {
        "Näringsvärde": "Salt",
        "100 Gram": "1.5 g"
      }
    ],
    "nutritionUnitText": "Näringsvärde per 100 gram",
    "categories": {
      "mainCategory": "Glass, Godis & Snacks",
      "subCategories": [
        {
          "name": "Chips & snacks",
          "subSubCategories": [
            "Chips"
          ]
        }
      ]
    }
  },
  {
    "name": "Chips Peppar 275g Estrella",
    "weightText": "0.275 kg",
    "caPart": "",
    "weightValue": 0.275,
    "weightUnit": "kg",
    "comparePrice": "114,55 kr/kg",
    "currentPrice": 31.5,
    "attributes": [],
    "imgUrl": "https://handlaprivatkund.ica.se/images-v3/bf7a00ca-390e-4769-865f-dc369586872e/f77ada33-7da7-4ba9-9897-3cf9f254e5a6/500x500.jpg",
    "productInformation": "Estrella Pepparchips är krispiga grovräfflade potatischips med smak av salt och svartpeppar. En klassiker i chipshyllan sedan 1975. Dessa chips bjuder på en kraftfull pepprig smak med härlig intensitet. De grova räfflorna gör dem optimala att dippa. Direkt från chipsfabriken i Göteborg gjorda på naturliga råvaror med mycket smak - och dessutom veganvänlig. Krispig helg med snacks från Estrella!",
    "countryText": "",
    "companyText": "Estrella",
    "ingrediensText": "Potatis, solros-/rapsolja, kryddblandning (maltodextrin, salt, druvsocker, lökpulver, jästextrakt, paprikapulver, socker, svartpeppar, kryddextrakt (svartpeppar), naturliga aromer, syra (citronsyra)). Kan innehålla spår av MJÖLK.",
    "storage": "",
    "allergens": "",
    "usage": "",
    "nutrition": [
      {
        "Näringsvärde": "Energi (kcal)",
        "100 Gram": "514 kcal"
      },
      {
        "Näringsvärde": "Energi (kJ)",
        "100 Gram": "2141 kJ"
      },
      {
        "Näringsvärde": "Fett",
        "100 Gram": "33 g"
      },
      {
        "Näringsvärde": "Varav mättat fett",
        "100 Gram": "2.6 g"
      },
      {
        "Näringsvärde": "Kolhydrat",
        "100 Gram": "46 g"
      },
      {
        "Näringsvärde": "Varav sockerarter",
        "100 Gram": "1.9 g"
      },
      {
        "Näringsvärde": "Fiber",
        "100 Gram": "5.2 g"
      },
      {
        "Näringsvärde": "Protein",
        "100 Gram": "5.8 g"
      },
      {
        "Näringsvärde": "Salt",
        "100 Gram": "1.7 g"
      }
    ],
    "nutritionUnitText": "Näringsvärde per 100 gram",
    "categories": {
      "mainCategory": "Glass, Godis & Snacks",
      "subCategories": [
        {
          "name": "Chips & snacks",
          "subSubCategories": [
            "Chips"
          ]
        }
      ]
    }
  },
  {
    "name": "Chokladkaka Mjölkchoklad Oreo 160g Marabou",
    "weightText": "0.16 kg",
    "caPart": "",
    "weightValue": 0.16,
    "weightUnit": "kg",
    "comparePrice": "193,44 kr/kg",
    "currentPrice": 30.95,
    "attributes": [],
    "imgUrl": "https://handlaprivatkund.ica.se/images-v3/bf7a00ca-390e-4769-865f-dc369586872e/9bf61b89-50e3-491c-aff2-1b2fc19b1350/500x500.jpg",
    "productInformation": "Marabou Oreo är en Marabou Mjölkchokladkaka med krossade bitar av Oreo som passar för alla tillfällen. Genom Cocoa Life, vårt program för en hållbar kakaoproduktion, bidrar Marabou till att kakao odlas på rätt sätt, för att skydda planeten och respektera mänskliga rättigheter i vår värdekedja. Läs mer om Cocoa Life här www.cocoalife.org.",
    "countryText": "",
    "companyText": "Marabou",
    "ingrediensText": "Ingredienser: Socker, kakaosmör, kakaomassa, vasslepulver (MJÖLK), SKUMMJÖLKSPULVER, SMÖRFETT, VETEMJÖL, vassleprodukt (MJÖLK), palmolja, rapsolja, emulgeringsmedel (SOJALECITINER), VETESTÄRKELSE, kakaopulver (0,6 %), glukos-fruktossirap, bakpulver (E501, E503, E500), salt, aromer, surhetsreglerande medel (E524). Minst 30 % kakao. KAN INNEHÅLLA NÖTTER.",
    "storage": "",
    "allergens": "",
    "usage": "",
    "nutrition": [
      {
        "Näringsvärde": "Energi (kcal)",
        "100 Gram": "517 kcal"
      },
      {
        "Näringsvärde": "Energi (kJ)",
        "100 Gram": "2248 kJ"
      },
      {
        "Näringsvärde": "Fett",
        "100 Gram": "30 g"
      },
      {
        "Näringsvärde": "Varav mättat fett",
        "100 Gram": "17 g"
      },
      {
        "Näringsvärde": "Kolhydrat",
        "100 Gram": "60 g"
      },
      {
        "Näringsvärde": "Varav sockerarter",
        "100 Gram": "55 g"
      },
      {
        "Näringsvärde": "Fiber",
        "100 Gram": "2.1 g"
      },
      {
        "Näringsvärde": "Protein",
        "100 Gram": "4.7 g"
      },
      {
        "Näringsvärde": "Salt",
        "100 Gram": "0.32 g"
      }
    ],
    "nutritionUnitText": "Näringsvärde per 100 gram",
    "categories": {
      "mainCategory": "Glass, Godis & Snacks",
      "subCategories": [
        {
          "name": "Choklad",
          "subSubCategories": [
            "Chokladkakor"
          ]
        }
      ]
    }
  },
  {
    "name": "Chokladkaka Premium 86% kakao Dark 100g Marabou",
    "weightText": "0.1 kg",
    "caPart": "",
    "weightValue": 0.1,
    "weightUnit": "kg",
    "comparePrice": "389,50 kr/kg",
    "currentPrice": 38.95,
    "attributes": [],
    "imgUrl": "https://handlaprivatkund.ica.se/images-v3/bf7a00ca-390e-4769-865f-dc369586872e/9b995a55-86b7-48ea-a145-7eebaee6dd14/500x500.jpg",
    "productInformation": "Marabou Premium 86% Kakao-En mörk choklad med extra hög kakaohalt som ger en karakteristisk smak av rostade kakaobönor.",
    "countryText": "",
    "companyText": "Marabou",
    "ingrediensText": "Ingredienser: Kakaomassa, kakaosmör, fettreducerad/fedtfattig kakao, socker, arom, emulgeringsmedel/emulgator (SOJALECITIN), MJÖLK/-MÆLKEPULVER. Minst 86% kakao/kakaotørstof. KAN INNEHÅLLA NÖTTER/NØDDER.",
    "storage": "Lägsta förvaringstemperatur 10°C Högsta förvaringstemperatur 20°C",
    "allergens": "",
    "usage": "",
    "nutrition": [
      {
        "Näringsvärde": "Energi (kcal)",
        "100 Gram": "640 kcal"
      },
      {
        "Näringsvärde": "Energi (kJ)",
        "100 Gram": "2655 kJ"
      },
      {
        "Näringsvärde": "Fett",
        "100 Gram": "56.5 g"
      },
      {
        "Näringsvärde": "Varav mättat fett",
        "100 Gram": "35 g"
      },
      {
        "Näringsvärde": "Kolhydrat",
        "100 Gram": "18 g"
      },
      {
        "Näringsvärde": "Varav sockerarter",
        "100 Gram": "13 g"
      },
      {
        "Näringsvärde": "Fiber",
        "100 Gram": "13 g"
      },
      {
        "Näringsvärde": "Protein",
        "100 Gram": "8.5 g"
      },
      {
        "Näringsvärde": "Salt",
        "100 Gram": "0.03 g"
      }
    ],
    "nutritionUnitText": "Näringsvärde per 100 gram",
    "categories": {
      "mainCategory": "Glass, Godis & Snacks",
      "subCategories": [
        {
          "name": "Choklad",
          "subSubCategories": [
            "Chokladkakor",
            "Mörk choklad"
          ]
        }
      ]
    }
  },
  {
    "name": "Popcorn Mikropopcorn smörsmak 3-p 270g ICA",
    "weightText": "0.27 kg",
    "caPart": "",
    "weightValue": 0.27,
    "weightUnit": "kg",
    "comparePrice": "75,93 kr/kg",
    "currentPrice": 20.5,
    "attributes": [],
    "imgUrl": "https://handlaprivatkund.ica.se/images-v3/bf7a00ca-390e-4769-865f-dc369586872e/bd9c3ae2-8092-4783-b205-16ca60e55865/500x500.jpg",
    "productInformation": "ICA mikropopcorn är redo att poppas i mikrovågsugnen. Snabba snacks med härlig smörsmak! Lämna aldrig mikron utan tillsyn under poppningen och se till att en vuxen är med.",
    "countryText": "",
    "companyText": "ICA",
    "ingrediensText": "Majskorn* 83,8%, palmolja**, salt, naturlig smörarom (MJÖLK). *Odlade i EU/Icke-EU. **Läs mer om hållbarhetscertiferad palmolja på ica.se",
    "storage": "Förvaras skyddat för starkt ljus och ej över normal rumstemperatur. Bäst före: se undersidan av förpackningen",
    "allergens": "",
    "usage": "",
    "nutrition": [
      {
        "Näringsvärde": "Energi (kcal)",
        "100 Gram": "448 kcal"
      },
      {
        "Näringsvärde": "Energi (kJ)",
        "100 Gram": "1879 kJ"
      },
      {
        "Näringsvärde": "Fett",
        "100 Gram": "16 g"
      },
      {
        "Näringsvärde": "Varav mättat fett",
        "100 Gram": "6.8 g"
      },
      {
        "Näringsvärde": "Kolhydrat",
        "100 Gram": "61 g"
      },
      {
        "Näringsvärde": "Varav sockerarter",
        "100 Gram": "0.8 g"
      },
      {
        "Näringsvärde": "Fiber",
        "100 Gram": "11 g"
      },
      {
        "Näringsvärde": "Protein",
        "100 Gram": "9.5 g"
      },
      {
        "Näringsvärde": "Salt",
        "100 Gram": "1.1 g"
      }
    ],
    "nutritionUnitText": "Näringsvärde per 100 gram",
    "categories": {
      "mainCategory": "Glass, Godis & Snacks",
      "subCategories": [
        {
          "name": "Chips & snacks",
          "subSubCategories": [
            "Popcorn"
          ]
        }
      ]
    }
  },
  {
    "name": "Center 78g Cloetta",
    "weightText": "0.078 kg",
    "caPart": "",
    "weightValue": 0.078,
    "weightUnit": "kg",
    "comparePrice": "237,18 kr/kg",
    "currentPrice": 18.5,
    "attributes": [
      "Rainforest Alliance certifierad"
    ],
    "imgUrl": "https://handlaprivatkund.ica.se/images-v3/bf7a00ca-390e-4769-865f-dc369586872e/b4a74289-5aeb-44f7-b174-62e26bad971a/500x500.jpg",
    "productInformation": "En ljus mjölkchokladpralin fylld med toffee. Bjud på i biomörkret, på läktaren eller bara när som helst. Rulla av ett varv och bjud!",
    "countryText": "",
    "companyText": "Cloetta",
    "ingrediensText": "socker, glukossirap, kakaosmör1, HELMJÖLKSPULVER, vegetabiliska fetter (palm, shea), kakaomassa1, SKUMMJÖLKSPULVER, VASSLEPULVER (MJÖLK), salt, emulgeringsmedel (SOJALECITIN), aromer (bl.a. vanillin). Mjölkchokladen innehåller förutom kakaosmör även annat vegetabiliskt fett. Kan innehålla HASSELNÖTTER. 1Rainforest Alliance Certified. Find out more at ra.org.",
    "storage": "Förvaras torrt och svalt.",
    "allergens": "Kan innehålla spår av Nötter.",
    "usage": "",
    "nutrition": [
      {
        "Näringsvärde": "Energi (kcal)",
        "100 Gram": "482 kcal"
      },
      {
        "Näringsvärde": "Energi (kJ)",
        "100 Gram": "2022 kJ"
      },
      {
        "Näringsvärde": "Fett",
        "100 Gram": "23 g"
      },
      {
        "Näringsvärde": "Varav mättat fett",
        "100 Gram": "14 g"
      },
      {
        "Näringsvärde": "Kolhydrat",
        "100 Gram": "63 g"
      },
      {
        "Näringsvärde": "Varav sockerarter",
        "100 Gram": "48 g"
      },
      {
        "Näringsvärde": "Protein",
        "100 Gram": "4.1 g"
      },
      {
        "Näringsvärde": "Salt",
        "100 Gram": "0.43 g"
      }
    ],
    "nutritionUnitText": "Näringsvärde per 100 gram",
    "categories": {
      "mainCategory": "Glass, Godis & Snacks",
      "subCategories": [
        {
          "name": "Choklad",
          "subSubCategories": [
            "Chokladstycksaker"
          ]
        }
      ]
    }
  },
  {
    "name": "Bilar Fruktkombi 140g Ahlgrens Bilar",
    "weightText": "0.14 kg",
    "caPart": "",
    "weightValue": 0.14,
    "weightUnit": "kg",
    "comparePrice": "135,36 kr/kg",
    "currentPrice": 18.95,
    "attributes": [],
    "imgUrl": "https://handlaprivatkund.ica.se/images-v3/bf7a00ca-390e-4769-865f-dc369586872e/068ca60e-7a85-4abd-8b9a-d191353e84d4/500x500.jpg",
    "productInformation": "Ahlgrens bilar Fruktkombi har samma bottenplatta som Ahlgrens bilar Original men med en härlig överdel av vingummi. Sveriges godaste bil bjuder på en extra smakupplevelse i kombination med vingummi på toppen. Du kan här njuta av tre olika färger och smaker; röd hallon, gul citron och orange tuttifrutti.",
    "countryText": "",
    "companyText": "Ahlgrens Bilar",
    "ingrediensText": "glukossirap, socker, stärkelse, gelatin, invertsockersirap, syra (citronsyra), vegetabiliska oljor (kokos, raps), aromer, koncentrat från (äpple, fläderbär, rädisa), ytbehandlingsmedel (karnaubavax), färgämne (kurkumin).",
    "storage": "Förvaras torrt och i rumstemperatur.",
    "allergens": "",
    "usage": "",
    "nutrition": [
      {
        "Näringsvärde": "Energi (kcal)",
        "100 Gram": "354 kcal"
      },
      {
        "Näringsvärde": "Energi (kJ)",
        "100 Gram": "1497 kJ"
      },
      {
        "Näringsvärde": "Fett",
        "100 Gram": "0.4 g"
      },
      {
        "Näringsvärde": "Varav mättat fett",
        "100 Gram": "0.4 g"
      },
      {
        "Näringsvärde": "Kolhydrat",
        "100 Gram": "83 g"
      },
      {
        "Näringsvärde": "Varav sockerarter",
        "100 Gram": "57 g"
      },
      {
        "Näringsvärde": "Protein",
        "100 Gram": "4.4 g"
      },
      {
        "Näringsvärde": "Salt",
        "100 Gram": "0.14 g"
      }
    ],
    "nutritionUnitText": "Näringsvärde per 100 gram",
    "categories": {
      "mainCategory": "Glass, Godis & Snacks",
      "subCategories": [
        {
          "name": "Godis",
          "subSubCategories": [
            "Godispåsar"
          ]
        }
      ]
    }
  },
  {
    "name": "Chokladkaka Premium 70% Cocoa Mint 100g Marabou",
    "weightText": "0.1 kg",
    "caPart": "",
    "weightValue": 0.1,
    "weightUnit": "kg",
    "comparePrice": "389,50 kr/kg",
    "currentPrice": 38.95,
    "attributes": [],
    "imgUrl": "https://handlaprivatkund.ica.se/images-v3/bf7a00ca-390e-4769-865f-dc369586872e/efd1c48f-d490-4d8d-a60d-75118e00bfdf/500x500.jpg",
    "productInformation": "Marabou Premium Mint- En mörk choklad med 70% kakao och en frisk smak av mint.",
    "countryText": "",
    "companyText": "Marabou",
    "ingrediensText": "Ingredienser: Kakaomassa, socker, kakaosmör, fettreducerad/fedtfattig kakao, palmolja/palmeolie, SMÖRFETT/SMØROLIE, MANDEL, emulgeringsmedel/emulgator (SOJALECITIN), sockrad kondenserad SKUMMJÖLK, aromer, salt, vassle-/vallepulver (MJÖLK/MÆLK), SKUMMJÖLKSPULVER, MJÖLKPULVER/MÆLKEPULVER. Minst 70% kakao/kakaotørstof. KAN INNEHÅLLA ANDRA NÖTTER, SESAMFRÖN OCH VETE/ANDRE NØDDER, SESAMFRØ OG HVEDE.",
    "storage": "Lägsta förvaringstemperatur 10°C Högsta förvaringstemperatur 20°C",
    "allergens": "",
    "usage": "",
    "nutrition": [
      {
        "Näringsvärde": "Energi (kcal)",
        "100 Gram": "590 kcal"
      },
      {
        "Näringsvärde": "Energi (kJ)",
        "100 Gram": "2455 kJ"
      },
      {
        "Näringsvärde": "Fett",
        "100 Gram": "45 g"
      },
      {
        "Näringsvärde": "Varav mättat fett",
        "100 Gram": "27.5 g"
      },
      {
        "Näringsvärde": "Kolhydrat",
        "100 Gram": "34.5 g"
      },
      {
        "Näringsvärde": "Varav sockerarter",
        "100 Gram": "30.5 g"
      },
      {
        "Näringsvärde": "Fiber",
        "100 Gram": "9.9 g"
      },
      {
        "Näringsvärde": "Protein",
        "100 Gram": "6.6 g"
      },
      {
        "Näringsvärde": "Salt",
        "100 Gram": "0.13 g"
      }
    ],
    "nutritionUnitText": "Näringsvärde per 100 gram",
    "categories": {
      "mainCategory": "Glass, Godis & Snacks",
      "subCategories": [
        {
          "name": "Choklad",
          "subSubCategories": [
            "Chokladkakor",
            "Mörk choklad"
          ]
        }
      ]
    }
  },
  {
    "name": "Müslibar BIG Brownie 50g Corny",
    "weightText": "0.05 kg",
    "caPart": "",
    "weightValue": 0.05,
    "weightUnit": "kg",
    "comparePrice": "210,00 kr/kg",
    "currentPrice": 10.5,
    "attributes": [
      "Rainforest Alliance certifierad"
    ],
    "imgUrl": "https://handlaprivatkund.ica.se/images-v3/bf7a00ca-390e-4769-865f-dc369586872e/84a925e8-615a-47d8-ae19-116b0a7a810a/500x500.jpg",
    "productInformation": "Corny BIG – Sveriges mest köpta Müslibar! Ett godare och nyttigare mellanmålsalternativ i XXL-format. Gjord på krispiga flakes och läckra ingredienser som choklad, nötter och torkad frukt. Perfekt före, under och efter träningspasset. Lätt att stoppa i fickan för extra energi under fritidsaktiviteterna. Oavsett om du gillar mörk-, ljus- eller vit choklad, jordnötter, banan eller kokos så har vi en Corny BIG för dig! Corny BIG - var som helst, när som helst!",
    "countryText": "",
    "companyText": "Corny",
    "ingrediensText": "Ingredienser: Kakaoinnehållande spannmålsflingor 26% (VETEmjöl, rismjöl, fettreducerat kakaopulver*, socker, salt), glukossirap, MJÖLKchoklad 20% (socker, kakaomassa*, kakaosmör*, skumMJÖLKspulver, MJÖLKfett, emulgeringsmedel (E476, E442)), glukos-fruktossirap, fullkornsVETEflingor 9%, kokosolja, rostade JORDNÖTTER, fettreducerat kakaopulver*, salt, naturlig arom, emulgeringsmedel (lecitin). Kan innehålla spår av NÖTTER. *Rainforest Alliance Certified. Find out more at ra.org.",
    "storage": "Förvaras torrt och svalt, skyddad från värme. Lägsta förvaringstemperatur 5°C Högsta förvaringstemperatur 25°C",
    "allergens": "Innehåller Mjölk Innehåller Jordnötter Innehåller Spannmål som innehåller gluten Kan innehålla Nötter (eng: tree nuts)",
    "usage": "",
    "nutrition": [
      {
        "Näringsvärde": "Energi (kcal)",
        "100 Gram": "422 kcal"
      },
      {
        "Näringsvärde": "Energi (kJ)",
        "100 Gram": "1775 kJ"
      },
      {
        "Näringsvärde": "Fett",
        "100 Gram": "14 g"
      },
      {
        "Näringsvärde": "Varav mättat fett",
        "100 Gram": "8.8 g"
      },
      {
        "Näringsvärde": "Kolhydrat",
        "100 Gram": "67 g"
      },
      {
        "Näringsvärde": "Varav sockerarter",
        "100 Gram": "31 g"
      },
      {
        "Näringsvärde": "Fiber",
        "100 Gram": "3.7 g"
      },
      {
        "Näringsvärde": "Protein",
        "100 Gram": "5.8 g"
      },
      {
        "Näringsvärde": "Salt",
        "100 Gram": "0.38 g"
      }
    ],
    "nutritionUnitText": "Näringsvärde per 100 gram",
    "categories": {
      "mainCategory": "Glass, Godis & Snacks",
      "subCategories": [
        {
          "name": "Naturgodis, Nötter & Bars",
          "subSubCategories": [
            "Bars"
          ]
        }
      ]
    }
  },
  {
    "name": "Gelegodis Peacemärke Jordgubb & Lakrits 80g Candypeople",
    "weightText": "0.08 kg",
    "caPart": "",
    "weightValue": 0.08,
    "weightUnit": "kg",
    "comparePrice": "149,38 kr/kg",
    "currentPrice": 11.95,
    "attributes": [],
    "imgUrl": "https://handlaprivatkund.ica.se/images-v3/bf7a00ca-390e-4769-865f-dc369586872e/a60f2758-c29c-4475-8046-6238d2ac3223/500x500.jpg",
    "productInformation": "Peacemärke är ett klassisk gelegodis där de goda smakerna jordgubb/lakrits kompletterar varandra fint tillsammans med ett salt sockeröverdrag. Formen på produkten består utav ett peacemärke, därav namnets uppkomst.",
    "countryText": "",
    "companyText": "Candypeople",
    "ingrediensText": "Ingredienser: socker, glukos,gelatin (nöt), surhetsreglerande medel( äppelsyra, natriumcitrat), lakrits, aromer, färgämne (karmin, vegetabiliskt kol).",
    "storage": "Lägsta förvaringstemperatur 12°C Högsta förvaringstemperatur 18°C",
    "allergens": "",
    "usage": "",
    "nutrition": [
      {
        "Näringsvärde": "Energi (kcal)",
        "100 Gram": "360 kcal"
      },
      {
        "Näringsvärde": "Energi (kJ)",
        "100 Gram": "1500 kJ"
      },
      {
        "Näringsvärde": "Fett",
        "100 Gram": "0 g"
      },
      {
        "Näringsvärde": "Varav mättat fett",
        "100 Gram": "0 g"
      },
      {
        "Näringsvärde": "Kolhydrat",
        "100 Gram": "81 g"
      },
      {
        "Näringsvärde": "Varav sockerarter",
        "100 Gram": "58 g"
      },
      {
        "Näringsvärde": "Protein",
        "100 Gram": "5.6 g"
      },
      {
        "Näringsvärde": "Salt",
        "100 Gram": "0.1 g"
      }
    ],
    "nutritionUnitText": "",
    "categories": {
      "mainCategory": "Glass, Godis & Snacks",
      "subCategories": [
        {
          "name": "Godis",
          "subSubCategories": [
            "Lakrits"
          ]
        }
      ]
    }
  },
  {
    "name": "Torkad Mango 100g DAVE & JON'S",
    "weightText": "0.1 kg",
    "caPart": "",
    "weightValue": 0.1,
    "weightUnit": "kg",
    "comparePrice": "275,00 kr/kg",
    "currentPrice": 27.5,
    "attributes": [],
    "imgUrl": "https://handlaprivatkund.ica.se/images-v3/bf7a00ca-390e-4769-865f-dc369586872e/de24fc32-0af2-4b3f-9e5f-eea907854c43/500x500.jpg",
    "productInformation": "",
    "countryText": "",
    "companyText": "DAVE & JON'S",
    "ingrediensText": "94,8%, socker/sukker 5%, surhetsreglerande medel/middel (citronsyra), antioxidationsmedel/antioxiderende middel (NATRIUMDISULFIT).",
    "storage": "Förvaras torrt och svalt.",
    "allergens": "",
    "usage": ".",
    "nutrition": [
      {
        "Näringsvärde": "Energi (kcal)",
        "100 Gram": "339 kcal"
      },
      {
        "Näringsvärde": "Energi (kJ)",
        "100 Gram": "1418 kJ"
      },
      {
        "Näringsvärde": "Fett",
        "100 Gram": "0.18 g"
      },
      {
        "Näringsvärde": "Varav mättat fett",
        "100 Gram": "0.17 g"
      },
      {
        "Näringsvärde": "Kolhydrat",
        "100 Gram": "82.2 g"
      },
      {
        "Näringsvärde": "Varav sockerarter",
        "100 Gram": "68 g"
      },
      {
        "Näringsvärde": "Fiber",
        "100 Gram": "3.7 g"
      },
      {
        "Näringsvärde": "Protein",
        "100 Gram": "2 g"
      },
      {
        "Näringsvärde": "Salt",
        "100 Gram": "0 g"
      }
    ],
    "nutritionUnitText": "Näringsvärde per 100 gram",
    "categories": {
      "mainCategory": "Glass, Godis & Snacks",
      "subCategories": [
        {
          "name": "Naturgodis, Nötter & Bars",
          "subSubCategories": [
            "Russin & Torkad frukt",
            "Exotisk frukt torkad"
          ]
        }
      ]
    }
  },
  {
    "name": "Torkade Aprikoser 250g ICA Basic",
    "weightText": "0.25 kg",
    "caPart": "",
    "weightValue": 0.25,
    "weightUnit": "kg",
    "comparePrice": "99,80 kr/kg",
    "currentPrice": 24.95,
    "attributes": [],
    "imgUrl": "https://handlaprivatkund.ica.se/images-v3/bf7a00ca-390e-4769-865f-dc369586872e/04d58d2f-abef-47fd-aacb-110b67db9f39/500x500.jpg",
    "productInformation": "Söta och torkade aprikoser. Ät dem som de är eller att använd i bakning och matlagning. Ett färgglatt inslag på ostbrickan!",
    "countryText": "",
    "companyText": "ICA Basic",
    "ingrediensText": "Ingredienser: Torkade aprikoser*, konserveringsmedel (SVAVELDIOXID). *Odlade i Turkiet.",
    "storage": "",
    "allergens": "",
    "usage": "",
    "nutrition": [
      {
        "Näringsvärde": "Energi (kcal)",
        "100 Gram": "190 kcal"
      },
      {
        "Näringsvärde": "Energi (kJ)",
        "100 Gram": "795 kJ"
      },
      {
        "Näringsvärde": "Fett",
        "100 Gram": "0.5 g"
      },
      {
        "Näringsvärde": "Varav mättat fett",
        "100 Gram": "0.1 g"
      },
      {
        "Näringsvärde": "Kolhydrat",
        "100 Gram": "41 g"
      },
      {
        "Näringsvärde": "Varav sockerarter",
        "100 Gram": "39 g"
      },
      {
        "Näringsvärde": "Fiber",
        "100 Gram": "5.3 g"
      },
      {
        "Näringsvärde": "Protein",
        "100 Gram": "2.2 g"
      },
      {
        "Näringsvärde": "Salt",
        "100 Gram": "0 g"
      }
    ],
    "nutritionUnitText": "Näringsvärde per 100 gram",
    "categories": {
      "mainCategory": "Glass, Godis & Snacks",
      "subCategories": [
        {
          "name": "Naturgodis, Nötter & Bars",
          "subSubCategories": [
            "Russin & Torkad frukt",
            "Aprikoser torkade"
          ]
        }
      ]
    }
  },
  {
    "name": "Choklad Bilar Polly 150g Cloetta",
    "weightText": "0.15 kg",
    "caPart": "",
    "weightValue": 0.15,
    "weightUnit": "kg",
    "comparePrice": "206,33 kr/kg",
    "currentPrice": 30.95,
    "attributes": [
      "Rainforest Alliance certifierad"
    ],
    "imgUrl": "https://handlaprivatkund.ica.se/images-v3/bf7a00ca-390e-4769-865f-dc369586872e/04d21c43-defc-44b3-bce8-65bf1777dcf4/500x500.jpg",
    "productInformation": "Polly Ahlgrens bilar från Cloetta är en perfekt skumtopp för dig som vill njuta av det bästa av två världar, Polly och Ahlgrens bilar, a match made in heaven. Smaken av Ahlgrens bilar dragerade med en ljuvlig chokladsmak är en kombination som måste testas. Godiset är så mumsig att det är omöjligt att bara ta en! Påsen innehåller 150 g.",
    "countryText": "",
    "companyText": "Cloetta",
    "ingrediensText": "socker, vegetabiliska fetter (palm, shea), invertsockersirap, glukossirap, SKUMMJÖLKSPULVER, VASSLEPULVER (MJÖLK), kakaomassa1, gelatin, emulgeringsmedel (SOJALECITIN, E476), syror (E270, E330), ytbehandlingsmedel (gummi arabicum, shellack), aromer (bl.a. vanillin), förtjockningsmedel (pektin), vegetabiliska oljor (kokos, raps), färgämnen (klorofyllinkopparkomplex, karmin). Kan innehålla HASSELNÖTTER och MANDEL. 1Rainforest Alliance Certified. Find out more at ra.org.",
    "storage": "Förvaras torrt och i rumstemperatur.",
    "allergens": "Innehåller Mjölk Innehåller Sojabönor Kan innehålla Nötter (eng: tree nuts) Kan innehålla Hasselnöt",
    "usage": "",
    "nutrition": [
      {
        "Näringsvärde": "Energi (kcal)",
        "100 Gram": "466 kcal"
      },
      {
        "Näringsvärde": "Energi (kJ)",
        "100 Gram": "1957 kJ"
      },
      {
        "Näringsvärde": "Fett",
        "100 Gram": "18 g"
      },
      {
        "Näringsvärde": "Varav mättat fett",
        "100 Gram": "10 g"
      },
      {
        "Näringsvärde": "Kolhydrat",
        "100 Gram": "71 g"
      },
      {
        "Näringsvärde": "Varav sockerarter",
        "100 Gram": "68 g"
      },
      {
        "Näringsvärde": "Protein",
        "100 Gram": "4.6 g"
      },
      {
        "Näringsvärde": "Salt",
        "100 Gram": "0.12 g"
      }
    ],
    "nutritionUnitText": "Näringsvärde per 100 gram",
    "categories": {
      "mainCategory": "Glass, Godis & Snacks",
      "subCategories": [
        {
          "name": "Godis",
          "subSubCategories": [
            "Godispåsar",
            "Chokladpåsar"
          ]
        }
      ]
    }
  },
  {
    "name": "Chips Paprika & Havssalt 275g Estrella",
    "weightText": "0.275 kg",
    "caPart": "",
    "weightValue": 0.275,
    "weightUnit": "kg",
    "comparePrice": "114,55 kr/kg",
    "currentPrice": 31.5,
    "attributes": [],
    "imgUrl": "https://handlaprivatkund.ica.se/images-v3/bf7a00ca-390e-4769-865f-dc369586872e/1eb0eb56-fa6e-4567-9643-3a23280ef446/500x500.jpg",
    "productInformation": "Estrella Paprika & Havssalt är släta potatischips med smak av milt rökig paprika och salt. Generöst kryddade med en smakrik paprikakrydda som inte lämnar någon snacksälskare oberörd. Goda precis som de är eller att dippa. En omedelbar klassiker från chipsfabriken i Göteborg. Krispig helg!",
    "countryText": "",
    "companyText": "Estrella",
    "ingrediensText": "Potatis, solros-/rapsolja, kryddblandning (VASSLEPULVER (från MJÖLK), socker, paprika, rismjöl, havssalt, salt, vitlök, druvsocker, lökpulver, jästextrakt, färgämne (paprikaextrakt), syra (citronsyra), naturlig arom).",
    "storage": "",
    "allergens": "",
    "usage": "",
    "nutrition": [
      {
        "Näringsvärde": "Energi (kcal)",
        "100 Gram": "503 kcal"
      },
      {
        "Näringsvärde": "Energi (kJ)",
        "100 Gram": "2098 kJ"
      },
      {
        "Näringsvärde": "Fett",
        "100 Gram": "31 g"
      },
      {
        "Näringsvärde": "Varav mättat fett",
        "100 Gram": "2.5 g"
      },
      {
        "Näringsvärde": "Kolhydrat",
        "100 Gram": "48 g"
      },
      {
        "Näringsvärde": "Varav sockerarter",
        "100 Gram": "3.2 g"
      },
      {
        "Näringsvärde": "Fiber",
        "100 Gram": "5.5 g"
      },
      {
        "Näringsvärde": "Protein",
        "100 Gram": "5.9 g"
      },
      {
        "Näringsvärde": "Salt",
        "100 Gram": "1.4 g"
      }
    ],
    "nutritionUnitText": "Näringsvärde per 100 gram",
    "categories": {
      "mainCategory": "Glass, Godis & Snacks",
      "subCategories": [
        {
          "name": "Chips & snacks",
          "subSubCategories": [
            "Chips"
          ]
        }
      ]
    }
  },
  {
    "name": "Kexbar Chocolate wafer glutenfri 35g Nick´s",
    "weightText": "0.035 kg",
    "caPart": "",
    "weightValue": 0.035,
    "weightUnit": "kg",
    "comparePrice": "385,71 kr/kg",
    "currentPrice": 13.5,
    "attributes": [
      "Glutenfritt"
    ],
    "imgUrl": "https://handlaprivatkund.ica.se/images-v3/bf7a00ca-390e-4769-865f-dc369586872e/7ef68723-98bc-4499-b47f-8858e9b542a4/500x500.jpg",
    "productInformation": "Krispig kexbar doppad i mjölkchoklad. Passande för lågkolhydratskost, keto, diabetes, glutenintolerans men främst för alla som vill njuta och må bra på samma gång. No added sugar, no palm oil, no gluten, just joy.",
    "countryText": "",
    "companyText": "Nick´s",
    "ingrediensText": "Ingredienser: MJÖLKpulver, vegetabilisk olja (shea, kokos, raps, illipe, solros/solsikke), mjölmix (majs, potatis, ris, SOJA), sötningsmedel (erytritol), kakaosmör, polydextros (fiber), inulin (cikoriarot), kakaopulver, kakaomassa, glutenfri HAVREfiber, SOJAfiber, naturlig arom, emulgeringsmedel (solroslecitin, SOJAlecitin), stabiliseringsmedel (xantangummi, guargummi), salt, bakpulver (bikarbonat), sötningsmedel (steviolglykosider, sukralos). Kan innehålla spår av NÖTTER och JORDNÖTTER/PEANØTTER/JORDNØDDER.",
    "storage": "Förvaras torrt & svalt: lt;30°C Lägsta förvaringstemperatur 5°C Högsta förvaringstemperatur 30°C",
    "allergens": "",
    "usage": "",
    "nutrition": [
      {
        "Näringsvärde": "Energi (kcal)",
        "100 Gram": "471 kcal"
      },
      {
        "Näringsvärde": "Energi (kJ)",
        "100 Gram": "1972 kJ"
      },
      {
        "Näringsvärde": "Fett",
        "100 Gram": "36 g"
      },
      {
        "Näringsvärde": "Varav mättat fett",
        "100 Gram": "13 g"
      },
      {
        "Näringsvärde": "Kolhydrat",
        "100 Gram": "34 g"
      },
      {
        "Näringsvärde": "Varav sockerarter",
        "100 Gram": "12 g"
      },
      {
        "Näringsvärde": "Varav polyoler",
        "100 Gram": "12 g"
      },
      {
        "Näringsvärde": "Fiber",
        "100 Gram": "14 g"
      },
      {
        "Näringsvärde": "Protein",
        "100 Gram": "9.1 g"
      },
      {
        "Näringsvärde": "Salt",
        "100 Gram": "0.08 g"
      }
    ],
    "nutritionUnitText": "",
    "categories": {
      "mainCategory": "Glass, Godis & Snacks",
      "subCategories": [
        {
          "name": "Choklad",
          "subSubCategories": [
            "Chokladstycksaker"
          ]
        }
      ]
    }
  },
  {
    "name": "Mjölkchoklad 74g Marabou",
    "weightText": "0.074 kg",
    "caPart": "",
    "weightValue": 0.074,
    "weightUnit": "kg",
    "comparePrice": "323,65 kr/kg",
    "currentPrice": 23.95,
    "attributes": [],
    "imgUrl": "https://handlaprivatkund.ica.se/images-v3/bf7a00ca-390e-4769-865f-dc369586872e/23f69e6a-2d52-499b-91b7-96d5b9330052/500x500.jpg",
    "productInformation": "Marabous älskade Marabou mjölkchoklad förpackad i en rulle. Perfekt att dela med vänner eller varför inte njuta av själv på språng eller i en lugn och skön hemmamiljö. Genom Cocoa Life, vårt program för en hållbar kakaoproduktion, bidrar Marabou till att kakao odlas på rätt sätt, för att skydda planeten och respektera mänskliga rättigheter i vår värdekedja. Läs mer om Cocoa Life här www.cocoalife.org.",
    "countryText": "",
    "companyText": "Marabou",
    "ingrediensText": "Ingredienser: Socker, kakaosmör, kakaomassa, vassle-/vallepulver (MJÖLK/MÆLK), SKUMMJÖLKSPULVER, SMÖRFETT/SMØROLIE, vassle-/valleprodukt (MJÖLK), emulgeringsmedel/emulgator (SOJALECITIN), arom. KAN INNEHÅLLA ANDRA NÖTTER OCH VETE Minst 30% kakao/kakaotørstof.",
    "storage": "Lägsta förvaringstemperatur 10°C Högsta förvaringstemperatur 20°C",
    "allergens": "",
    "usage": "",
    "nutrition": [
      {
        "Näringsvärde": "Energi (kcal)",
        "100 Gram": "550 kcal"
      },
      {
        "Näringsvärde": "Energi (kJ)",
        "100 Gram": "2290 kJ"
      },
      {
        "Näringsvärde": "Fett",
        "100 Gram": "32 g"
      },
      {
        "Näringsvärde": "Varav mättat fett",
        "100 Gram": "19.5 g"
      },
      {
        "Näringsvärde": "Kolhydrat",
        "100 Gram": "59 g"
      },
      {
        "Näringsvärde": "Varav sockerarter",
        "100 Gram": "58.5 g"
      },
      {
        "Näringsvärde": "Fiber",
        "100 Gram": "2 g"
      },
      {
        "Näringsvärde": "Protein",
        "100 Gram": "4.6 g"
      },
      {
        "Näringsvärde": "Salt",
        "100 Gram": "0.33 g"
      }
    ],
    "nutritionUnitText": "Näringsvärde per 100 gram",
    "categories": {
      "mainCategory": "Glass, Godis & Snacks",
      "subCategories": [
        {
          "name": "Choklad",
          "subSubCategories": [
            "Chokladstycksaker"
          ]
        }
      ]
    }
  },
  {
    "name": "Glass Salted caramel 460ml Häagen dazs",
    "weightText": "0.46 l",
    "caPart": "",
    "weightValue": 0.46,
    "weightUnit": "l",
    "comparePrice": "123,80 kr/l",
    "currentPrice": 56.95,
    "attributes": [
      "Glutenfritt"
    ],
    "imgUrl": "https://handlaprivatkund.ica.se/images-v3/bf7a00ca-390e-4769-865f-dc369586872e/c6d7aa48-31fd-47ab-977f-39112d54ad74/500x500.jpg",
    "productInformation": "En populär blandning av sött och salt! Vår Salted Caramel har länge varit en uppskattad favorit, och det är inte konstigt. Här kombineras len, krämig kolagräddglass med strimmor av gyllene kolasås och krispigt salta knäckbitar till en oslagbar smaksensation som kan avnjutas när som helst, året runt. Tillverkad med äkta grädde, utan konstgjorda färger, smaker eller konserveringsmedel. Lämplig för vegetarianer och kosher.",
    "countryText": "",
    "companyText": "Häagen-Dazs",
    "ingrediensText": "GRÄDDE/FLØTE (29%), vatten/vann, sötad/søtet laktos reducerad kondenserad SKUMMJÖLK/SKUMMETMELK, socker/sukker, glukossirap, sötad/søtet kondenserad HELMJÖLK/HELMELK, ÄGGULA/EGGEPLOMME/ÆGGEBLOMME, sötad/søtet kondenserad SKUMMJÖLK/SKUMMETMELK, saltat SMÖR/SMØR, kokosolja, SMÖR, salt, emulgeringsmedel (lecitiner), geleringsmedel (pektiner), naturlig vaniljarom/vaniljearoma. KAN INNEHÅLLA/INNEHOLDE SPÅR/SPOR AV NÖTTER/NØDDER.",
    "storage": "Förvara vid minst -18 °C. Lägsta förvaringstemperatur -30°C Högsta förvaringstemperatur -20°C",
    "allergens": "Innehåller Ägg Innehåller Mjölk Kan innehålla Nötter (eng: tree nuts)",
    "usage": "",
    "nutrition": [
      {
        "Näringsvärde": "Energi (kcal)",
        "100 Gram": "275 kcal"
      },
      {
        "Näringsvärde": "Energi (kJ)",
        "100 Gram": "1148 kJ"
      },
      {
        "Näringsvärde": "Fett",
        "100 Gram": "16.4 g"
      },
      {
        "Näringsvärde": "Varav mättat fett",
        "100 Gram": "11 g"
      },
      {
        "Näringsvärde": "Kolhydrat",
        "100 Gram": "27.8 g"
      },
      {
        "Näringsvärde": "Varav sockerarter",
        "100 Gram": "25 g"
      },
      {
        "Näringsvärde": "Fiber",
        "100 Gram": "0 g"
      },
      {
        "Näringsvärde": "Protein",
        "100 Gram": "4 g"
      },
      {
        "Näringsvärde": "Salt",
        "100 Gram": "0.58 g"
      }
    ],
    "nutritionUnitText": "",
    "categories": {
      "mainCategory": "Glass, Godis & Snacks",
      "subCategories": [
        {
          "name": "Glass",
          "subSubCategories": [
            "Små Glasspaket"
          ]
        }
      ]
    }
  },
  {
    "name": "Glasspinne Mini mumsbit Jordgubb choklad & mandel 12-p 420g ICA",
    "weightText": "",
    "caPart": "",
    "weightValue": 0,
    "weightUnit": "",
    "comparePrice": "12 per frp 4,04 kr/st",
    "currentPrice": 48.5,
    "attributes": [
      "Rainforest Alliance certifierad"
    ],
    "imgUrl": "https://handlaprivatkund.ica.se/images-v3/bf7a00ca-390e-4769-865f-dc369586872e/9cefe216-08ec-4022-8692-5996a5f60daa/500x500.jpg",
    "productInformation": "En blandning av ICAs Mumsbitar i miniformat. Vaniljglass med överdrag av mörk choklad, vit choklad, ljus choklad eller knaprig mandel.",
    "countryText": "Belgien",
    "companyText": "ICA",
    "ingrediensText": "MANDEL: Vaniljglass 53% (SKUMMJÖLK, socker, vatten, kokosfett, SKUMMJÖLKSPULVER, emulgeringsmedel (E471), stabiliseringsmedel (E401), arom, naturlig vaniljarom, extraherad vaniljstång, färgämne (E160a)), mjölkchoklad 37% (socker, kakaosmör*, vasslepulver (från MJÖLK), MJÖLKFETT, kakaomassa*, kokosfett, SKUMMJÖLKSPULVER, emulgeringsmedel (E322, E476), naturlig vaniljarom), kolasås 5% (glukossirap, sötad kondenserad SKUMMJÖLK (kondenserad SKUMMJÖLK, socker), vatten, socker, kokosfett, stabiliseringsmedel (E407), salt, naturliga aromer, förtjockningsmedel (E410)), MANDLAR 5%. MJÖLKCHOKLAD MED VANILJGLASS: Vaniljglass 57% (SKUMMJÖLK, socker, vatten, kokosfett, SKUMMJÖLKSPULVER, emulgeringsmedel (E471), stabiliseringsmedel (E401), arom, naturlig vaniljarom, extraherad vaniljstång, färgämne (E160a)), mjölkchoklad 37% (socker, kakaomassa*, kakaosmör*, vasslepulver (från MJÖLK), MJÖLKFETT, kokosfett, SKUMMJÖLKSPULVER, emulgeringsmedel (E322, E476), naturlig vaniljarom), kolasås 6% (glukossirap, sötad kondenserad SKUMMJÖLK (kondenserad SKUMMJÖLK, socker), vatten, socker, kokosfett, stabiliseringsmedel (E407), salt, naturliga aromer, förtjockningsmedel (E410)). LJUS MJÖLKCHOKLAD MED JORDGUBBSGLASS: Jordgubbsglass 57% (SKUMMJÖLK, jordgubbspuré 18,5%, vassleproteinkoncentrat (från MJÖLK), socker, kokosfett, glukos-fruktossirap, SKUMMJÖLKSPULVER, koncentrerad jordgubbsjuice 0,6%, emulgeringsmedel (E471), surhetsreglerande medel (E330), stabiliseringsmedel (E401), rödbetskoncentrat, naturliga aromer, mjölkchoklad 37% (socker, kakaosmör*, vasslepulver (från MJÖLK), MJÖLKFETT, kakaomassa*, kokosfett, SKUMMJÖLKSPULVER, emulgeringsmedel (E322, E476), naturlig vaniljarom), jordgubbssås 6% (vatten, glukosfruktossirap, jordgubbspuré 7%, koncentrerad jordgubbspuré 6,2%, surhetsreglerande medel (E330, E331), förjockningsmedel (E440), naturliga aromer, fläderbärskoncentrat, modifierad majsstärkelse). VIT CHOKLAD MED JORDGUBBSGLASS: Jordgubbsglass 57% (SKUMMJÖLK, jordgubbspuré 18,5%, vassleproteinkoncentrat (från MJÖLK), socker, kokosfett, glukosfruktossirap, SKUMMJÖLKSPULVER, koncentrerad jordgubbsjuice 0,6%, emulgeringsmedel (E471), surhetsreglerande medel (E330), stabiliseringsmedel (E401), rödbetskoncentrat, arom), vit choklad 37% (socker, kakaosmör*, vasslepulver (från MJÖLK), MJÖLKFETT, SKUMMJÖLKSPULVER, kokosfett, emulgeringsmedel (E322, E476), naturlig vaniljarom), jordgubbssås 6% (vatten, glukos-fruktossirap, jordgubbspuré 7%, koncentrerad jordgubbspuré 6,2%, surhetsreglerande medel (E330, E331), förtjockningsmedel (E440), naturliga aromer, fläderbärskoncentrat, modifierad majsstärkelse). Jordgubbar och mandlar odlade i EU/icke EU. Kan innehålla spår av hasselnöt, valnöt, pekannöt, pistaschnöt, makadamianöt, mandel, cashewnöt och paranöt. *Rainforest Alliance-certifierad. Läs mer på www.ra.org Ursprung mjökprodukter EU/icke EU.",
    "storage": "Djupfryst. I frysutrymme (-18°C eller kallare). Bör ej frysas om efter upptining. Lägsta förvaringstemperatur -25°C Högsta förvaringstemperatur -18°C",
    "allergens": "Innehåller Nötter (eng: tree nuts) Innehåller Mjölk",
    "usage": "",
    "nutrition": [
      {
        "Näringsvärde": "Energi (kcal)",
        "100 Gram": "342 kcal"
      },
      {
        "Näringsvärde": "Energi (kJ)",
        "100 Gram": "1427 kJ"
      },
      {
        "Näringsvärde": "Fett",
        "100 Gram": "21 g"
      },
      {
        "Näringsvärde": "Varav mättat fett",
        "100 Gram": "14 g"
      },
      {
        "Näringsvärde": "Kolhydrat",
        "100 Gram": "35 g"
      },
      {
        "Näringsvärde": "Varav sockerarter",
        "100 Gram": "34 g"
      },
      {
        "Näringsvärde": "Protein",
        "100 Gram": "3.7 g"
      },
      {
        "Näringsvärde": "Salt",
        "100 Gram": "0.27 g"
      }
    ],
    "nutritionUnitText": "Näringsvärde per 100 gram",
    "categories": {
      "mainCategory": "Glass, Godis & Snacks",
      "subCategories": [
        {
          "name": "Glass",
          "subSubCategories": [
            "Mixade glasslådor"
          ]
        }
      ]
    }
  },
  {
    "name": "Jordnötter Virginia traditional 275g OLW",
    "weightText": "0.275 kg",
    "caPart": "",
    "weightValue": 0.275,
    "weightUnit": "kg",
    "comparePrice": "107,27 kr/kg",
    "currentPrice": 29.5,
    "attributes": [],
    "imgUrl": "https://handlaprivatkund.ica.se/images-v3/bf7a00ca-390e-4769-865f-dc369586872e/5bcdde08-4070-4246-b891-26894ceec8d6/500x500.jpg",
    "productInformation": "Njut av OLWs stora Virginianötter med den riktiga sydstatssmaken. Jordnötterna saltas och rostas i traditionell amerikansk stil så att smakerna kommer fram ordentligt. Acceptera bara originalet, bjud dina vänner eller unna dig själv.",
    "countryText": "",
    "companyText": "Olw",
    "ingrediensText": "JORDNÖTTER (95%), solrosolja och salt. Kan innehålla spår av andra NÖTTER.",
    "storage": "",
    "allergens": "Kan innehålla spår av Nötter.",
    "usage": "",
    "nutrition": [
      {
        "Näringsvärde": "Energi (kcal)",
        "100 Gram": "610 kcal"
      },
      {
        "Näringsvärde": "Energi (kJ)",
        "100 Gram": "2550 kJ"
      },
      {
        "Näringsvärde": "Fett",
        "100 Gram": "51 g"
      },
      {
        "Näringsvärde": "Varav mättat fett",
        "100 Gram": "10 g"
      },
      {
        "Näringsvärde": "Kolhydrat",
        "100 Gram": "9.5 g"
      },
      {
        "Näringsvärde": "Varav sockerarter",
        "100 Gram": "2.5 g"
      },
      {
        "Näringsvärde": "Protein",
        "100 Gram": "27 g"
      },
      {
        "Näringsvärde": "Salt",
        "100 Gram": "1.3 g"
      }
    ],
    "nutritionUnitText": "Näringsvärde per 100 gram",
    "categories": {
      "mainCategory": "Glass, Godis & Snacks",
      "subCategories": [
        {
          "name": "Chips & snacks",
          "subSubCategories": [
            "Salta nötter",
            "Jordnötter saltade"
          ]
        }
      ]
    }
  },

  {
    "name": "Äpple Pink Lady ca 180g Klass 1 ICA",
    "weightText": "Ca 180 g",
    "caPart": "Ca",
    "weightValue": 180,
    "weightUnit": "g",
    "comparePrice": "30,00 kr/kg",
    "currentPrice": 5.4,
    "attributes": [],
    "imgUrl": "https://handlaprivatkund.ica.se/images-v3/bf7a00ca-390e-4769-865f-dc369586872e/26680b2a-7a2c-4638-814b-b2ed010174a3/500x500.jpg",
    "productInformation": "Ett sött och syrligt äpple med tunt skal. Passar att äta som det är, i desserter och kakor. Till rökt kött: salsa på frästa äppelbitar, gräddfil och pepparrot.",
    "countryText": "Frankrike",
    "companyText": "",
    "ingrediensText": "",
    "storage": "Lägsta förvaringstemperatur 1°C Högsta förvaringstemperatur 4°C",
    "allergens": "",
    "usage": "",
    "nutrition": [],
    "nutritionUnitText": "",
    "categories": {
      "mainCategory": "Frukt & Grönt",
      "subCategories": [
        {
          "name": "Frukt",
          "subSubCategories": [
            "Äpple"
          ]
        }
      ]
    }
  },
  {
    "name": "Päron Conference ca 220g Klass 1 ICA",
    "weightText": "Ca 220 g",
    "caPart": "Ca",
    "weightValue": 220,
    "weightUnit": "g",
    "comparePrice": "20,00 kr/kg",
    "currentPrice": 4.4,
    "attributes": [],
    "imgUrl": "https://handlaprivatkund.ica.se/images-v3/bf7a00ca-390e-4769-865f-dc369586872e/024d66eb-c994-41c6-83ef-c22e92f1aac3/500x500.jpg",
    "productInformation": "ICA Päron Conference är sött och påminner om melon i smaken. Passar att äta som det är, till efterrätter, bakning eller till ostbrickan.",
    "countryText": "Nederländerna",
    "companyText": "ICA",
    "ingrediensText": "",
    "storage": "",
    "allergens": "",
    "usage": "",
    "nutrition": [],
    "nutritionUnitText": "",
    "categories": {
      "mainCategory": "Frukt & Grönt",
      "subCategories": [
        {
          "name": "Frukt",
          "subSubCategories": [
            "Päron"
          ]
        }
      ]
    }
  },
  {
    "name": "Lime ca 90g Klass 1 ICA",
    "weightText": "0.09 kg",
    "caPart": "",
    "weightValue": 0.09,
    "weightUnit": "kg",
    "comparePrice": "66,11 kr/kg",
    "currentPrice": 5.95,
    "attributes": [],
    "imgUrl": "https://handlaprivatkund.ica.se/images-v3/bf7a00ca-390e-4769-865f-dc369586872e/3adb2c40-90bf-4c0a-8d6d-9a96f6e25526/500x500.jpg",
    "productInformation": "Lime är en släkting till citronen och passar som smaksättare i mat, särskilt till fisk och skaldjur. Prova också i marinader, desserter och drinkar.",
    "countryText": "Brasilien",
    "companyText": "",
    "ingrediensText": "",
    "storage": "Lägsta förvaringstemperatur 12°C Högsta förvaringstemperatur 16°C",
    "allergens": "",
    "usage": "",
    "nutrition": [],
    "nutritionUnitText": "",
    "categories": {
      "mainCategory": "Frukt & Grönt",
      "subCategories": [
        {
          "name": "Frukt",
          "subSubCategories": [
            "Citrusfrukt",
            "Lime"
          ]
        }
      ]
    }
  },
  {
    "name": "Champinjon 250g Klass 1 ICA",
    "weightText": "0.25 kg",
    "caPart": "",
    "weightValue": 0.25,
    "weightUnit": "kg",
    "comparePrice": "60,00 kr/kg",
    "currentPrice": 15,
    "attributes": [],
    "imgUrl": "https://handlaprivatkund.ica.se/images-v3/bf7a00ca-390e-4769-865f-dc369586872e/9b2ca81c-cae7-4990-8984-e30121f2a03a/500x500.jpg",
    "productInformation": "",
    "countryText": "Polen",
    "companyText": "ICA",
    "ingrediensText": "",
    "storage": "Lägsta förvaringstemperatur 1°C Högsta förvaringstemperatur 4°C",
    "allergens": "",
    "usage": "",
    "nutrition": [],
    "nutritionUnitText": "",
    "categories": {
      "mainCategory": "Frukt & Grönt",
      "subCategories": [
        {
          "name": "Svamp",
          "subSubCategories": [
            "Champinjoner"
          ]
        }
      ]
    }
  },
  {
    "name": "Mango ca 325g Klass 1 ICA",
    "weightText": "0.325 kg",
    "caPart": "",
    "weightValue": 0.325,
    "weightUnit": "kg",
    "comparePrice": "46,15 kr/kg",
    "currentPrice": 15,
    "attributes": [],
    "imgUrl": "https://handlaprivatkund.ica.se/images-v3/bf7a00ca-390e-4769-865f-dc369586872e/2c84dcf5-1951-42d5-92d6-460d76a205d0/500x500.jpg",
    "productInformation": "",
    "countryText": "Spanien",
    "companyText": "ICA",
    "ingrediensText": "",
    "storage": "Lägsta förvaringstemperatur 12°C Högsta förvaringstemperatur 16°C",
    "allergens": "",
    "usage": "",
    "nutrition": [],
    "nutritionUnitText": "",
    "categories": {
      "mainCategory": "Frukt & Grönt",
      "subCategories": [
        {
          "name": "Frukt",
          "subSubCategories": [
            "Exotisk frukt",
            "Mango"
          ]
        }
      ]
    }
  },
  {
    "name": "Ananas Extra Sweet ca 950g Klass 1 ICA",
    "weightText": "0.95 kg",
    "caPart": "",
    "weightValue": 0.95,
    "weightUnit": "kg",
    "comparePrice": "21,05 kr/kg",
    "currentPrice": 20,
    "attributes": [],
    "imgUrl": "https://handlaprivatkund.ica.se/images-v3/bf7a00ca-390e-4769-865f-dc369586872e/94c60956-fd30-41a9-b865-79e199abcb60/500x500.jpg",
    "productInformation": "",
    "countryText": "Costa Rica",
    "companyText": "",
    "ingrediensText": "",
    "storage": "Lägsta förvaringstemperatur 12°C Högsta förvaringstemperatur 16°C",
    "allergens": "",
    "usage": "",
    "nutrition": [],
    "nutritionUnitText": "",
    "categories": {
      "mainCategory": "Frukt & Grönt",
      "subCategories": [
        {
          "name": "Frukt",
          "subSubCategories": [
            "Exotisk frukt",
            "Ananas"
          ]
        }
      ]
    }
  },
  {
    "name": "Kålrot ca 800g Klass 1 ICA",
    "weightText": "Ca 800 g",
    "caPart": "Ca",
    "weightValue": 800,
    "weightUnit": "g",
    "comparePrice": "15,00 kr/kg",
    "currentPrice": 12,
    "attributes": [
      "Ursprungsland Sverige"
    ],
    "imgUrl": "https://handlaprivatkund.ica.se/images-v3/bf7a00ca-390e-4769-865f-dc369586872e/d0c0a769-11af-4f04-ab2d-241519139d76/500x500.jpg",
    "productInformation": "Rotfrukt med speciell och sötaktig smak. Ger karaktär till mos, grytor och ugnsrostade rotfrukts- blandningar. Prova gärna att använda i rårakorna.",
    "countryText": "Sverige",
    "companyText": "",
    "ingrediensText": "",
    "storage": "Lägsta förvaringstemperatur 1°C Högsta förvaringstemperatur 4°C",
    "allergens": "",
    "usage": "",
    "nutrition": [],
    "nutritionUnitText": "",
    "categories": {
      "mainCategory": "Frukt & Grönt",
      "subCategories": [
        {
          "name": "Kål",
          "subSubCategories": [
            "Kålrot"
          ]
        }
      ]
    }
  },
  {
    "name": "Plommontomater 500g Klass 1 ICA",
    "weightText": "0.5 kg",
    "caPart": "",
    "weightValue": 0.5,
    "weightUnit": "kg",
    "comparePrice": "45,90 kr/kg",
    "currentPrice": 22.95,
    "attributes": [],
    "imgUrl": "https://images.ctfassets.net/l3dfc9zfaimi/qZc37LgTPPuZhIUMEbPJx/d4918e773827f51582d837109cfcb604/jul-25-produktdetaljbanner-insamlingen-desktop.jpg",
    "productInformation": "Spänstiga tomater med en mild och söt smak och fast kött. Behåller smaken och spänsten bra vid tillagning och passar därför bra i varm mat.",
    "countryText": "Spanien",
    "companyText": "ICA",
    "ingrediensText": "",
    "storage": "",
    "allergens": "",
    "usage": "",
    "nutrition": [],
    "nutritionUnitText": "",
    "categories": {
      "mainCategory": "Jul",
      "subCategories": [
        {
          "name": "Julens godaste varor",
          "subSubCategories": []
        }
      ]
    }
  },
  {
    "name": "Satsumas ca 100g Klass 1 ICA",
    "weightText": "Ca 100 g",
    "caPart": "Ca",
    "weightValue": 100,
    "weightUnit": "g",
    "comparePrice": "24,95 kr/kg",
    "currentPrice": 2.5,
    "attributes": [],
    "imgUrl": "https://handlaprivatkund.ica.se/images-v3/bf7a00ca-390e-4769-865f-dc369586872e/70c21ac5-0837-4caa-b4ce-8c3672287175/500x500.jpg",
    "productInformation": "",
    "countryText": "Spanien",
    "companyText": "",
    "ingrediensText": "",
    "storage": "Lägsta förvaringstemperatur 1°C Högsta förvaringstemperatur 4°C",
    "allergens": "",
    "usage": "",
    "nutrition": [],
    "nutritionUnitText": "",
    "categories": {
      "mainCategory": "Frukt & Grönt",
      "subCategories": [
        {
          "name": "Frukt",
          "subSubCategories": [
            "Citrusfrukt",
            "Småcitrus"
          ]
        }
      ]
    }
  },
  {
    "name": "Banan Eko ca 180g Klass 1",
    "weightText": "Ca 180 g",
    "caPart": "Ca",
    "weightValue": 180,
    "weightUnit": "g",
    "comparePrice": "24,95 kr/kg",
    "currentPrice": 4.49,
    "attributes": [
      "EU Ekologiskt",
      "Ekologiskt"
    ],
    "imgUrl": "https://handlaprivatkund.ica.se/images-v3/bf7a00ca-390e-4769-865f-dc369586872e/ed498892-50c5-46db-a148-1d65f3db91a1/500x500.jpg",
    "productInformation": "OBS: Om antal väljs till 1, så är det endast 1 banan, EJ 1 klase. Bananerna kan variera i färg från helt gröna till helt gula.",
    "countryText": "Ecuador",
    "companyText": "",
    "ingrediensText": "",
    "storage": "Lägsta förvaringstemperatur 12°C Högsta förvaringstemperatur 16°C",
    "allergens": "",
    "usage": "",
    "nutrition": [],
    "nutritionUnitText": "",
    "categories": {
      "mainCategory": "Frukt & Grönt",
      "subCategories": [
        {
          "name": "Frukt",
          "subSubCategories": [
            "Banan"
          ]
        }
      ]
    }
  },
  {
    "name": "Banan ca 180g Klass 1 ICA",
    "weightText": "Ca 180 g",
    "caPart": "Ca",
    "weightValue": 180,
    "weightUnit": "g",
    "comparePrice": "19,95 kr/kg",
    "currentPrice": 3.59,
    "attributes": [],
    "imgUrl": "https://handlaprivatkund.ica.se/images-v3/bf7a00ca-390e-4769-865f-dc369586872e/46a24e8f-de29-4b09-9b0b-6a3deb10182f/500x500.jpg",
    "productInformation": "OBS: Om antal väljs till 1, så är det endast 1 banan, EJ 1 klase. Smart mellanmål som blir sötare ju mognare den är. Annars är bananen också god att tillaga, t ex stekt i smör, sirap och kardemumma med glass till. Bananerna kan variera i färg från helt gröna till helt gula",
    "countryText": "Panama",
    "companyText": "",
    "ingrediensText": "",
    "storage": "Lägsta förvaringstemperatur 12°C Högsta förvaringstemperatur 16°C",
    "allergens": "",
    "usage": "",
    "nutrition": [],
    "nutritionUnitText": "",
    "categories": {
      "mainCategory": "Frukt & Grönt",
      "subCategories": [
        {
          "name": "Frukt",
          "subSubCategories": [
            "Banan"
          ]
        }
      ]
    }
  },
  {
    "name": "Lök gul ca 180g Klass 1 ICA",
    "weightText": "Ca 180 g",
    "caPart": "Ca",
    "weightValue": 180,
    "weightUnit": "g",
    "comparePrice": "9,95 kr/kg",
    "currentPrice": 1.79,
    "attributes": [
      "Ursprungsland Sverige"
    ],
    "imgUrl": "https://handlaprivatkund.ica.se/images-v3/bf7a00ca-390e-4769-865f-dc369586872e/48a0da80-404d-4af0-924d-013b364b4eb0/500x500.jpg",
    "productInformation": "Lökklassikern med skarp smak, som blir sötare och mildare när den tillagas. Passar till det mesta, från tacotillbehör till krydda i såser och grytor.",
    "countryText": "Sverige",
    "companyText": "",
    "ingrediensText": "",
    "storage": "Lägsta förvaringstemperatur 12°C Högsta förvaringstemperatur 16°C",
    "allergens": "",
    "usage": "",
    "nutrition": [],
    "nutritionUnitText": "",
    "categories": {
      "mainCategory": "Frukt & Grönt",
      "subCategories": [
        {
          "name": "Lök",
          "subSubCategories": [
            "Gul lök"
          ]
        }
      ]
    }
  },
  {
    "name": "Tomat rund ca 90g Klass 1",
    "weightText": "Ca 90 g",
    "caPart": "Ca",
    "weightValue": 90,
    "weightUnit": "g",
    "comparePrice": "29,95 kr/kg",
    "currentPrice": 2.7,
    "attributes": [
      "Ursprungsland Sverige"
    ],
    "imgUrl": "https://handlaprivatkund.ica.se/images-v3/bf7a00ca-390e-4769-865f-dc369586872e/308724db-9579-46da-b2d0-b9b16d813f22/500x500.jpg",
    "productInformation": "",
    "countryText": "Sverige",
    "companyText": "",
    "ingrediensText": "",
    "storage": "Lägsta förvaringstemperatur 12°C Högsta förvaringstemperatur 16°C",
    "allergens": "",
    "usage": "",
    "nutrition": [],
    "nutritionUnitText": "",
    "categories": {
      "mainCategory": "Frukt & Grönt",
      "subCategories": [
        {
          "name": "Grönsaker",
          "subSubCategories": [
            "Tomat"
          ]
        }
      ]
    }
  },
  {
    "name": "Paprika Röd ca 225g Klass 1 ICA",
    "weightText": "Ca 225 g",
    "caPart": "Ca",
    "weightValue": 225,
    "weightUnit": "g",
    "comparePrice": "53,95 kr/kg",
    "currentPrice": 12.14,
    "attributes": [],
    "imgUrl": "https://handlaprivatkund.ica.se/images-v3/bf7a00ca-390e-4769-865f-dc369586872e/a3c66b83-0113-4b46-bb00-4df96e761f54/500x500.jpg",
    "productInformation": "Fyllig paprika med fin sötma. Prova att ugnsrosta, grilla eller fylla och gratinera i ugn. Färgglad i sallad och god till gazpacho samt i vegetarisk lasagne.",
    "countryText": "Nederländerna",
    "companyText": "ICA",
    "ingrediensText": "",
    "storage": "Lägsta förvaringstemperatur 12°C Högsta förvaringstemperatur 16°C",
    "allergens": "",
    "usage": "",
    "nutrition": [],
    "nutritionUnitText": "",
    "categories": {
      "mainCategory": "Frukt & Grönt",
      "subCategories": [
        {
          "name": "Grönsaker",
          "subSubCategories": [
            "Paprika"
          ]
        }
      ]
    }
  },
  {
    "name": "Äpple Aroma ca 190g Klass 1 ICA",
    "weightText": "Ca 190 g",
    "caPart": "Ca",
    "weightValue": 190,
    "weightUnit": "g",
    "comparePrice": "27,95 kr/kg",
    "currentPrice": 5.31,
    "attributes": [
      "Ursprungsland Sverige"
    ],
    "imgUrl": "https://handlaprivatkund.ica.se/images-v3/bf7a00ca-390e-4769-865f-dc369586872e/002b1622-34ee-42f8-805e-92b94bd27f36/500x500.jpg",
    "productInformation": "Sprött äpple med söt och syrlig smak och lite kryddigt sting. Passar bra i matlagning, eftersom det behåller sin konsistens bra.",
    "countryText": "Sverige",
    "companyText": "ICA",
    "ingrediensText": "",
    "storage": "",
    "allergens": "",
    "usage": "",
    "nutrition": [],
    "nutritionUnitText": "",
    "categories": {
      "mainCategory": "Frukt & Grönt",
      "subCategories": [
        {
          "name": "Frukt",
          "subSubCategories": [
            "Äpple"
          ]
        }
      ]
    }
  },
  {
    "name": "Rödlök ca 150g Klass 1 ICA",
    "weightText": "Ca 150 g",
    "caPart": "Ca",
    "weightValue": 150,
    "weightUnit": "g",
    "comparePrice": "19,95 kr/kg",
    "currentPrice": 2.99,
    "attributes": [
      "Ursprungsland Sverige"
    ],
    "imgUrl": "https://handlaprivatkund.ica.se/images-v3/bf7a00ca-390e-4769-865f-dc369586872e/c8cb03d9-e083-442f-a5d0-57995294f897/500x500.jpg",
    "productInformation": "Något mildare och sötare smak än gul lök och passar därför bra i sallader. Prova även i varm mat eller lägg in och koka marmelad på!",
    "countryText": "Sverige",
    "companyText": "",
    "ingrediensText": "",
    "storage": "Lägsta förvaringstemperatur 12°C Högsta förvaringstemperatur 16°C",
    "allergens": "",
    "usage": "",
    "nutrition": [],
    "nutritionUnitText": "",
    "categories": {
      "mainCategory": "Frukt & Grönt",
      "subCategories": [
        {
          "name": "Lök",
          "subSubCategories": [
            "Rödlök"
          ]
        }
      ]
    }
  },
  {
    "name": "Småcitrus Nadorcott ca 100g Klass 1 ICA",
    "weightText": "Ca 100 g",
    "caPart": "Ca",
    "weightValue": 100,
    "weightUnit": "g",
    "comparePrice": "36,95 kr/kg",
    "currentPrice": 3.7,
    "attributes": [],
    "imgUrl": "https://handlaprivatkund.ica.se/images-v3/bf7a00ca-390e-4769-865f-dc369586872e/f2642ddb-3937-4279-82f3-23748fb731c0/500x500.jpg",
    "productInformation": "",
    "countryText": "Sydafrika",
    "companyText": "ICA",
    "ingrediensText": "",
    "storage": "Lägsta förvaringstemperatur 1°C Högsta förvaringstemperatur 4°C",
    "allergens": "",
    "usage": "",
    "nutrition": [],
    "nutritionUnitText": "",
    "categories": {
      "mainCategory": "Frukt & Grönt",
      "subCategories": [
        {
          "name": "Frukt",
          "subSubCategories": [
            "Citrusfrukt",
            "Småcitrus"
          ]
        }
      ]
    }
  },
  {
    "name": "Babyplommontomater 500g Klass 1 ICA",
    "weightText": "0.5 kg",
    "caPart": "",
    "weightValue": 0.5,
    "weightUnit": "kg",
    "comparePrice": "69,90 kr/kg",
    "currentPrice": 34.95,
    "attributes": [],
    "imgUrl": "https://handlaprivatkund.ica.se/images-v3/bf7a00ca-390e-4769-865f-dc369586872e/7d403205-f585-4d80-9c1b-b5ad1e3d630a/500x500.jpg",
    "productInformation": "",
    "countryText": "Marocko",
    "companyText": "ICA",
    "ingrediensText": "",
    "storage": "",
    "allergens": "",
    "usage": "",
    "nutrition": [],
    "nutritionUnitText": "",
    "categories": {
      "mainCategory": "Frukt & Grönt",
      "subCategories": [
        {
          "name": "Grönsaker",
          "subSubCategories": [
            "Tomat"
          ]
        }
      ]
    }
  },
  {
    "name": "Morötter nyskördade 1kg Klass 1 ICA",
    "weightText": "1 kg",
    "caPart": "",
    "weightValue": 1,
    "weightUnit": "kg",
    "comparePrice": "13,95 kr/kg",
    "currentPrice": 13.95,
    "attributes": [
      "Ursprungsland Sverige"
    ],
    "imgUrl": "https://handlaprivatkund.ica.se/images-v3/bf7a00ca-390e-4769-865f-dc369586872e/ee3687da-7e25-44bc-a0de-763d5f6448d3/500x500.jpg",
    "productInformation": "Knapriga rötter med aningen söt smak som förstärks när de tillagas. Knapra som snacks, med dipp eller i varm mat. Prova gärna till marmelad!",
    "countryText": "Sverige",
    "companyText": "ICA",
    "ingrediensText": "",
    "storage": "",
    "allergens": "",
    "usage": "",
    "nutrition": [],
    "nutritionUnitText": "",
    "categories": {
      "mainCategory": "Frukt & Grönt",
      "subCategories": [
        {
          "name": "Rotfrukter",
          "subSubCategories": [
            "Morötter"
          ]
        }
      ]
    }
  },
  {
    "name": "Citron ca 200g Klass 1 ICA",
    "weightText": "0.2 kg",
    "caPart": "",
    "weightValue": 0.2,
    "weightUnit": "kg",
    "comparePrice": "34,75 kr/kg",
    "currentPrice": 6.95,
    "attributes": [],
    "imgUrl": "https://handlaprivatkund.ica.se/images-v3/bf7a00ca-390e-4769-865f-dc369586872e/94442776-bb3b-45f6-9317-168b16efcc57/500x500.jpg",
    "productInformation": "Citron passar som smaksättare till bland annat fisk, i såser, dressingar, desserter, glass och bakverk eller lägg några skivor i måltidsvattnet.",
    "countryText": "Spanien",
    "companyText": "ICA",
    "ingrediensText": "",
    "storage": "Lägsta förvaringstemperatur 12°C Högsta förvaringstemperatur 16°C",
    "allergens": "",
    "usage": "",
    "nutrition": [],
    "nutritionUnitText": "",
    "categories": {
      "mainCategory": "Frukt & Grönt",
      "subCategories": [
        {
          "name": "Frukt",
          "subSubCategories": [
            "Citrusfrukt",
            "Citron"
          ]
        }
      ]
    }
  },
  {
    "name": "Gurka ca 320g Klass 1 ICA",
    "weightText": "0.38 kg",
    "caPart": "",
    "weightValue": 0.38,
    "weightUnit": "kg",
    "comparePrice": "34,08 kr/kg",
    "currentPrice": 12.95,
    "attributes": [],
    "imgUrl": "https://handlaprivatkund.ica.se/images-v3/bf7a00ca-390e-4769-865f-dc369586872e/a6c1e795-0800-47b6-b743-70b9e809c614/500x500.jpg",
    "productInformation": "",
    "countryText": "Spanien",
    "companyText": "ICA",
    "ingrediensText": "",
    "storage": "",
    "allergens": "",
    "usage": "",
    "nutrition": [],
    "nutritionUnitText": "",
    "categories": {
      "mainCategory": "Frukt & Grönt",
      "subCategories": [
        {
          "name": "Grönsaker",
          "subSubCategories": [
            "Gurka"
          ]
        }
      ]
    }
  },
  {
    "name": "Äpple Granny Smith ca 190g Klass 1 ICA",
    "weightText": "Ca 190 g",
    "caPart": "Ca",
    "weightValue": 190,
    "weightUnit": "g",
    "comparePrice": "35,95 kr/kg",
    "currentPrice": 6.83,
    "attributes": [],
    "imgUrl": "https://handlaprivatkund.ica.se/images-v3/bf7a00ca-390e-4769-865f-dc369586872e/387b1d7e-b3fa-4152-ba78-2f55c7811ae2/500x500.jpg",
    "productInformation": "Klargrönt äpple med krispigt och fast fruktkött och frisk och syrlig smak. Fruktköttet håller sig fräscht länge och passar bra som t ex råkost.",
    "countryText": "Argentina",
    "companyText": "ICA",
    "ingrediensText": "",
    "storage": "Lägsta förvaringstemperatur 1°C Högsta förvaringstemperatur 4°C",
    "allergens": "",
    "usage": "",
    "nutrition": [],
    "nutritionUnitText": "",
    "categories": {
      "mainCategory": "Frukt & Grönt",
      "subCategories": [
        {
          "name": "Frukt",
          "subSubCategories": [
            "Äpple"
          ]
        }
      ]
    }
  },
  {
    "name": "Tomat kvist röd ca 120g Klass 1 ICA",
    "weightText": "Ca 120 g",
    "caPart": "Ca",
    "weightValue": 120,
    "weightUnit": "g",
    "comparePrice": "29,95 kr/kg",
    "currentPrice": 3.59,
    "attributes": [],
    "imgUrl": "https://handlaprivatkund.ica.se/images-v3/bf7a00ca-390e-4769-865f-dc369586872e/cd873e2e-679e-4b2e-aa52-50e16bacb210/500x500.jpg",
    "productInformation": "Spänstiga tomater med söt tomatsmak året om. Goda i sallader, på smörgås och i grytor och soppor. Även goda att torka!",
    "countryText": "Nederländerna",
    "companyText": "",
    "ingrediensText": "",
    "storage": "Lägsta förvaringstemperatur 12°C Högsta förvaringstemperatur 16°C",
    "allergens": "",
    "usage": "",
    "nutrition": [],
    "nutritionUnitText": "",
    "categories": {
      "mainCategory": "Frukt & Grönt",
      "subCategories": [
        {
          "name": "Grönsaker",
          "subSubCategories": [
            "Tomat"
          ]
        }
      ]
    }
  },
  {
    "name": "Morötter Tvättade ca 100g Klass 1 ICA",
    "weightText": "Ca 100 g",
    "caPart": "Ca",
    "weightValue": 100,
    "weightUnit": "g",
    "comparePrice": "14,95 kr/kg",
    "currentPrice": 1.5,
    "attributes": [
      "Ursprungsland Sverige"
    ],
    "imgUrl": "https://handlaprivatkund.ica.se/images-v3/bf7a00ca-390e-4769-865f-dc369586872e/970584a0-474c-49c6-b323-6ff24b2f6ec1/500x500.jpg",
    "productInformation": "Knapriga rötter med aningen söt smak som förstärks när de tillagas. Knapra som snacks, till dipp eller i varm mat. Fina att riva i köttfärssåsen.",
    "countryText": "Sverige",
    "companyText": "",
    "ingrediensText": "",
    "storage": "Lägsta förvaringstemperatur 1°C Högsta förvaringstemperatur 4°C",
    "allergens": "",
    "usage": "",
    "nutrition": [],
    "nutritionUnitText": "",
    "categories": {
      "mainCategory": "Frukt & Grönt",
      "subCategories": [
        {
          "name": "Rotfrukter",
          "subSubCategories": [
            "Morötter"
          ]
        }
      ]
    }
  },
  {
    "name": "Apelsin Lane late ca 310g Klass 1 ICA",
    "weightText": "Ca 310 g",
    "caPart": "Ca",
    "weightValue": 310,
    "weightUnit": "g",
    "comparePrice": "21,95 kr/kg",
    "currentPrice": 6.8,
    "attributes": [],
    "imgUrl": "https://handlaprivatkund.ica.se/images-v3/bf7a00ca-390e-4769-865f-dc369586872e/0dfdd5ec-643c-42ad-b138-c08ed3fb9028/500x500.jpg",
    "productInformation": "Saftiga och söta med en frisk syrlighet. Färgen på skalet visar inte hur mogen frukten är, en grön apelsin kan vara lika söt som en helorange.",
    "countryText": "Spanien",
    "companyText": "ICA",
    "ingrediensText": "",
    "storage": "",
    "allergens": "",
    "usage": "",
    "nutrition": [],
    "nutritionUnitText": "",
    "categories": {
      "mainCategory": "Frukt & Grönt",
      "subCategories": [
        {
          "name": "Frukt",
          "subSubCategories": [
            "Citrusfrukt",
            "Apelsin"
          ]
        }
      ]
    }
  },
  {
    "name": "Fast potatis 2kg Klass 1 ICA",
    "weightText": "2 kg",
    "caPart": "",
    "weightValue": 2,
    "weightUnit": "kg",
    "comparePrice": "15,98 kr/kg",
    "currentPrice": 31.95,
    "attributes": [
      "Ursprungsland Sverige"
    ],
    "imgUrl": "https://handlaprivatkund.ica.se/images-v3/bf7a00ca-390e-4769-865f-dc369586872e/6889d25b-5ebb-4d95-af33-d425717ea2f0/500x500.jpg",
    "productInformation": "Bra matpotatis som håller ihop fint när den tillagas. Koka, stek, stuva eller använd till ugnsrätter som Janssons frestelse, klyft- och Hasselbackspotatis. Sorter: Belana, Taisiya, Princess, Gala, Queen Anne, Inova, Melody, Solist, Folva, Colomba, Baby Lou och Ivetta.",
    "countryText": "Sverige",
    "companyText": "ICA",
    "ingrediensText": "",
    "storage": "",
    "allergens": "",
    "usage": "",
    "nutrition": [],
    "nutritionUnitText": "",
    "categories": {
      "mainCategory": "Jul",
      "subCategories": [
        {
          "name": "Julmat",
          "subSubCategories": [
            "Sill, Ansjovis & Potatis"
          ]
        }
      ]
    }
  },
  {
    "name": "Röd spetsig paprika 200g Klass 1 ICA",
    "weightText": "0.2 kg",
    "caPart": "",
    "weightValue": 0.2,
    "weightUnit": "kg",
    "comparePrice": "99,75 kr/kg",
    "currentPrice": 19.95,
    "attributes": [],
    "imgUrl": "https://images.ctfassets.net/l3dfc9zfaimi/qZc37LgTPPuZhIUMEbPJx/d4918e773827f51582d837109cfcb604/jul-25-produktdetaljbanner-insamlingen-desktop.jpg",
    "productInformation": "Riktigt krispig, mild och söt paprika som är fin och färgglad att blanda i salladen. Prova också att skära på längden, fylla halvorna och ugnsbaka.",
    "countryText": "Nederländerna",
    "companyText": "ICA",
    "ingrediensText": "",
    "storage": "",
    "allergens": "",
    "usage": "",
    "nutrition": [],
    "nutritionUnitText": "",
    "categories": {
      "mainCategory": "Jul",
      "subCategories": [
        {
          "name": "Julens godaste varor",
          "subSubCategories": []
        }
      ]
    }
  },
  {
    "name": "Druvor Thompson Seedless Gröna kärnfria 500g Klass 1 ICA",
    "weightText": "0.5 kg",
    "caPart": "",
    "weightValue": 0.5,
    "weightUnit": "kg",
    "comparePrice": "67,90 kr/kg",
    "currentPrice": 33.95,
    "attributes": [],
    "imgUrl": "https://handlaprivatkund.ica.se/images-v3/bf7a00ca-390e-4769-865f-dc369586872e/266656f6-2b83-4f0c-a6ec-54b1408305a0/500x500.jpg",
    "productInformation": "",
    "countryText": "Brasilien",
    "companyText": "ICA",
    "ingrediensText": "",
    "storage": "Lägsta förvaringstemperatur 1°C Högsta förvaringstemperatur 4°C",
    "allergens": "",
    "usage": "",
    "nutrition": [],
    "nutritionUnitText": "",
    "categories": {
      "mainCategory": "Frukt & Grönt",
      "subCategories": [
        {
          "name": "Frukt",
          "subSubCategories": [
            "Druvor"
          ]
        }
      ]
    }
  },
  {
    "name": "Röda babyplommontomater 250g Klass 1 ICA",
    "weightText": "0.25 kg",
    "caPart": "",
    "weightValue": 0.25,
    "weightUnit": "kg",
    "comparePrice": "79,80 kr/kg",
    "currentPrice": 19.95,
    "attributes": [],
    "imgUrl": "https://handlaprivatkund.ica.se/images-v3/bf7a00ca-390e-4769-865f-dc369586872e/7c72ec8e-227b-42e3-aef8-ae2326d4487c/500x500.jpg",
    "productInformation": "Babyplommontomat med sötsyrlig och mild smak. Passar till sallader, i varma rätter, att garnera med eller att servera till plockmat med lite dippsås.",
    "countryText": "Marocko",
    "companyText": "ICA",
    "ingrediensText": "",
    "storage": "",
    "allergens": "",
    "usage": "",
    "nutrition": [],
    "nutritionUnitText": "",
    "categories": {
      "mainCategory": "Frukt & Grönt",
      "subCategories": [
        {
          "name": "Grönsaker",
          "subSubCategories": [
            "Tomat"
          ]
        }
      ]
    }
  },
  {
    "name": "Sötpotatis ca 350g Klass 1 ICA",
    "weightText": "Ca 350 g",
    "caPart": "Ca",
    "weightValue": 350,
    "weightUnit": "g",
    "comparePrice": "33,95 kr/kg",
    "currentPrice": 11.88,
    "attributes": [],
    "imgUrl": "https://handlaprivatkund.ica.se/images-v3/bf7a00ca-390e-4769-865f-dc369586872e/79bf64ba-e0ef-4f88-bef8-04702c750a23/500x500.jpg",
    "productInformation": "Rotfrukt med rödaktigt kött som påminner om potatis i konsistensen. Smaken är söt och fyllig. God att ugnsbaka eller blanda i fruktiga grytor.",
    "countryText": "Egypten",
    "companyText": "",
    "ingrediensText": "",
    "storage": "Lägsta förvaringstemperatur 12°C Högsta förvaringstemperatur 16°C",
    "allergens": "",
    "usage": "",
    "nutrition": [],
    "nutritionUnitText": "",
    "categories": {
      "mainCategory": "Frukt & Grönt",
      "subCategories": [
        {
          "name": "Potatis",
          "subSubCategories": [
            "Sötpotatis"
          ]
        }
      ]
    }
  },
  {
    "name": "Vitlök Morado ca 75g Klass 1 ICA",
    "weightText": "0.07 kg",
    "caPart": "",
    "weightValue": 0.07,
    "weightUnit": "kg",
    "comparePrice": "185,00 kr/kg",
    "currentPrice": 12.95,
    "attributes": [],
    "imgUrl": "https://handlaprivatkund.ica.se/images-v3/bf7a00ca-390e-4769-865f-dc369586872e/0647ad9b-1763-47c1-b654-9e5959dd7e78/500x500.jpg",
    "productInformation": "Vitlök Morado kan vara en smaksättare i många olika maträtter. Hela klyftor passar att ugnsbaka, gärna tillsammans med rotsaker eller en stek.",
    "countryText": "Spanien",
    "companyText": "ICA",
    "ingrediensText": "",
    "storage": "",
    "allergens": "",
    "usage": "",
    "nutrition": [],
    "nutritionUnitText": "",
    "categories": {
      "mainCategory": "Frukt & Grönt",
      "subCategories": [
        {
          "name": "Lök",
          "subSubCategories": [
            "Vitlök"
          ]
        }
      ]
    }
  },
  {
    "name": "Äpple Ingrid Marie ca 190g Klass 1 ICA",
    "weightText": "Ca 190 g",
    "caPart": "Ca",
    "weightValue": 190,
    "weightUnit": "g",
    "comparePrice": "27,95 kr/kg",
    "currentPrice": 5.31,
    "attributes": [
      "Ursprungsland Sverige"
    ],
    "imgUrl": "https://handlaprivatkund.ica.se/images-v3/bf7a00ca-390e-4769-865f-dc369586872e/d02da860-ecc3-4d13-8c52-52dc1e0d97f6/500x500.jpg",
    "productInformation": "Ett smakfullt och krispigt äpple med frisk och lätt syrlig smak samt viss kryddighet. Ett bra äpple att äta som det är eller koka mos och kompott på.",
    "countryText": "Sverige",
    "companyText": "ICA",
    "ingrediensText": "",
    "storage": "Lägsta förvaringstemperatur 1°C Högsta förvaringstemperatur 4°C",
    "allergens": "",
    "usage": "",
    "nutrition": [],
    "nutritionUnitText": "",
    "categories": {
      "mainCategory": "Frukt & Grönt",
      "subCategories": [
        {
          "name": "Frukt",
          "subSubCategories": [
            "Äpple"
          ]
        }
      ]
    }
  },
  {
    "name": "Äpple Royal Gala ca 220g Klass 1 ICA",
    "weightText": "Ca 220 g",
    "caPart": "Ca",
    "weightValue": 220,
    "weightUnit": "g",
    "comparePrice": "25,95 kr/kg",
    "currentPrice": 5.71,
    "attributes": [],
    "imgUrl": "https://handlaprivatkund.ica.se/images-v3/bf7a00ca-390e-4769-865f-dc369586872e/367e6501-fd91-4372-bd22-fdb24668b4e9/500x500.jpg",
    "productInformation": "Ett av de populäraste äpplena, med söt och frisk smak som påminner lätt om melon. Krispigt och fast. Gott i allt från sallad till kakor och varm mat.",
    "countryText": "Italien",
    "companyText": "ICA",
    "ingrediensText": "",
    "storage": "Lägsta förvaringstemperatur 1°C Högsta förvaringstemperatur 4°C",
    "allergens": "",
    "usage": "",
    "nutrition": [],
    "nutritionUnitText": "",
    "categories": {
      "mainCategory": "Frukt & Grönt",
      "subCategories": [
        {
          "name": "Frukt",
          "subSubCategories": [
            "Äpple"
          ]
        }
      ]
    }
  },
  {
    "name": "Gul lök 1kg Klass 1 ICA",
    "weightText": "1 kg",
    "caPart": "",
    "weightValue": 1,
    "weightUnit": "kg",
    "comparePrice": "9,95 kr/kg",
    "currentPrice": 9.95,
    "attributes": [
      "Ursprungsland Sverige"
    ],
    "imgUrl": "https://handlaprivatkund.ica.se/images-v3/bf7a00ca-390e-4769-865f-dc369586872e/a646041e-588b-4e87-bb4c-56cf7a77cbe8/500x500.jpg",
    "productInformation": "Gul lök passar i både varm och kall matlagning. Lägg den skurna löken i kallt vatten innan användning, så blir den snällare.",
    "countryText": "Sverige",
    "companyText": "ICA",
    "ingrediensText": "",
    "storage": "",
    "allergens": "",
    "usage": "",
    "nutrition": [],
    "nutritionUnitText": "",
    "categories": {
      "mainCategory": "Frukt & Grönt",
      "subCategories": [
        {
          "name": "Lök",
          "subSubCategories": [
            "Gul lök"
          ]
        }
      ]
    }
  },
  {
    "name": "Delikatesspotatis Sköljd 900g Klass 1 ICA",
    "weightText": "0.9 kg",
    "caPart": "",
    "weightValue": 0.9,
    "weightUnit": "kg",
    "comparePrice": "25,50 kr/kg",
    "currentPrice": 22.95,
    "attributes": [
      "Ursprungsland Sverige"
    ],
    "imgUrl": "https://handlaprivatkund.ica.se/images-v3/bf7a00ca-390e-4769-865f-dc369586872e/8632df5d-70a6-4426-a617-027a84d9a2f3/500x500.jpg",
    "productInformation": "Små, tvättade potatisar. Sorterna kan variera under året. Passar att koka, ugnsrosta, steka eller ha i sallader. Tillaga gärna med skalet på.",
    "countryText": "Sverige",
    "companyText": "ICA",
    "ingrediensText": "",
    "storage": "Lägsta förvaringstemperatur 1°C Högsta förvaringstemperatur 4°C",
    "allergens": "",
    "usage": "",
    "nutrition": [],
    "nutritionUnitText": "",
    "categories": {
      "mainCategory": "Frukt & Grönt",
      "subCategories": [
        {
          "name": "Potatis",
          "subSubCategories": [
            "Delikatesspotatis"
          ]
        }
      ]
    }
  },
  {
    "name": "Purjolök ca 330g Klass 1 ICA",
    "weightText": "Ca 330 g",
    "caPart": "Ca",
    "weightValue": 330,
    "weightUnit": "g",
    "comparePrice": "27,95 kr/kg",
    "currentPrice": 9.22,
    "attributes": [
      "Ursprungsland Sverige"
    ],
    "imgUrl": "https://handlaprivatkund.ica.se/images-v3/bf7a00ca-390e-4769-865f-dc369586872e/22560594-6cec-44fa-9120-b435f3bd7144/500x500.jpg",
    "productInformation": "Mild och god smak som blir kraftigare på den gröna delen av löken. Hela purjolöken kan användas. God i sallad, soppor och grytor.",
    "countryText": "Sverige",
    "companyText": "ICA",
    "ingrediensText": "",
    "storage": "",
    "allergens": "",
    "usage": "",
    "nutrition": [],
    "nutritionUnitText": "",
    "categories": {
      "mainCategory": "Frukt & Grönt",
      "subCategories": [
        {
          "name": "Lök",
          "subSubCategories": [
            "Purjolök"
          ]
        }
      ]
    }
  },
  {
    "name": "Druvor Crimson Röda kärnfria 500g Klass 1 ICA",
    "weightText": "0.5 kg",
    "caPart": "",
    "weightValue": 0.5,
    "weightUnit": "kg",
    "comparePrice": "71,90 kr/kg",
    "currentPrice": 35.95,
    "attributes": [],
    "imgUrl": "https://handlaprivatkund.ica.se/images-v3/bf7a00ca-390e-4769-865f-dc369586872e/b5c52ac2-9a67-44f1-8e8a-3bb1735ab8f7/500x500.jpg",
    "productInformation": "ICA Kärnfria Röda Druvor har en söt och lite kryddig smak. Ät dem naturella, i fruktsallad, desserter, till bakverk och på ostbrickan.",
    "countryText": "Spanien",
    "companyText": "ICA",
    "ingrediensText": "",
    "storage": "Lägsta förvaringstemperatur 1°C Högsta förvaringstemperatur 4°C",
    "allergens": "",
    "usage": "",
    "nutrition": [],
    "nutritionUnitText": "",
    "categories": {
      "mainCategory": "Frukt & Grönt",
      "subCategories": [
        {
          "name": "Frukt",
          "subSubCategories": [
            "Druvor"
          ]
        }
      ]
    }
  },
  {
    "name": "Paprika Gul ca 180g Klass 1 ICA",
    "weightText": "Ca 180 g",
    "caPart": "Ca",
    "weightValue": 180,
    "weightUnit": "g",
    "comparePrice": "46,95 kr/kg",
    "currentPrice": 8.45,
    "attributes": [],
    "imgUrl": "https://handlaprivatkund.ica.se/images-v3/bf7a00ca-390e-4769-865f-dc369586872e/1439859e-a140-4472-a46d-e1b3c5743930/500x500.jpg",
    "productInformation": "Krispig, gul paprika med fin sötma. Prova att rosta i ugnen, grilla eller fylla med t ex köttfärs och gratinera. En färgklick i salladsskålen!",
    "countryText": "Nederländerna",
    "companyText": "ICA",
    "ingrediensText": "",
    "storage": "",
    "allergens": "",
    "usage": "",
    "nutrition": [],
    "nutritionUnitText": "",
    "categories": {
      "mainCategory": "Frukt & Grönt",
      "subCategories": [
        {
          "name": "Grönsaker",
          "subSubCategories": [
            "Paprika"
          ]
        }
      ]
    }
  },
  {
    "name": "Äpple Royal Gala ekologiskt ca 160g Klass 1 ICA I love eco",
    "weightText": "Ca 160 g",
    "caPart": "Ca",
    "weightValue": 160,
    "weightUnit": "g",
    "comparePrice": "39,95 kr/kg",
    "currentPrice": 6.39,
    "attributes": [
      "EU Ekologiskt",
      "Ekologiskt"
    ],
    "imgUrl": "https://handlaprivatkund.ica.se/images-v3/bf7a00ca-390e-4769-865f-dc369586872e/bf98c746-2d60-4449-b0f9-32eeb8f1926c/500x500.jpg",
    "productInformation": "",
    "countryText": "Italien",
    "companyText": "ICA I love eco",
    "ingrediensText": "",
    "storage": "Lägsta förvaringstemperatur 1°C Högsta förvaringstemperatur 4°C",
    "allergens": "",
    "usage": "",
    "nutrition": [],
    "nutritionUnitText": "",
    "categories": {
      "mainCategory": "Frukt & Grönt",
      "subCategories": [
        {
          "name": "Frukt",
          "subSubCategories": [
            "Äpple"
          ]
        }
      ]
    }
  },
  {
    "name": "Finbladig babyspenat Sköljd 65g ICA",
    "weightText": "0.065 kg",
    "caPart": "",
    "weightValue": 0.065,
    "weightUnit": "kg",
    "comparePrice": "291,54 kr/kg",
    "currentPrice": 18.95,
    "attributes": [],
    "imgUrl": "https://handlaprivatkund.ica.se/images-v3/bf7a00ca-390e-4769-865f-dc369586872e/b2bd697d-0419-493f-b878-6ec21ff53a3b/500x500.jpg",
    "productInformation": "",
    "countryText": "Italien",
    "companyText": "ICA",
    "ingrediensText": "",
    "storage": "Lägsta förvaringstemperatur 1°C Högsta förvaringstemperatur 4°C",
    "allergens": "",
    "usage": "",
    "nutrition": [],
    "nutritionUnitText": "Näringsvärde per styck",
    "categories": {
      "mainCategory": "Frukt & Grönt",
      "subCategories": [
        {
          "name": "Grönsaker",
          "subSubCategories": [
            "Sallad",
            "Spenat"
          ]
        }
      ]
    }
  },
  {
    "name": "Citron eko ca 100g Klass 1 ICA",
    "weightText": "0.1 kg",
    "caPart": "",
    "weightValue": 0.1,
    "weightUnit": "kg",
    "comparePrice": "89,50 kr/kg",
    "currentPrice": 8.95,
    "attributes": [
      "EU Ekologiskt",
      "Ekologiskt"
    ],
    "imgUrl": "https://handlaprivatkund.ica.se/images-v3/bf7a00ca-390e-4769-865f-dc369586872e/109c68d3-9385-4bd3-be40-3f4dc970b860/500x500.jpg",
    "productInformation": "Sort Primofiori",
    "countryText": "Italien",
    "companyText": "ICA I love eco",
    "ingrediensText": "",
    "storage": "",
    "allergens": "",
    "usage": "",
    "nutrition": [],
    "nutritionUnitText": "",
    "categories": {
      "mainCategory": "Frukt & Grönt",
      "subCategories": [
        {
          "name": "Frukt",
          "subSubCategories": [
            "Citrusfrukt",
            "Citron"
          ]
        }
      ]
    }
  },
  {
    "name": "Färgmixade småtomater 350g Klass 1 ICA",
    "weightText": "0.35 kg",
    "caPart": "",
    "weightValue": 0.35,
    "weightUnit": "kg",
    "comparePrice": "111,29 kr/kg",
    "currentPrice": 38.95,
    "attributes": [],
    "imgUrl": "https://handlaprivatkund.ica.se/images-v3/bf7a00ca-390e-4769-865f-dc369586872e/1222abfc-64c1-412d-aa5c-766418a4b317/500x500.jpg",
    "productInformation": "",
    "countryText": "Marocko",
    "companyText": "ICA",
    "ingrediensText": "",
    "storage": "",
    "allergens": "",
    "usage": "",
    "nutrition": [],
    "nutritionUnitText": "",
    "categories": {
      "mainCategory": "Frukt & Grönt",
      "subCategories": [
        {
          "name": "Grönsaker",
          "subSubCategories": [
            "Tomat"
          ]
        }
      ]
    }
  },
  {
    "name": "Romanticatomater 300g Klass 1 ICA",
    "weightText": "0.3 kg",
    "caPart": "",
    "weightValue": 0.3,
    "weightUnit": "kg",
    "comparePrice": "119,83 kr/kg",
    "currentPrice": 35.95,
    "attributes": [],
    "imgUrl": "https://handlaprivatkund.ica.se/images-v3/bf7a00ca-390e-4769-865f-dc369586872e/903782a2-d76b-4301-88c7-0d862796657d/500x500.jpg",
    "productInformation": "",
    "countryText": "Nederländerna",
    "companyText": "ICA",
    "ingrediensText": "",
    "storage": "Lägsta förvaringstemperatur 12°C Högsta förvaringstemperatur 16°C",
    "allergens": "",
    "usage": "",
    "nutrition": [],
    "nutritionUnitText": "",
    "categories": {
      "mainCategory": "Frukt & Grönt",
      "subCategories": [
        {
          "name": "Grönsaker",
          "subSubCategories": [
            "Tomat"
          ]
        }
      ]
    }
  },
  {
    "name": "Gul lök 500g Klass 1 ICA",
    "weightText": "0.5 kg",
    "caPart": "",
    "weightValue": 0.5,
    "weightUnit": "kg",
    "comparePrice": "29,90 kr/kg",
    "currentPrice": 14.95,
    "attributes": [
      "Ursprungsland Sverige"
    ],
    "imgUrl": "https://handlaprivatkund.ica.se/images-v3/bf7a00ca-390e-4769-865f-dc369586872e/7a152ab0-edad-4371-810f-e5f4169c9098/500x500.jpg",
    "productInformation": "Lökklassikern med skarp smak, som blir sötare och mildare när den tillagas. Passar till det mesta, från tacotillbehör till krydda i såser och grytor.",
    "countryText": "Sverige",
    "companyText": "ICA",
    "ingrediensText": "",
    "storage": "",
    "allergens": "",
    "usage": "",
    "nutrition": [],
    "nutritionUnitText": "",
    "categories": {
      "mainCategory": "Frukt & Grönt",
      "subCategories": [
        {
          "name": "Lök",
          "subSubCategories": [
            "Gul lök"
          ]
        }
      ]
    }
  },
  {
    "name": "Svenska Päron ca 140g Klass 1 ICA",
    "weightText": "Ca 140 g",
    "caPart": "Ca",
    "weightValue": 140,
    "weightUnit": "g",
    "comparePrice": "29,95 kr/kg",
    "currentPrice": 4.19,
    "attributes": [
      "Ursprungsland Sverige"
    ],
    "imgUrl": "https://handlaprivatkund.ica.se/images-v3/bf7a00ca-390e-4769-865f-dc369586872e/f9a49807-9450-4c04-b57b-f0c4427395e5/500x500.jpg",
    "productInformation": "",
    "countryText": "Sverige",
    "companyText": "ICA",
    "ingrediensText": "",
    "storage": "Lägsta förvaringstemperatur 1°C Högsta förvaringstemperatur 4°C",
    "allergens": "",
    "usage": "",
    "nutrition": [],
    "nutritionUnitText": "",
    "categories": {
      "mainCategory": "Frukt & Grönt",
      "subCategories": [
        {
          "name": "Frukt",
          "subSubCategories": [
            "Päron"
          ]
        }
      ]
    }
  },
  {
    "name": "Tvättade morötter 1kg Klass 1 ICA",
    "weightText": "1 kg",
    "caPart": "",
    "weightValue": 1,
    "weightUnit": "kg",
    "comparePrice": "12,95 kr/kg",
    "currentPrice": 12.95,
    "attributes": [
      "Ursprungsland Sverige"
    ],
    "imgUrl": "https://handlaprivatkund.ica.se/images-v3/bf7a00ca-390e-4769-865f-dc369586872e/930c424d-c15b-478d-a12d-b87139eb3c78/500x500.jpg",
    "productInformation": "Knapriga, söta rötter vars sötma förstärks vid tillagning. Goda att dippa eller knapra på som de är. Prova gärna i mat, marmelader och bakverk.",
    "countryText": "Sverige",
    "companyText": "ICA",
    "ingrediensText": "",
    "storage": "",
    "allergens": "",
    "usage": "",
    "nutrition": [],
    "nutritionUnitText": "",
    "categories": {
      "mainCategory": "Frukt & Grönt",
      "subCategories": [
        {
          "name": "Rotfrukter",
          "subSubCategories": [
            "Morötter"
          ]
        }
      ]
    }
  },
  {
    "name": "Ätmogen Avokado 3-pack Klass 1 ICA",
    "weightText": "0.33 kg",
    "caPart": "",
    "weightValue": 0.33,
    "weightUnit": "kg",
    "comparePrice": "105,91 kr/kg",
    "currentPrice": 34.95,
    "attributes": [],
    "imgUrl": "https://handlaprivatkund.ica.se/images-v3/bf7a00ca-390e-4769-865f-dc369586872e/ab838e66-373a-489f-acb3-f1fb06810f04/500x500.jpg",
    "productInformation": "ICAs egna ätmogna avokado i 3-pack har med hjälp av ny teknik en bättre och jämnare mognad. Även om skalet är lite grönare och hårdare än vanligt. Lägg gärna avokadon i kylen när du kommer hem, då får du en ännu bättre hållbarhet.",
    "countryText": "Chile",
    "companyText": "ICA",
    "ingrediensText": "",
    "storage": "Lägsta förvaringstemperatur 1°C Högsta förvaringstemperatur 4°C",
    "allergens": "",
    "usage": "",
    "nutrition": [],
    "nutritionUnitText": "",
    "categories": {
      "mainCategory": "Frukt & Grönt",
      "subCategories": [
        {
          "name": "Frukt",
          "subSubCategories": [
            "Avokado"
          ]
        }
      ]
    }
  },
  {
    "name": "Avokado ca 180g Klass 1 ICA",
    "weightText": "0.18 kg",
    "caPart": "",
    "weightValue": 0.18,
    "weightUnit": "kg",
    "comparePrice": "60,83 kr/kg",
    "currentPrice": 10.95,
    "attributes": [],
    "imgUrl": "https://handlaprivatkund.ica.se/images-v3/bf7a00ca-390e-4769-865f-dc369586872e/14c9b2ab-d4fb-4a7e-978b-5cd2f844f441/500x500.jpg",
    "productInformation": "En mogen avokado har mjukt, krämigt fruktkött med mild och lite nötaktig smak. Passar på mackan, till räkor och i guacamole till tacos.",
    "countryText": "Colombia",
    "companyText": "",
    "ingrediensText": "",
    "storage": "Lägsta förvaringstemperatur 1°C Högsta förvaringstemperatur 4°C",
    "allergens": "",
    "usage": "",
    "nutrition": [],
    "nutritionUnitText": "",
    "categories": {
      "mainCategory": "Frukt & Grönt",
      "subCategories": [
        {
          "name": "Frukt",
          "subSubCategories": [
            "Avokado"
          ]
        }
      ]
    }
  },
  {
    "name": "Kastanjechampinjon ca 15g Klass 1 ICA",
    "weightText": "Ca 15 g",
    "caPart": "Ca",
    "weightValue": 15,
    "weightUnit": "g",
    "comparePrice": "119,00 kr/kg",
    "currentPrice": 1.79,
    "attributes": [
      "Ursprungsland Sverige"
    ],
    "imgUrl": "https://handlaprivatkund.ica.se/images-v3/bf7a00ca-390e-4769-865f-dc369586872e/73dddbba-9531-4c73-bebd-853e27ecb248/500x500.jpg",
    "productInformation": "Fast svamp med mild och fyllig smak. Även känd som skogschampinjon. Prova i svamprisotto med parmesan och rosmarin eller som tillbehör till biff.",
    "countryText": "Sverige",
    "companyText": "",
    "ingrediensText": "",
    "storage": "Lägsta förvaringstemperatur 1°C Högsta förvaringstemperatur 4°C",
    "allergens": "",
    "usage": "",
    "nutrition": [],
    "nutritionUnitText": "",
    "categories": {
      "mainCategory": "Frukt & Grönt",
      "subCategories": [
        {
          "name": "Svamp",
          "subSubCategories": [
            "Champinjoner"
          ]
        }
      ]
    }
  },
  {
    "name": "Spenat i storpack Sköljd 200g ICA",
    "weightText": "0.2 kg",
    "caPart": "",
    "weightValue": 0.2,
    "weightUnit": "kg",
    "comparePrice": "99,75 kr/kg",
    "currentPrice": 19.95,
    "attributes": [],
    "imgUrl": "https://handlaprivatkund.ica.se/images-v3/bf7a00ca-390e-4769-865f-dc369586872e/85ffe9ce-a214-40e5-8923-4b71eb5a8ed4/500x500.jpg",
    "productInformation": "Spenat storpack med spröda blad och mild, nötig smak. Passar som de är i en sallad, frästa med smör och vitlök till pasta, till wok eller en omelett.",
    "countryText": "EU",
    "companyText": "ICA",
    "ingrediensText": "",
    "storage": "",
    "allergens": "",
    "usage": "",
    "nutrition": [],
    "nutritionUnitText": "Näringsvärde per styck",
    "categories": {
      "mainCategory": "Frukt & Grönt",
      "subCategories": [
        {
          "name": "Grönsaker",
          "subSubCategories": [
            "Sallad",
            "Spenat"
          ]
        }
      ]
    }
  },
  {
    "name": "Avokado i nät 700g Klass 1 ICA",
    "weightText": "0.7 kg",
    "caPart": "",
    "weightValue": 0.7,
    "weightUnit": "kg",
    "comparePrice": "52,79 kr/kg",
    "currentPrice": 36.95,
    "attributes": [],
    "imgUrl": "https://handlaprivatkund.ica.se/images-v3/bf7a00ca-390e-4769-865f-dc369586872e/3e9c60eb-4899-4ee1-97de-7a80c3da146a/500x500.jpg",
    "productInformation": "",
    "countryText": "Colombia",
    "companyText": "ICA",
    "ingrediensText": "",
    "storage": "Lägsta förvaringstemperatur 12°C Högsta förvaringstemperatur 16°C",
    "allergens": "",
    "usage": "",
    "nutrition": [],
    "nutritionUnitText": "",
    "categories": {
      "mainCategory": "Frukt & Grönt",
      "subCategories": [
        {
          "name": "Frukt",
          "subSubCategories": [
            "Avokado"
          ]
        }
      ]
    }
  },
  {
    "name": "Passionsfrukt ca 50g Klass 1 ICA",
    "weightText": "0.05 kg",
    "caPart": "",
    "weightValue": 0.05,
    "weightUnit": "kg",
    "comparePrice": "199,00 kr/kg",
    "currentPrice": 9.95,
    "attributes": [],
    "imgUrl": "https://handlaprivatkund.ica.se/images-v3/bf7a00ca-390e-4769-865f-dc369586872e/75771335-a2ee-4d17-b134-d54487969c14/500x500.jpg",
    "productInformation": "",
    "countryText": "Colombia",
    "companyText": "",
    "ingrediensText": "",
    "storage": "Lägsta förvaringstemperatur 12°C Högsta förvaringstemperatur 16°C",
    "allergens": "",
    "usage": "",
    "nutrition": [],
    "nutritionUnitText": "",
    "categories": {
      "mainCategory": "Frukt & Grönt",
      "subCategories": [
        {
          "name": "Frukt",
          "subSubCategories": [
            "Exotisk frukt",
            "Passionsfrukt"
          ]
        }
      ]
    }
  },
  {
    "name": "Fast potatis 1,2kg Klass 1 ICA",
    "weightText": "1.2 kg",
    "caPart": "",
    "weightValue": 1.2,
    "weightUnit": "kg",
    "comparePrice": "18,29 kr/kg",
    "currentPrice": 21.95,
    "attributes": [],
    "imgUrl": "https://handlaprivatkund.ica.se/images-v3/bf7a00ca-390e-4769-865f-dc369586872e/2e40ac73-2765-4956-b113-b872c0824f7c/500x500.jpg",
    "productInformation": "Sorter: Belana, Taisiya, Princess, Gala, Queen Anne, Inova, Melody, Solist, Folva, Colomba, Baby Lou och Ivetta.",
    "countryText": "Tyskland",
    "companyText": "ICA",
    "ingrediensText": "",
    "storage": "",
    "allergens": "",
    "usage": "",
    "nutrition": [],
    "nutritionUnitText": "",
    "categories": {
      "mainCategory": "Frukt & Grönt",
      "subCategories": [
        {
          "name": "Potatis",
          "subSubCategories": [
            "Fast potatis"
          ]
        }
      ]
    }
  },
  {
    "name": "Päron Conference Merpack 1kg ICA Klass 2",
    "weightText": "1 kg",
    "caPart": "",
    "weightValue": 1,
    "weightUnit": "kg",
    "comparePrice": "17,95 kr/kg",
    "currentPrice": 17.95,
    "attributes": [],
    "imgUrl": "https://handlaprivatkund.ica.se/images-v3/bf7a00ca-390e-4769-865f-dc369586872e/6ed2df30-1fc7-4ffe-b6b0-311b3337a41b/500x500.jpg",
    "productInformation": "",
    "countryText": "Belgien",
    "companyText": "ICA",
    "ingrediensText": "",
    "storage": "Lägsta förvaringstemperatur 1°C Högsta förvaringstemperatur 4°C",
    "allergens": "",
    "usage": "",
    "nutrition": [],
    "nutritionUnitText": "",
    "categories": {
      "mainCategory": "Frukt & Grönt",
      "subCategories": [
        {
          "name": "Frukt",
          "subSubCategories": [
            "Päron"
          ]
        }
      ]
    }
  },
  {
    "name": "Zucchini styck ca 350g Klass 1",
    "weightText": "0.35 kg",
    "caPart": "",
    "weightValue": 0.35,
    "weightUnit": "kg",
    "comparePrice": "31,29 kr/kg",
    "currentPrice": 10.95,
    "attributes": [],
    "imgUrl": "https://handlaprivatkund.ica.se/images-v3/bf7a00ca-390e-4769-865f-dc369586872e/194084d1-cd6f-4e74-885a-da1727f4fb06/500x500.jpg",
    "productInformation": "",
    "countryText": "Spanien",
    "companyText": "",
    "ingrediensText": "",
    "storage": "Lägsta förvaringstemperatur 12°C Högsta förvaringstemperatur 16°C",
    "allergens": "",
    "usage": "",
    "nutrition": [],
    "nutritionUnitText": "",
    "categories": {
      "mainCategory": "Frukt & Grönt",
      "subCategories": [
        {
          "name": "Grönsaker",
          "subSubCategories": [
            "Zucchini"
          ]
        }
      ]
    }
  },
  {
    "name": "Palsternacka ca 140g Klass 1 ICA",
    "weightText": "Ca 140 g",
    "caPart": "Ca",
    "weightValue": 140,
    "weightUnit": "g",
    "comparePrice": "25,95 kr/kg",
    "currentPrice": 3.63,
    "attributes": [
      "Ursprungsland Sverige"
    ],
    "imgUrl": "https://handlaprivatkund.ica.se/images-v3/bf7a00ca-390e-4769-865f-dc369586872e/bbe57122-d62f-4fd5-aa53-b9c5da869118/500x500.jpg",
    "productInformation": "Kryddig och lite söt rot som är fin som krydda i soppor och grytor, eller att ugnsrosta med andra rotfrukter. Förvara helst i kylen utan plastpåse.",
    "countryText": "Sverige",
    "companyText": "",
    "ingrediensText": "",
    "storage": "Lägsta förvaringstemperatur 1°C Högsta förvaringstemperatur 4°C",
    "allergens": "",
    "usage": "",
    "nutrition": [],
    "nutritionUnitText": "",
    "categories": {
      "mainCategory": "Frukt & Grönt",
      "subCategories": [
        {
          "name": "Rotfrukter",
          "subSubCategories": [
            "Palsternacka"
          ]
        }
      ]
    }
  },
  {
    "name": "Finbladig rucola Sköljd 65g ICA",
    "weightText": "0.065 kg",
    "caPart": "",
    "weightValue": 0.065,
    "weightUnit": "kg",
    "comparePrice": "291,54 kr/kg",
    "currentPrice": 18.95,
    "attributes": [],
    "imgUrl": "https://handlaprivatkund.ica.se/images-v3/bf7a00ca-390e-4769-865f-dc369586872e/f043050a-746e-467e-9d7d-fb16b71c4715/500x500.jpg",
    "productInformation": "Finbladig sallat med pepprig ton. Perfekt som smaksättare i salladsblandningar och till alla slags tomater. Speciellt passande till medelhavsmat.",
    "countryText": "Italien",
    "companyText": "ICA",
    "ingrediensText": "",
    "storage": "",
    "allergens": "",
    "usage": "",
    "nutrition": [],
    "nutritionUnitText": "Näringsvärde per styck",
    "categories": {
      "mainCategory": "Frukt & Grönt",
      "subCategories": [
        {
          "name": "Grönsaker",
          "subSubCategories": [
            "Sallad",
            "Rucola"
          ]
        }
      ]
    }
  },
  {
    "name": "Äpple Jazz ca 230g Klass 1 ICA Selection",
    "weightText": "Ca 230 g",
    "caPart": "Ca",
    "weightValue": 230,
    "weightUnit": "g",
    "comparePrice": "46,95 kr/kg",
    "currentPrice": 10.8,
    "attributes": [],
    "imgUrl": "https://handlaprivatkund.ica.se/images-v3/bf7a00ca-390e-4769-865f-dc369586872e/92796d23-9251-4d24-b73a-da25bb052872/500x500.jpg",
    "productInformation": "",
    "countryText": "Italien",
    "companyText": "ICA Selection",
    "ingrediensText": "",
    "storage": "Lägsta förvaringstemperatur 1°C Högsta förvaringstemperatur 4°C",
    "allergens": "",
    "usage": "",
    "nutrition": [],
    "nutritionUnitText": "",
    "categories": {
      "mainCategory": "Frukt & Grönt",
      "subCategories": [
        {
          "name": "Frukt",
          "subSubCategories": [
            "Äpple"
          ]
        }
      ]
    }
  },
  {
    "name": "Paprikamix 400g Klass 1 ICA",
    "weightText": "0.4 kg",
    "caPart": "",
    "weightValue": 0.4,
    "weightUnit": "kg",
    "comparePrice": "74,88 kr/kg",
    "currentPrice": 29.95,
    "attributes": [],
    "imgUrl": "https://handlaprivatkund.ica.se/images-v3/bf7a00ca-390e-4769-865f-dc369586872e/03878fdf-5443-4138-adb6-77466aaccc85/500x500.jpg",
    "productInformation": "ICAs merpack paprikamix är en blandning av röda, gula, orange och gröna paprikor, färg kan variera lite över säsongen",
    "countryText": "Spanien",
    "companyText": "ICA",
    "ingrediensText": "",
    "storage": "",
    "allergens": "",
    "usage": "",
    "nutrition": [],
    "nutritionUnitText": "",
    "categories": {
      "mainCategory": "Frukt & Grönt",
      "subCategories": [
        {
          "name": "Grönsaker",
          "subSubCategories": [
            "Paprika"
          ]
        }
      ]
    }
  },
  {
    "name": "Kvisttomater Piccolini 200g Klass 1 ICA",
    "weightText": "0.2 kg",
    "caPart": "",
    "weightValue": 0.2,
    "weightUnit": "kg",
    "comparePrice": "174,75 kr/kg",
    "currentPrice": 34.95,
    "attributes": [],
    "imgUrl": "https://handlaprivatkund.ica.se/images-v3/bf7a00ca-390e-4769-865f-dc369586872e/250b7e32-5efd-454b-9de9-7740f311dc97/500x500.jpg",
    "productInformation": "Liten, rund och röd tomat som ser ut som en körsbärstomat, men har sötare och mer intensiv smak. Ät som godis, i sallad eller baka i ugn.",
    "countryText": "Nederländerna",
    "companyText": "ICA Selection",
    "ingrediensText": "",
    "storage": "",
    "allergens": "",
    "usage": "",
    "nutrition": [],
    "nutritionUnitText": "",
    "categories": {
      "mainCategory": "Frukt & Grönt",
      "subCategories": [
        {
          "name": "Grönsaker",
          "subSubCategories": [
            "Tomat"
          ]
        }
      ]
    }
  },
  {
    "name": "Hallon 125g Klass 1 ICA",
    "weightText": "0.125 kg",
    "caPart": "",
    "weightValue": 0.125,
    "weightUnit": "kg",
    "comparePrice": "279,60 kr/kg",
    "currentPrice": 34.95,
    "attributes": [],
    "imgUrl": "https://handlaprivatkund.ica.se/images-v3/bf7a00ca-390e-4769-865f-dc369586872e/5bb63a1e-77fa-45a2-bc8c-37f81420289b/500x500.jpg",
    "productInformation": "",
    "countryText": "Spanien",
    "companyText": "ICA",
    "ingrediensText": "",
    "storage": "Lägsta förvaringstemperatur 1°C Högsta förvaringstemperatur 4°C",
    "allergens": "",
    "usage": "",
    "nutrition": [],
    "nutritionUnitText": "",
    "categories": {
      "mainCategory": "Frukt & Grönt",
      "subCategories": [
        {
          "name": "Färska bär",
          "subSubCategories": [
            "Hallon"
          ]
        }
      ]
    }
  },
  {
    "name": "Blåbär 125g klass 1 Rosa bandet ICA",
    "weightText": "0.125 kg",
    "caPart": "",
    "weightValue": 0.125,
    "weightUnit": "kg",
    "comparePrice": "239,60 kr/kg",
    "currentPrice": 29.95,
    "attributes": [],
    "imgUrl": "https://handlaprivatkund.ica.se/images-v3/bf7a00ca-390e-4769-865f-dc369586872e/55486ff1-c7f7-4e14-b056-36a8c3a2a10f/500x500.jpg",
    "productInformation": "Blåbär smakar gott och gör gott. Både färgen och storleken kan variera beroende på sort men den goda smaken har dom gemensamt. Söta och krispiga och fyllda av fibrer, vitaminer och mineraler. Denna produkt ingår i Rosa bandet och därav går 1,50 kr per förpackning till cancerfonden. ”",
    "countryText": "Spanien",
    "companyText": "ICA",
    "ingrediensText": "",
    "storage": "",
    "allergens": "",
    "usage": "",
    "nutrition": [],
    "nutritionUnitText": "",
    "categories": {
      "mainCategory": "Frukt & Grönt",
      "subCategories": [
        {
          "name": "Färska bär",
          "subSubCategories": [
            "Blåbär"
          ]
        }
      ]
    }
  },
  {
    "name": "Mjölig tvättad potatis 2kg Klass 1 ICA",
    "weightText": "2 kg",
    "caPart": "",
    "weightValue": 2,
    "weightUnit": "kg",
    "comparePrice": "15,98 kr/kg",
    "currentPrice": 31.95,
    "attributes": [
      "Ursprungsland Sverige"
    ],
    "imgUrl": "https://handlaprivatkund.ica.se/images-v3/bf7a00ca-390e-4769-865f-dc369586872e/f6ba7278-9c38-43cf-b703-86a83372d914/500x500.jpg",
    "productInformation": "Perfekt mospotatis som lätt kokar sönder. Tillaga varsamt och använd även i gratänger, att pressa och i soppa. Skala potatisen för bästa resultat.Sorter: King Edward, Gala, Queen Anne, Inova, Folva, Challenger, Rock, Helmi, Perline, Melody och Belana.",
    "countryText": "Sverige",
    "companyText": "ICA",
    "ingrediensText": "",
    "storage": "",
    "allergens": "",
    "usage": "",
    "nutrition": [],
    "nutritionUnitText": "Näringsvärde per styck",
    "categories": {
      "mainCategory": "Frukt & Grönt",
      "subCategories": [
        {
          "name": "Potatis",
          "subSubCategories": [
            "Mjölig potatis"
          ]
        }
      ]
    }
  },
  {
    "name": "Ingefära ca 100g Klass 1 ICA",
    "weightText": "Ca 100 g",
    "caPart": "Ca",
    "weightValue": 100,
    "weightUnit": "g",
    "comparePrice": "89,95 kr/kg",
    "currentPrice": 9,
    "attributes": [],
    "imgUrl": "https://handlaprivatkund.ica.se/images-v3/bf7a00ca-390e-4769-865f-dc369586872e/9400b3d2-8883-4425-b890-f6cf4fe9d773/500x500.jpg",
    "productInformation": "Frisk, syrlig och lite pepprig smak och något parfymerad doft. God att riva och använda som krydda eller att lägga in och servera till sushi.",
    "countryText": "Peru",
    "companyText": "",
    "ingrediensText": "",
    "storage": "Lägsta förvaringstemperatur 12°C Högsta förvaringstemperatur 16°C",
    "allergens": "",
    "usage": "",
    "nutrition": [],
    "nutritionUnitText": "",
    "categories": {
      "mainCategory": "Frukt & Grönt",
      "subCategories": [
        {
          "name": "Färska kryddor",
          "subSubCategories": [
            "Ingefära"
          ]
        }
      ]
    }
  },
  {
    "name": "Champinjon ca 50g Klass 1 ICA",
    "weightText": "Ca 50 g",
    "caPart": "Ca",
    "weightValue": 50,
    "weightUnit": "g",
    "comparePrice": "67,95 kr/kg",
    "currentPrice": 3.4,
    "attributes": [],
    "imgUrl": "https://handlaprivatkund.ica.se/images-v3/bf7a00ca-390e-4769-865f-dc369586872e/5d19fb66-a9ec-4456-9a2e-5c0a53c530dd/500x500.jpg",
    "productInformation": "Mild och populär matsvamp som är mycket användbar. God rå i sallad eller att dippa men prova gärna i sås, soppa eller att stuva.",
    "countryText": "Polen",
    "companyText": "",
    "ingrediensText": "",
    "storage": "Lägsta förvaringstemperatur 1°C Högsta förvaringstemperatur 4°C",
    "allergens": "",
    "usage": "",
    "nutrition": [],
    "nutritionUnitText": "",
    "categories": {
      "mainCategory": "Frukt & Grönt",
      "subCategories": [
        {
          "name": "Svamp",
          "subSubCategories": [
            "Champinjoner"
          ]
        }
      ]
    }
  },
  {
    "name": "Morötter Ekologiska 1kg KRAV Klass 1 I love eco",
    "weightText": "1 kg",
    "caPart": "",
    "weightValue": 1,
    "weightUnit": "kg",
    "comparePrice": "25,95 kr/kg",
    "currentPrice": 25.95,
    "attributes": [
      "EU Ekologiskt",
      "Ursprungsland Sverige",
      "Ekologiskt",
      "KRAV"
    ],
    "imgUrl": "https://handlaprivatkund.ica.se/images-v3/bf7a00ca-390e-4769-865f-dc369586872e/9153976c-cb59-4a8e-b5a1-bfdf60aa7eac/500x500.jpg",
    "productInformation": "Odlingarna av ICAs nyskördade morötter täcks med halm på hösten för att inte morötterna ska frysa på vintern. Morötterna skördas och packas strax innan de levereras till din butik. Nyskördade året runt!",
    "countryText": "Sverige",
    "companyText": "ICA I love eco",
    "ingrediensText": "",
    "storage": "Lägsta förvaringstemperatur 1°C Högsta förvaringstemperatur 4°C",
    "allergens": "",
    "usage": "",
    "nutrition": [],
    "nutritionUnitText": "",
    "categories": {
      "mainCategory": "Frukt & Grönt",
      "subCategories": [
        {
          "name": "Rotfrukter",
          "subSubCategories": [
            "Morötter"
          ]
        }
      ]
    }
  },
  {
    "name": "Plommontomater 500g Klass 1 ICA",
    "weightText": "0.5 kg",
    "caPart": "",
    "weightValue": 0.5,
    "weightUnit": "kg",
    "comparePrice": "65,90 kr/kg",
    "currentPrice": 32.95,
    "attributes": [
      "Ursprungsland Sverige"
    ],
    "imgUrl": "https://images.ctfassets.net/l3dfc9zfaimi/qZc37LgTPPuZhIUMEbPJx/d4918e773827f51582d837109cfcb604/jul-25-produktdetaljbanner-insamlingen-desktop.jpg",
    "productInformation": "",
    "countryText": "Sverige",
    "companyText": "ICA",
    "ingrediensText": "",
    "storage": "",
    "allergens": "",
    "usage": "",
    "nutrition": [],
    "nutritionUnitText": "",
    "categories": {
      "mainCategory": "Jul",
      "subCategories": [
        {
          "name": "Julens godaste varor",
          "subSubCategories": []
        }
      ]
    }
  },
  {
    "name": "Isbergssallat ca 440g Klass 1 ICA",
    "weightText": "Ca 440 g",
    "caPart": "Ca",
    "weightValue": 440,
    "weightUnit": "g",
    "comparePrice": "23,95 kr/kg",
    "currentPrice": 10.54,
    "attributes": [],
    "imgUrl": "https://handlaprivatkund.ica.se/images-v3/bf7a00ca-390e-4769-865f-dc369586872e/b418251b-ef5e-4980-97c2-1a7dd5cfd105/500x500.jpg",
    "productInformation": "",
    "countryText": "Spanien",
    "companyText": "ICA",
    "ingrediensText": "",
    "storage": "",
    "allergens": "",
    "usage": "",
    "nutrition": [],
    "nutritionUnitText": "",
    "categories": {
      "mainCategory": "Frukt & Grönt",
      "subCategories": [
        {
          "name": "Grönsaker",
          "subSubCategories": [
            "Sallad",
            "Isbergssallad"
          ]
        }
      ]
    }
  },
  {
    "name": "Schalottenlök ca 35g Klass 1 ICA",
    "weightText": "Ca 35 g",
    "caPart": "Ca",
    "weightValue": 35,
    "weightUnit": "g",
    "comparePrice": "52,95 kr/kg",
    "currentPrice": 1.85,
    "attributes": [
      "Ursprungsland Sverige"
    ],
    "imgUrl": "https://handlaprivatkund.ica.se/images-v3/bf7a00ca-390e-4769-865f-dc369586872e/b253342a-7894-4aaf-bff8-3c97c456a3e8/500x500.jpg",
    "productInformation": "Fin liten lök som ofta är uppdelad i klyftor under skalet. Den milda smaken tar inte över i maträtter. Goda att grilla och ugnsrosta, eller att använda rå.",
    "countryText": "Sverige",
    "companyText": "",
    "ingrediensText": "",
    "storage": "Lägsta förvaringstemperatur 12°C Högsta förvaringstemperatur 16°C",
    "allergens": "",
    "usage": "",
    "nutrition": [],
    "nutritionUnitText": "",
    "categories": {
      "mainCategory": "Frukt & Grönt",
      "subCategories": [
        {
          "name": "Lök",
          "subSubCategories": [
            "Schalottenlök"
          ]
        }
      ]
    }
  },
  {
    "name": "Småcitrus Clemenules i nät 1kg Klass 1 ICA",
    "weightText": "1 kg",
    "caPart": "",
    "weightValue": 1,
    "weightUnit": "kg",
    "comparePrice": "26,95 kr/kg",
    "currentPrice": 26.95,
    "attributes": [],
    "imgUrl": "https://handlaprivatkund.ica.se/images-v3/bf7a00ca-390e-4769-865f-dc369586872e/8d399c6f-8d2b-42de-94c9-fc194e4f943d/500x500.jpg",
    "productInformation": "",
    "countryText": "Spanien",
    "companyText": "ICA",
    "ingrediensText": "",
    "storage": "",
    "allergens": "",
    "usage": "",
    "nutrition": [],
    "nutritionUnitText": "",
    "categories": {
      "mainCategory": "Jul",
      "subCategories": [
        {
          "name": "Glöggmingel",
          "subSubCategories": [
            "Övrigt julsnacks"
          ]
        }
      ]
    }
  },
  {
    "name": "Aubergine ca 225g Klass 1 ICA",
    "weightText": "0.225 kg",
    "caPart": "",
    "weightValue": 0.225,
    "weightUnit": "kg",
    "comparePrice": "70,89 kr/kg",
    "currentPrice": 15.95,
    "attributes": [],
    "imgUrl": "https://handlaprivatkund.ica.se/images-v3/bf7a00ca-390e-4769-865f-dc369586872e/8388f37a-0c77-468e-8453-c1e4627c3d43/500x500.jpg",
    "productInformation": "",
    "countryText": "Nederländerna",
    "companyText": "ICA",
    "ingrediensText": "",
    "storage": "",
    "allergens": "",
    "usage": "",
    "nutrition": [],
    "nutritionUnitText": "",
    "categories": {
      "mainCategory": "Frukt & Grönt",
      "subCategories": [
        {
          "name": "Grönsaker",
          "subSubCategories": [
            "Aubergine"
          ]
        }
      ]
    }
  },
  {
    "name": "Bakpotatis ca 300g Klass 1 ICA",
    "weightText": "0.3 kg",
    "caPart": "",
    "weightValue": 0.3,
    "weightUnit": "kg",
    "comparePrice": "33,17 kr/kg",
    "currentPrice": 9.95,
    "attributes": [],
    "imgUrl": "https://handlaprivatkund.ica.se/images-v3/bf7a00ca-390e-4769-865f-dc369586872e/5cf6cab5-4659-4e22-a84a-7e6f446e181d/500x500.jpg",
    "productInformation": "Stora potatisar som passar med fyllningar av olika slag eller som klyftpotatis och pommes frites. När potatisen ugnsbakas hel ska den inte skalas.",
    "countryText": "Nederl�nderna",
    "companyText": "ICA",
    "ingrediensText": "",
    "storage": "Lägsta förvaringstemperatur 1°C Högsta förvaringstemperatur 4°C",
    "allergens": "",
    "usage": "",
    "nutrition": [],
    "nutritionUnitText": "",
    "categories": {
      "mainCategory": "Frukt & Grönt",
      "subCategories": [
        {
          "name": "Potatis",
          "subSubCategories": [
            "Bakpotatis"
          ]
        }
      ]
    }
  },
  {
    "name": "Salladsärta 150g Klass 1 ICA",
    "weightText": "0.15 kg",
    "caPart": "",
    "weightValue": 0.15,
    "weightUnit": "kg",
    "comparePrice": "193,00 kr/kg",
    "currentPrice": 28.95,
    "attributes": [],
    "imgUrl": "https://handlaprivatkund.ica.se/images-v3/bf7a00ca-390e-4769-865f-dc369586872e/6eea1c7d-f7e1-44e2-9e46-375fc5a7430d/500x500.jpg",
    "productInformation": "",
    "countryText": "Kenya",
    "companyText": "ICA",
    "ingrediensText": "",
    "storage": "",
    "allergens": "",
    "usage": "",
    "nutrition": [],
    "nutritionUnitText": "",
    "categories": {
      "mainCategory": "Frukt & Grönt",
      "subCategories": [
        {
          "name": "Grönsaker",
          "subSubCategories": [
            "Ärtor & Bönor",
            "Sockerärtor & Sugar snaps"
          ]
        }
      ]
    }
  },
  {
    "name": "Sallatsmix Krispig Sköljd 65g ICA",
    "weightText": "0.065 kg",
    "caPart": "",
    "weightValue": 0.065,
    "weightUnit": "kg",
    "comparePrice": "291,54 kr/kg",
    "currentPrice": 18.95,
    "attributes": [],
    "imgUrl": "https://handlaprivatkund.ica.se/images-v3/bf7a00ca-390e-4769-865f-dc369586872e/f0ca0dca-b0f3-4aad-87e1-61e66bf2ed1f/500x500.jpg",
    "productInformation": "En blandning av sallater med strimlad rödbeta. Passar som den är eller blanda med andra grönsaker och tillbehör som exempelvis fetaost.",
    "countryText": "EU",
    "companyText": "ICA",
    "ingrediensText": "",
    "storage": "",
    "allergens": "",
    "usage": "",
    "nutrition": [],
    "nutritionUnitText": "Näringsvärde per styck",
    "categories": {
      "mainCategory": "Frukt & Grönt",
      "subCategories": [
        {
          "name": "Grönsaker",
          "subSubCategories": [
            "Sallad",
            "Salladsmix"
          ]
        }
      ]
    }
  },
  {
    "name": "Äpple Saga ca 190g Klass 1 ICA",
    "weightText": "Ca 200 g",
    "caPart": "Ca",
    "weightValue": 200,
    "weightUnit": "g",
    "comparePrice": "27,95 kr/kg",
    "currentPrice": 5.59,
    "attributes": [
      "Ursprungsland Sverige"
    ],
    "imgUrl": "https://handlaprivatkund.ica.se/images-v3/bf7a00ca-390e-4769-865f-dc369586872e/c0b13905-df53-40d9-b84b-6f4bfcc328cc/500x500.jpg",
    "productInformation": "",
    "countryText": "Sverige",
    "companyText": "ICA",
    "ingrediensText": "",
    "storage": "",
    "allergens": "",
    "usage": "",
    "nutrition": [],
    "nutritionUnitText": "",
    "categories": {
      "mainCategory": "Frukt & Grönt",
      "subCategories": [
        {
          "name": "Frukt",
          "subSubCategories": [
            "Äpple"
          ]
        }
      ]
    }
  },
  {
    "name": "Mjölig potatis 1,2kg Klass 1 ICA",
    "weightText": "1.2 kg",
    "caPart": "",
    "weightValue": 1.2,
    "weightUnit": "kg",
    "comparePrice": "18,29 kr/kg",
    "currentPrice": 21.95,
    "attributes": [
      "Ursprungsland Sverige"
    ],
    "imgUrl": "https://handlaprivatkund.ica.se/images-v3/bf7a00ca-390e-4769-865f-dc369586872e/f4d4262e-144f-4f92-ba85-5334b0e63287/500x500.jpg",
    "productInformation": "Sorter: King Edward, Gala, Queen Anne, Inova, Folva, Challenger, Rock, Helmi, Perline, Melody och Belana",
    "countryText": "Sverige",
    "companyText": "ICA",
    "ingrediensText": "",
    "storage": "",
    "allergens": "",
    "usage": "",
    "nutrition": [],
    "nutritionUnitText": "",
    "categories": {
      "mainCategory": "Jul",
      "subCategories": [
        {
          "name": "Julmat",
          "subSubCategories": [
            "Sill, Ansjovis & Potatis"
          ]
        }
      ]
    }
  },
  {
    "name": "Körsbärstomater 250g Klass 1 ICA",
    "weightText": "0.25 kg",
    "caPart": "",
    "weightValue": 0.25,
    "weightUnit": "kg",
    "comparePrice": "75,80 kr/kg",
    "currentPrice": 18.95,
    "attributes": [],
    "imgUrl": "https://handlaprivatkund.ica.se/images-v3/bf7a00ca-390e-4769-865f-dc369586872e/b7fec1e8-fb1f-406e-b912-d38e9296e12c/500x500.jpg",
    "productInformation": "Bra i både sallader och mer matiga blandningar.",
    "countryText": "Nederländerna",
    "companyText": "ICA",
    "ingrediensText": "",
    "storage": "",
    "allergens": "",
    "usage": "",
    "nutrition": [],
    "nutritionUnitText": "",
    "categories": {
      "mainCategory": "Frukt & Grönt",
      "subCategories": [
        {
          "name": "Grönsaker",
          "subSubCategories": [
            "Tomat"
          ]
        }
      ]
    }
  },
  {
    "name": "Basilika Ekologisk 1-p KRAV Klass 1 ICA I",
    "weightText": "",
    "caPart": "",
    "weightValue": 0,
    "weightUnit": "",
    "comparePrice": "",
    "currentPrice": 21.95,
    "attributes": [
      "Från Sverige",
      "EU Ekologiskt",
      "Ursprungsland Sverige",
      "Ekologiskt",
      "KRAV"
    ],
    "imgUrl": "https://handlaprivatkund.ica.se/images-v3/bf7a00ca-390e-4769-865f-dc369586872e/f42ec473-2150-4655-b5e9-5d68793fd0d2/500x500.jpg",
    "productInformation": "ICA Ekologisk Basilika i kruka passar tillsammans med tomater, ljust kött, i pastarätter, sallader, soppor och grönsaksrätter. Är känslig för kyla.",
    "countryText": "Sverige",
    "companyText": "ICA I love eco",
    "ingrediensText": "",
    "storage": "Lägsta förvaringstemperatur 12°C Högsta förvaringstemperatur 16°C",
    "allergens": "",
    "usage": "",
    "nutrition": [],
    "nutritionUnitText": "",
    "categories": {
      "mainCategory": "Frukt & Grönt",
      "subCategories": [
        {
          "name": "Färska kryddor",
          "subSubCategories": [
            "Basilika"
          ]
        }
      ]
    }
  },
  {
    "name": "Fast potatis Ekologisk 2kg KRAV Klass 1 ICA",
    "weightText": "2 kg",
    "caPart": "",
    "weightValue": 2,
    "weightUnit": "kg",
    "comparePrice": "22,48 kr/kg",
    "currentPrice": 44.95,
    "attributes": [
      "EU Ekologiskt",
      "Ursprungsland Sverige",
      "Ekologiskt",
      "KRAV"
    ],
    "imgUrl": "https://handlaprivatkund.ica.se/images-v3/bf7a00ca-390e-4769-865f-dc369586872e/f48f9837-095e-4527-860f-d869b87c6970/500x500.jpg",
    "productInformation": "Passar att koka, råsteka och ugnsbaka. Tips: Krossa kokt potatis och blanda med stekt bacon, gräslök, crème fraiche och svartpeppar. Ekologisk.",
    "countryText": "Sverige",
    "companyText": "ICA I love eco",
    "ingrediensText": "",
    "storage": "",
    "allergens": "",
    "usage": "",
    "nutrition": [],
    "nutritionUnitText": "",
    "categories": {
      "mainCategory": "Frukt & Grönt",
      "subCategories": [
        {
          "name": "Potatis",
          "subSubCategories": [
            "Fast potatis"
          ]
        }
      ]
    }
  },
  {
    "name": "Päron Svenska ca 140g Klass 1",
    "weightText": "Ca 140 g",
    "caPart": "Ca",
    "weightValue": 140,
    "weightUnit": "g",
    "comparePrice": "29,95 kr/kg",
    "currentPrice": 4.19,
    "attributes": [
      "Ursprungsland Sverige"
    ],
    "imgUrl": "https://handlaprivatkund.ica.se/images-v3/bf7a00ca-390e-4769-865f-dc369586872e/f09a717b-18c5-4463-8420-00d024a04624/500x500.jpg",
    "productInformation": "Observera att päronsort på denna artikel kan variera. Conference, Carola och Alexander Lucas",
    "countryText": "Sverige",
    "companyText": "",
    "ingrediensText": "",
    "storage": "Lägsta förvaringstemperatur 1°C Högsta förvaringstemperatur 4°C",
    "allergens": "",
    "usage": "",
    "nutrition": [],
    "nutritionUnitText": "",
    "categories": {
      "mainCategory": "Frukt & Grönt",
      "subCategories": [
        {
          "name": "Frukt",
          "subSubCategories": [
            "Päron"
          ]
        }
      ]
    }
  },
  {
    "name": "Vitlök 250g Klass 1 ICA",
    "weightText": "0.25 kg",
    "caPart": "",
    "weightValue": 0.25,
    "weightUnit": "kg",
    "comparePrice": "115,80 kr/kg",
    "currentPrice": 28.95,
    "attributes": [],
    "imgUrl": "https://handlaprivatkund.ica.se/images-v3/bf7a00ca-390e-4769-865f-dc369586872e/b615c3df-3fe4-43ef-9557-7f3fb845a158/500x500.jpg",
    "productInformation": "En bra smaksättare till de flesta rätter. Ju mer finfördelad vitlöken är desto kraftigare blir smaken. Prova att ugnsbaka hela klyftor.",
    "countryText": "Spanien",
    "companyText": "ICA",
    "ingrediensText": "",
    "storage": "",
    "allergens": "",
    "usage": "",
    "nutrition": [],
    "nutritionUnitText": "",
    "categories": {
      "mainCategory": "Frukt & Grönt",
      "subCategories": [
        {
          "name": "Lök",
          "subSubCategories": [
            "Vitlök"
          ]
        }
      ]
    }
  },
  {
    "name": "Små fina morötter 500g Klass 1 ICA",
    "weightText": "0.5 kg",
    "caPart": "",
    "weightValue": 0.5,
    "weightUnit": "kg",
    "comparePrice": "19,90 kr/kg",
    "currentPrice": 9.95,
    "attributes": [
      "Ursprungsland Sverige"
    ],
    "imgUrl": "https://handlaprivatkund.ica.se/images-v3/bf7a00ca-390e-4769-865f-dc369586872e/8aff1fe9-1ed1-412e-9e31-bc585529a4ca/500x500.jpg",
    "productInformation": "Små knapriga morötter med aningen söt smak. Ät som snacks eller dippa. Även fina i matlagning, bakverk och att koka marmelad av.",
    "countryText": "Sverige",
    "companyText": "ICA",
    "ingrediensText": "",
    "storage": "",
    "allergens": "",
    "usage": "",
    "nutrition": [],
    "nutritionUnitText": "",
    "categories": {
      "mainCategory": "Frukt & Grönt",
      "subCategories": [
        {
          "name": "Rotfrukter",
          "subSubCategories": [
            "Morötter"
          ]
        }
      ]
    }
  },
  {
    "name": "Äpple Golden Delicious ca 220g Klass 1 ICA",
    "weightText": "Ca 220 g",
    "caPart": "Ca",
    "weightValue": 220,
    "weightUnit": "g",
    "comparePrice": "29,95 kr/kg",
    "currentPrice": 6.59,
    "attributes": [],
    "imgUrl": "https://handlaprivatkund.ica.se/images-v3/bf7a00ca-390e-4769-865f-dc369586872e/7e1e0b6c-6ac0-4fba-8f0d-c299bc80e3f0/500x500.jpg",
    "productInformation": "Golden Delicious har en söt smak med vitt och saftigt fruktkött. Passar att äta som det är eller som ingrediens i kalla rätter och desserter.",
    "countryText": "Italien",
    "companyText": "ICA",
    "ingrediensText": "",
    "storage": "Lägsta förvaringstemperatur 1°C Högsta förvaringstemperatur 4°C",
    "allergens": "",
    "usage": "",
    "nutrition": [],
    "nutritionUnitText": "",
    "categories": {
      "mainCategory": "Frukt & Grönt",
      "subCategories": [
        {
          "name": "Frukt",
          "subSubCategories": [
            "Äpple"
          ]
        }
      ]
    }
  },
  {
    "name": "Paprika Grön ca 180g Klass 1 ICA",
    "weightText": "Ca 180 g",
    "caPart": "Ca",
    "weightValue": 180,
    "weightUnit": "g",
    "comparePrice": "56,95 kr/kg",
    "currentPrice": 10.25,
    "attributes": [],
    "imgUrl": "https://handlaprivatkund.ica.se/images-v3/bf7a00ca-390e-4769-865f-dc369586872e/501e4f40-fb03-4bcb-aa74-c8ec3ea9ddf7/500x500.jpg",
    "productInformation": "",
    "countryText": "Nederländerna",
    "companyText": "ICA",
    "ingrediensText": "",
    "storage": "Lägsta förvaringstemperatur 12°C Högsta förvaringstemperatur 16°C",
    "allergens": "",
    "usage": "",
    "nutrition": [],
    "nutritionUnitText": "",
    "categories": {
      "mainCategory": "Frukt & Grönt",
      "subCategories": [
        {
          "name": "Grönsaker",
          "subSubCategories": [
            "Paprika"
          ]
        }
      ]
    }
  },
  {
    "name": "Rödbeta ca 130g Klass 1 ICA",
    "weightText": "Ca 130 g",
    "caPart": "Ca",
    "weightValue": 130,
    "weightUnit": "g",
    "comparePrice": "15,95 kr/kg",
    "currentPrice": 2.07,
    "attributes": [
      "Ursprungsland Sverige"
    ],
    "imgUrl": "https://handlaprivatkund.ica.se/images-v3/bf7a00ca-390e-4769-865f-dc369586872e/5235ca12-a448-4974-8c60-bd5e314576c8/500x500.jpg",
    "productInformation": "Klassisk inläggningsgrönsak som också är god att ugnsbaka eller koka och servera med smör och citron. Späda rödbetor är fina som primörer.",
    "countryText": "Sverige",
    "companyText": "",
    "ingrediensText": "",
    "storage": "Lägsta förvaringstemperatur 1°C Högsta förvaringstemperatur 4°C",
    "allergens": "",
    "usage": "",
    "nutrition": [],
    "nutritionUnitText": "",
    "categories": {
      "mainCategory": "Frukt & Grönt",
      "subCategories": [
        {
          "name": "Rotfrukter",
          "subSubCategories": [
            "Betor",
            "Rödbetor"
          ]
        }
      ]
    }
  },
  {
    "name": "Koriander i kruka Ekologisk 1-p KRAV Klass 1",
    "weightText": "",
    "caPart": "",
    "weightValue": 0,
    "weightUnit": "",
    "comparePrice": "",
    "currentPrice": 21.95,
    "attributes": [
      "Från Sverige",
      "EU Ekologiskt",
      "Ursprungsland Sverige",
      "Ekologiskt",
      "KRAV"
    ],
    "imgUrl": "https://handlaprivatkund.ica.se/images-v3/bf7a00ca-390e-4769-865f-dc369586872e/09a4fa03-2d58-491b-8f78-71e2c3ab1e5a/500x500.jpg",
    "productInformation": "Vanlig smaksättare i det thailändska och indiska köket. Smaken är söt och aningen bitter. Passar i soppor, sallader och wokrätter. Ekologisk.",
    "countryText": "Sverige",
    "companyText": "ICA I love eco",
    "ingrediensText": "",
    "storage": "Lägsta förvaringstemperatur 1°C Högsta förvaringstemperatur 4°C",
    "allergens": "",
    "usage": "",
    "nutrition": [],
    "nutritionUnitText": "",
    "categories": {
      "mainCategory": "Frukt & Grönt",
      "subCategories": [
        {
          "name": "Färska kryddor",
          "subSubCategories": [
            "Koriander"
          ]
        }
      ]
    }
  },
  {
    "name": "Crunchita 200g Klass 1 ICA",
    "weightText": "0.2 kg",
    "caPart": "",
    "weightValue": 0.2,
    "weightUnit": "kg",
    "comparePrice": "124,75 kr/kg",
    "currentPrice": 24.95,
    "attributes": [
      "Ursprungsland Sverige"
    ],
    "imgUrl": "https://handlaprivatkund.ica.se/images-v3/bf7a00ca-390e-4769-865f-dc369586872e/033c88ee-6f4b-4111-8824-8b40ba42d5b4/500x500.jpg",
    "productInformation": "",
    "countryText": "Sverige",
    "companyText": "ICA",
    "ingrediensText": "",
    "storage": "Lägsta förvaringstemperatur 1°C Högsta förvaringstemperatur 4°C",
    "allergens": "",
    "usage": "",
    "nutrition": [],
    "nutritionUnitText": "",
    "categories": {
      "mainCategory": "Frukt & Grönt",
      "subCategories": [
        {
          "name": "Grönsaker",
          "subSubCategories": [
            "Sallad",
            "Crunchita"
          ]
        }
      ]
    }
  },
  {
    "name": "Sockerärta 150g Klass 1 ICA",
    "weightText": "0.15 kg",
    "caPart": "",
    "weightValue": 0.15,
    "weightUnit": "kg",
    "comparePrice": "193,00 kr/kg",
    "currentPrice": 28.95,
    "attributes": [],
    "imgUrl": "https://handlaprivatkund.ica.se/images-v3/bf7a00ca-390e-4769-865f-dc369586872e/33d5f24e-e03d-4e08-9dff-1e0d4502afd3/500x500.jpg",
    "productInformation": "",
    "countryText": "Kenya",
    "companyText": "ICA",
    "ingrediensText": "",
    "storage": "",
    "allergens": "",
    "usage": "",
    "nutrition": [],
    "nutritionUnitText": "",
    "categories": {
      "mainCategory": "Frukt & Grönt",
      "subCategories": [
        {
          "name": "Grönsaker",
          "subSubCategories": [
            "Ärtor & Bönor",
            "Sockerärtor & Sugar snaps"
          ]
        }
      ]
    }
  },
  {
    "name": "Vitkål ca 3 kg Klass 1 ICA",
    "weightText": "Ca 3000 g",
    "caPart": "Ca",
    "weightValue": 3000,
    "weightUnit": "g",
    "comparePrice": "14,95 kr/kg",
    "currentPrice": 44.85,
    "attributes": [
      "Ursprungsland Sverige"
    ],
    "imgUrl": "https://handlaprivatkund.ica.se/images-v3/bf7a00ca-390e-4769-865f-dc369586872e/2a773ecb-dc10-423d-b4b1-ac11dffaa850/500x500.jpg",
    "productInformation": "Tydlig kålsmak och krispiga blad. Vitkål använder du i pizzasalladen, kålpuddingen, soppan och runt kåldolmarna, men passar också i vanliga sallader.",
    "countryText": "Sverige",
    "companyText": "",
    "ingrediensText": "",
    "storage": "Lägsta förvaringstemperatur 1°C Högsta förvaringstemperatur 4°C",
    "allergens": "",
    "usage": "",
    "nutrition": [],
    "nutritionUnitText": "",
    "categories": {
      "mainCategory": "Frukt & Grönt",
      "subCategories": [
        {
          "name": "Kål",
          "subSubCategories": [
            "Vitkål"
          ]
        }
      ]
    }
  },
  {
    "name": "Champinjoner 400g Klass 1 ICA",
    "weightText": "0.4 kg",
    "caPart": "",
    "weightValue": 0.4,
    "weightUnit": "kg",
    "comparePrice": "74,88 kr/kg",
    "currentPrice": 29.95,
    "attributes": [],
    "imgUrl": "https://handlaprivatkund.ica.se/images-v3/bf7a00ca-390e-4769-865f-dc369586872e/7d3d6fc5-4794-474f-878f-dd437f30211d/500x500.jpg",
    "productInformation": "",
    "countryText": "Litauen",
    "companyText": "ICA",
    "ingrediensText": "",
    "storage": "",
    "allergens": "",
    "usage": "",
    "nutrition": [],
    "nutritionUnitText": "",
    "categories": {
      "mainCategory": "Frukt & Grönt",
      "subCategories": [
        {
          "name": "Svamp",
          "subSubCategories": [
            "Champinjoner"
          ]
        }
      ]
    }
  },
  {
    "name": "Schalottenlök 250g Klass 1 ICA",
    "weightText": "0.25 kg",
    "caPart": "",
    "weightValue": 0.25,
    "weightUnit": "kg",
    "comparePrice": "79,80 kr/kg",
    "currentPrice": 19.95,
    "attributes": [
      "Ursprungsland Sverige"
    ],
    "imgUrl": "https://handlaprivatkund.ica.se/images-v3/bf7a00ca-390e-4769-865f-dc369586872e/397d0100-fd9f-40f8-8cd9-bb84519f12f0/500x500.jpg",
    "productInformation": "Fin liten lök som ofta är uppdelad i klyftor under skalet. Den milda smaken tar inte över i maträtter. Goda att grilla och ugnsrosta, eller att använda rå.",
    "countryText": "Sverige",
    "companyText": "ICA",
    "ingrediensText": "",
    "storage": "",
    "allergens": "",
    "usage": "",
    "nutrition": [],
    "nutritionUnitText": "",
    "categories": {
      "mainCategory": "Frukt & Grönt",
      "subCategories": [
        {
          "name": "Lök",
          "subSubCategories": [
            "Schalottenlök"
          ]
        }
      ]
    }
  },
  {
    "name": "Småcitrus i korg 1kg Klass 1 ICA",
    "weightText": "1 kg",
    "caPart": "",
    "weightValue": 1,
    "weightUnit": "kg",
    "comparePrice": "46,95 kr/kg",
    "currentPrice": 46.95,
    "attributes": [],
    "imgUrl": "https://images.ctfassets.net/l3dfc9zfaimi/qZc37LgTPPuZhIUMEbPJx/d4918e773827f51582d837109cfcb604/jul-25-produktdetaljbanner-insamlingen-desktop.jpg",
    "productInformation": "",
    "countryText": "Spanien",
    "companyText": "ICA",
    "ingrediensText": "",
    "storage": "",
    "allergens": "",
    "usage": "",
    "nutrition": [],
    "nutritionUnitText": "",
    "categories": {
      "mainCategory": "Jul",
      "subCategories": [
        {
          "name": "Glöggmingel",
          "subSubCategories": [
            "Övrigt julsnacks"
          ]
        }
      ]
    }
  },
  {
    "name": "Peppar Röd ca 20g Klass 1 ICA",
    "weightText": "Ca 20 g",
    "caPart": "Ca",
    "weightValue": 20,
    "weightUnit": "g",
    "comparePrice": "149,00 kr/kg",
    "currentPrice": 2.98,
    "attributes": [],
    "imgUrl": "https://handlaprivatkund.ica.se/images-v3/bf7a00ca-390e-4769-865f-dc369586872e/c5bdb99a-d642-4d61-8a8a-256c4f8e41eb/500x500.jpg",
    "productInformation": "Medelstark peppar med fyllig och sötaktig smak. Använd som krydda i grytor och såser. Ta bort kärnorna om du vill ha det mindre starkt.",
    "countryText": "Turkiet",
    "companyText": "",
    "ingrediensText": "",
    "storage": "Lägsta förvaringstemperatur 12°C Högsta förvaringstemperatur 16°C",
    "allergens": "",
    "usage": "",
    "nutrition": [],
    "nutritionUnitText": "",
    "categories": {
      "mainCategory": "Frukt & Grönt",
      "subCategories": [
        {
          "name": "Färska kryddor",
          "subSubCategories": [
            "Färsk chilipeppar"
          ]
        }
      ]
    }
  },
  {
    "name": "Palsternacka 500g Klass 1 ICA",
    "weightText": "0.4 kg",
    "caPart": "",
    "weightValue": 0.4,
    "weightUnit": "kg",
    "comparePrice": "39,88 kr/kg",
    "currentPrice": 15.95,
    "attributes": [
      "Ursprungsland Sverige"
    ],
    "imgUrl": "https://handlaprivatkund.ica.se/images-v3/bf7a00ca-390e-4769-865f-dc369586872e/8d9fc7d1-7903-4d5e-bac2-981686de7a04/500x500.jpg",
    "productInformation": "",
    "countryText": "Sverige",
    "companyText": "ICA",
    "ingrediensText": "",
    "storage": "",
    "allergens": "",
    "usage": "",
    "nutrition": [],
    "nutritionUnitText": "",
    "categories": {
      "mainCategory": "Frukt & Grönt",
      "subCategories": [
        {
          "name": "Rotfrukter",
          "subSubCategories": [
            "Palsternacka"
          ]
        }
      ]
    }
  },
  {
    "name": "Sallatsmix i storpack Sköljd 150g ICA",
    "weightText": "0.15 kg",
    "caPart": "",
    "weightValue": 0.15,
    "weightUnit": "kg",
    "comparePrice": "146,33 kr/kg",
    "currentPrice": 21.95,
    "attributes": [],
    "imgUrl": "https://handlaprivatkund.ica.se/images-v3/bf7a00ca-390e-4769-865f-dc369586872e/1ca12272-3b00-44c3-890f-d1feb76d3618/500x500.jpg",
    "productInformation": "En blandning av olika finbladiga sallatssorter i lite större påse. Passar att servera som tillbehör, kanske med lite pressad citron eller en vinägrett. \n \n \n Italien",
    "countryText": "EU",
    "companyText": "ICA",
    "ingrediensText": "",
    "storage": "",
    "allergens": "",
    "usage": "",
    "nutrition": [],
    "nutritionUnitText": "Näringsvärde per styck",
    "categories": {
      "mainCategory": "Frukt & Grönt",
      "subCategories": [
        {
          "name": "Grönsaker",
          "subSubCategories": [
            "Sallad",
            "Salladsmix"
          ]
        }
      ]
    }
  },
  {
    "name": "Apelsin Navel Ekologisk ca 200g Klass 1 ICA I love eco",
    "weightText": "Ca 290 g",
    "caPart": "Ca",
    "weightValue": 290,
    "weightUnit": "g",
    "comparePrice": "49,95 kr/kg",
    "currentPrice": 14.49,
    "attributes": [
      "EU Ekologiskt",
      "Ekologiskt"
    ],
    "imgUrl": "https://handlaprivatkund.ica.se/images-v3/bf7a00ca-390e-4769-865f-dc369586872e/18529bf8-8cd1-4fda-95fb-81fadffdfcee/500x500.jpg",
    "productInformation": "",
    "countryText": "Spanien",
    "companyText": "ICA I love eco",
    "ingrediensText": "",
    "storage": "",
    "allergens": "",
    "usage": "",
    "nutrition": [],
    "nutritionUnitText": "",
    "categories": {
      "mainCategory": "Frukt & Grönt",
      "subCategories": [
        {
          "name": "Frukt",
          "subSubCategories": [
            "Citrusfrukt",
            "Apelsin"
          ]
        }
      ]
    }
  },
  {
    "name": "Rödlök 1kg Klass 1 ICA",
    "weightText": "1 kg",
    "caPart": "",
    "weightValue": 1,
    "weightUnit": "kg",
    "comparePrice": "18,95 kr/kg",
    "currentPrice": 18.95,
    "attributes": [
      "Ursprungsland Sverige"
    ],
    "imgUrl": "https://handlaprivatkund.ica.se/images-v3/bf7a00ca-390e-4769-865f-dc369586872e/c0b90a66-eb9a-4e7f-89a7-52a69e3aeeb9/500x500.jpg",
    "productInformation": "",
    "countryText": "Sverige",
    "companyText": "ICA",
    "ingrediensText": "",
    "storage": "",
    "allergens": "",
    "usage": "",
    "nutrition": [],
    "nutritionUnitText": "",
    "categories": {
      "mainCategory": "Frukt & Grönt",
      "subCategories": [
        {
          "name": "Lök",
          "subSubCategories": [
            "Rödlök"
          ]
        }
      ]
    }
  },
  {
    "name": "Röd råkostmix Sköljd 200g ICA",
    "weightText": "0.2 kg",
    "caPart": "",
    "weightValue": 0.2,
    "weightUnit": "kg",
    "comparePrice": "134,75 kr/kg",
    "currentPrice": 26.95,
    "attributes": [
      "Ursprungsland Sverige"
    ],
    "imgUrl": "https://handlaprivatkund.ica.se/images-v3/bf7a00ca-390e-4769-865f-dc369586872e/eae85776-f4f0-4073-ade0-6e61a404392a/500x500.jpg",
    "productInformation": "En variant av råkostsalladen som passar på buffébordet, till grillfesten och till vardagsmaten. Som bas till dina grönsakssallader.",
    "countryText": "Sverige",
    "companyText": "ICA",
    "ingrediensText": "",
    "storage": "",
    "allergens": "",
    "usage": "",
    "nutrition": [],
    "nutritionUnitText": "Näringsvärde per styck",
    "categories": {
      "mainCategory": "Frukt & Grönt",
      "subCategories": [
        {
          "name": "Grönsaker",
          "subSubCategories": [
            "Sallad",
            "Salladsmix"
          ]
        }
      ]
    }
  },
  {
    "name": "Grönkålsblad Påse 400g Klass 1 ICA",
    "weightText": "0.4 kg",
    "caPart": "",
    "weightValue": 0.4,
    "weightUnit": "kg",
    "comparePrice": "92,38 kr/kg",
    "currentPrice": 36.95,
    "attributes": [
      "Från Sverige",
      "Ursprungsland Sverige"
    ],
    "imgUrl": "https://handlaprivatkund.ica.se/images-v3/bf7a00ca-390e-4769-865f-dc369586872e/bc263cfe-fb56-47f8-a5b0-5b9cec770da8/500x500.jpg",
    "productInformation": "",
    "countryText": "Sverige",
    "companyText": "ICA",
    "ingrediensText": "",
    "storage": "Lägsta förvaringstemperatur 1°C Högsta förvaringstemperatur 4°C",
    "allergens": "",
    "usage": "",
    "nutrition": [],
    "nutritionUnitText": "",
    "categories": {
      "mainCategory": "Frukt & Grönt",
      "subCategories": [
        {
          "name": "Kål",
          "subSubCategories": [
            "Grönkål"
          ]
        }
      ]
    }
  },
  {
    "name": "Strimlad Vitkål 400g Klass 1 ICA",
    "weightText": "0.4 kg",
    "caPart": "",
    "weightValue": 0.4,
    "weightUnit": "kg",
    "comparePrice": "39,88 kr/kg",
    "currentPrice": 15.95,
    "attributes": [],
    "imgUrl": "https://handlaprivatkund.ica.se/images-v3/bf7a00ca-390e-4769-865f-dc369586872e/1c3087a0-bc7c-415d-8486-5be48a576256/500x500.jpg",
    "productInformation": "Passar perfekt som coleslaw, pizzasallad eller i en wok",
    "countryText": "EU",
    "companyText": "ICA",
    "ingrediensText": "Strimlad vitkål",
    "storage": "",
    "allergens": "",
    "usage": "",
    "nutrition": [
      {
        "Näringsvärde": "Energi (kcal)",
        "100 Gram": "30 kcal"
      },
      {
        "Näringsvärde": "Energi (kJ)",
        "100 Gram": "123 kJ"
      },
      {
        "Näringsvärde": "Fett",
        "100 Gram": "0 g"
      },
      {
        "Näringsvärde": "Varav mättat fett",
        "100 Gram": "0 g"
      },
      {
        "Näringsvärde": "Kolhydrat",
        "100 Gram": "4.7 g"
      },
      {
        "Näringsvärde": "Varav sockerarter",
        "100 Gram": "5.7 g"
      },
      {
        "Näringsvärde": "Protein",
        "100 Gram": "1.1 g"
      },
      {
        "Näringsvärde": "Salt",
        "100 Gram": "0.02 g"
      }
    ],
    "nutritionUnitText": "Näringsvärde per 100 gram",
    "categories": {
      "mainCategory": "Frukt & Grönt",
      "subCategories": [
        {
          "name": "Grönsaker",
          "subSubCategories": [
            "Sallad",
            "Salladsmix"
          ]
        }
      ]
    }
  },
  {
    "name": "Vitlök Solo 100g Klass 1 ICA",
    "weightText": "0.1 kg",
    "caPart": "",
    "weightValue": 0.1,
    "weightUnit": "kg",
    "comparePrice": "219,50 kr/kg",
    "currentPrice": 21.95,
    "attributes": [],
    "imgUrl": "https://handlaprivatkund.ica.se/images-v3/bf7a00ca-390e-4769-865f-dc369586872e/20bd96db-7fa5-40c6-ae0b-0330bc93fbb5/500x500.jpg",
    "productInformation": "Smakar som vanlig vitlök, men är inte uppdelad i klyftor, alltså mindre att skala när du behöver mycket. Använd som vanlig vitlök.",
    "countryText": "Kina",
    "companyText": "ICA",
    "ingrediensText": "",
    "storage": "",
    "allergens": "",
    "usage": "",
    "nutrition": [],
    "nutritionUnitText": "",
    "categories": {
      "mainCategory": "Frukt & Grönt",
      "subCategories": [
        {
          "name": "Lök",
          "subSubCategories": [
            "Vitlök"
          ]
        }
      ]
    }
  },
  {
    "name": "Kaki ca 150g Klass 1 ICA",
    "weightText": "0.155 kg",
    "caPart": "",
    "weightValue": 0.155,
    "weightUnit": "kg",
    "comparePrice": "64,19 kr/kg",
    "currentPrice": 9.95,
    "attributes": [],
    "imgUrl": "https://handlaprivatkund.ica.se/images-v3/bf7a00ca-390e-4769-865f-dc369586872e/4919dca9-69b4-4a87-9464-be8e681680b4/500x500.jpg",
    "productInformation": "",
    "countryText": "Spanien",
    "companyText": "ICA",
    "ingrediensText": "",
    "storage": "",
    "allergens": "",
    "usage": "",
    "nutrition": [],
    "nutritionUnitText": "",
    "categories": {
      "mainCategory": "Frukt & Grönt",
      "subCategories": [
        {
          "name": "Frukt",
          "subSubCategories": [
            "Exotisk frukt",
            "Övrig exotisk frukt"
          ]
        }
      ]
    }
  },
  {
    "name": "Potatis Fast 4kg Klass 2 ICA",
    "weightText": "4 kg",
    "caPart": "",
    "weightValue": 4,
    "weightUnit": "kg",
    "comparePrice": "12,49 kr/kg",
    "currentPrice": 49.95,
    "attributes": [
      "Ursprungsland Sverige"
    ],
    "imgUrl": "https://handlaprivatkund.ica.se/images-v3/bf7a00ca-390e-4769-865f-dc369586872e/f04ac9ef-bf26-40fa-b81b-5ab395dfafb2/500x500.jpg",
    "productInformation": "",
    "countryText": "Sverige",
    "companyText": "ICA",
    "ingrediensText": "",
    "storage": "",
    "allergens": "",
    "usage": "",
    "nutrition": [],
    "nutritionUnitText": "",
    "categories": {
      "mainCategory": "Frukt & Grönt",
      "subCategories": [
        {
          "name": "Potatis",
          "subSubCategories": [
            "Fast potatis"
          ]
        }
      ]
    }
  },
  {
    "name": "Mâche 65g Rosa Bandet ICA",
    "weightText": "0.065 kg",
    "caPart": "",
    "weightValue": 0.065,
    "weightUnit": "kg",
    "comparePrice": "291,54 kr/kg",
    "currentPrice": 18.95,
    "attributes": [],
    "imgUrl": "https://handlaprivatkund.ica.se/images-v3/bf7a00ca-390e-4769-865f-dc369586872e/af5887e6-f3aa-4a7b-a01d-ed55ff85c4f2/500x500.jpg",
    "productInformation": "",
    "countryText": "",
    "companyText": "ICA",
    "ingrediensText": "Finbladig mâche.",
    "storage": "Lägsta förvaringstemperatur 2°C Högsta förvaringstemperatur 4°C",
    "allergens": "",
    "usage": "",
    "nutrition": [
      {
        "Näringsvärde": "Energi (kcal)",
        "100 Gram": "17 kcal"
      },
      {
        "Näringsvärde": "Energi (kJ)",
        "100 Gram": "70 kJ"
      },
      {
        "Näringsvärde": "Fett",
        "100 Gram": "0 g"
      },
      {
        "Näringsvärde": "Varav mättat fett",
        "100 Gram": "0 g"
      },
      {
        "Näringsvärde": "Kolhydrat",
        "100 Gram": "0.8 g"
      },
      {
        "Näringsvärde": "Varav sockerarter",
        "100 Gram": "0 g"
      },
      {
        "Näringsvärde": "Fiber",
        "100 Gram": "1.8 g"
      },
      {
        "Näringsvärde": "Protein",
        "100 Gram": "2.6 g"
      },
      {
        "Näringsvärde": "Salt",
        "100 Gram": "0 g"
      }
    ],
    "nutritionUnitText": "Näringsvärde per 100 gram",
    "categories": {
      "mainCategory": "Frukt & Grönt",
      "subCategories": [
        {
          "name": "Grönsaker",
          "subSubCategories": [
            "Sallad",
            "Mache"
          ]
        }
      ]
    }
  },
  {
    "name": "Snackmorot Rosa bandet 200g Klass 1 ICA I love eco",
    "weightText": "0.2 kg",
    "caPart": "",
    "weightValue": 0.2,
    "weightUnit": "kg",
    "comparePrice": "79,75 kr/kg",
    "currentPrice": 15.95,
    "attributes": [
      "EU Ekologiskt",
      "Nyckelhålet",
      "Ekologiskt"
    ],
    "imgUrl": "https://handlaprivatkund.ica.se/images-v3/bf7a00ca-390e-4769-865f-dc369586872e/6434b8c6-0244-4ea9-b13b-aeb24b572068/500x500.jpg",
    "productInformation": "",
    "countryText": "Danmark",
    "companyText": "ICA I love eco",
    "ingrediensText": "Morot, dansk rå",
    "storage": "Förvaring vid 2-6 grader Lägsta förvaringstemperatur 1°C Högsta förvaringstemperatur 4°C",
    "allergens": "",
    "usage": "",
    "nutrition": [
      {
        "Näringsvärde": "Energi (kcal)",
        "100 Gram": "38 kcal"
      },
      {
        "Näringsvärde": "Energi (kJ)",
        "100 Gram": "158 kJ"
      },
      {
        "Näringsvärde": "Fett",
        "100 Gram": "0.4 g"
      },
      {
        "Näringsvärde": "Varav mättat fett",
        "100 Gram": "0.1 g"
      },
      {
        "Näringsvärde": "Kolhydrat",
        "100 Gram": "6.3 g"
      },
      {
        "Näringsvärde": "Varav sockerarter",
        "100 Gram": "6.1 g"
      },
      {
        "Näringsvärde": "Protein",
        "100 Gram": "0.8 g"
      },
      {
        "Näringsvärde": "Salt",
        "100 Gram": "0.2 g"
      }
    ],
    "nutritionUnitText": "Näringsvärde per 100 gram",
    "categories": {
      "mainCategory": "Frukt & Grönt",
      "subCategories": [
        {
          "name": "Rotfrukter",
          "subSubCategories": [
            "Morötter"
          ]
        }
      ]
    }
  },
  {
    "name": "Avokado Mogen Softripe 2st Klass 1 ICA",
    "weightText": "0.32 kg",
    "caPart": "",
    "weightValue": 0.32,
    "weightUnit": "kg",
    "comparePrice": "112,34 kr/kg",
    "currentPrice": 35.95,
    "attributes": [],
    "imgUrl": "https://handlaprivatkund.ica.se/images-v3/bf7a00ca-390e-4769-865f-dc369586872e/3112f0af-4632-4c87-bc3f-a458fc8a0b4b/500x500.jpg",
    "productInformation": "",
    "countryText": "Brasilien",
    "companyText": "ICA",
    "ingrediensText": "",
    "storage": "",
    "allergens": "",
    "usage": "",
    "nutrition": [],
    "nutritionUnitText": "",
    "categories": {
      "mainCategory": "Frukt & Grönt",
      "subCategories": [
        {
          "name": "Frukt",
          "subSubCategories": [
            "Avokado"
          ]
        }
      ]
    }
  },
  {
    "name": "Gurka ca 300g KRAV Klass 1 ICA",
    "weightText": "0.3 kg",
    "caPart": "",
    "weightValue": 0.3,
    "weightUnit": "kg",
    "comparePrice": "73,17 kr/kg",
    "currentPrice": 21.95,
    "attributes": [
      "EU Ekologiskt",
      "Ekologiskt"
    ],
    "imgUrl": "https://handlaprivatkund.ica.se/images-v3/bf7a00ca-390e-4769-865f-dc369586872e/18311bba-96c7-48e3-abf6-41269a33c305/500x500.jpg",
    "productInformation": "",
    "countryText": "Spanien",
    "companyText": "ICA I love eco",
    "ingrediensText": "",
    "storage": "",
    "allergens": "",
    "usage": "",
    "nutrition": [],
    "nutritionUnitText": "",
    "categories": {
      "mainCategory": "Frukt & Grönt",
      "subCategories": [
        {
          "name": "Grönsaker",
          "subSubCategories": [
            "Gurka"
          ]
        }
      ]
    }
  },
  {
    "name": "Potatis i påse/låda Fast Klass 1 ca 1kg",
    "weightText": "Ca 1 kg",
    "caPart": "Ca",
    "weightValue": 1,
    "weightUnit": "kg",
    "comparePrice": "12,95 kr/kg",
    "currentPrice": 12.95,
    "attributes": [
      "Ursprungsland Sverige"
    ],
    "imgUrl": "https://handlaprivatkund.ica.se/images-v3/bf7a00ca-390e-4769-865f-dc369586872e/9a6b2de6-8de8-41d1-8ca1-61e698c7ee93/500x500.jpg",
    "productInformation": "Notera att du beställer 1 kg potatis.",
    "countryText": "Sverige",
    "companyText": "",
    "ingrediensText": "",
    "storage": "",
    "allergens": "",
    "usage": "",
    "nutrition": [],
    "nutritionUnitText": "",
    "categories": {
      "mainCategory": "Frukt & Grönt",
      "subCategories": [
        {
          "name": "Potatis",
          "subSubCategories": [
            "Fast potatis"
          ]
        }
      ]
    }
  },
  {
    "name": "Romansallad 200g Klass 1 ICA",
    "weightText": "0.2 kg",
    "caPart": "",
    "weightValue": 0.2,
    "weightUnit": "kg",
    "comparePrice": "84,75 kr/kg",
    "currentPrice": 16.95,
    "attributes": [],
    "imgUrl": "https://handlaprivatkund.ica.se/images-v3/bf7a00ca-390e-4769-865f-dc369586872e/748b3725-1dc5-42b3-8d74-9e7bc196a74b/500x500.jpg",
    "productInformation": "",
    "countryText": "Spanien",
    "companyText": "ICA",
    "ingrediensText": "",
    "storage": "",
    "allergens": "",
    "usage": "",
    "nutrition": [],
    "nutritionUnitText": "",
    "categories": {
      "mainCategory": "Frukt & Grönt",
      "subCategories": [
        {
          "name": "Grönsaker",
          "subSubCategories": [
            "Sallad",
            "Romansallad"
          ]
        }
      ]
    }
  },
  {
    "name": "Delikatesspotatis Amandine Sköljd 900g Klass 1 ICA",
    "weightText": "0.9 kg",
    "caPart": "",
    "weightValue": 0.9,
    "weightUnit": "kg",
    "comparePrice": "29,94 kr/kg",
    "currentPrice": 26.95,
    "attributes": [
      "Ursprungsland Sverige"
    ],
    "imgUrl": "https://handlaprivatkund.ica.se/images-v3/bf7a00ca-390e-4769-865f-dc369586872e/90ea7f41-0b73-498d-8137-c1294ce81535/500x500.jpg",
    "productInformation": "",
    "countryText": "Sverige",
    "companyText": "ICA",
    "ingrediensText": "",
    "storage": "",
    "allergens": "",
    "usage": "",
    "nutrition": [],
    "nutritionUnitText": "",
    "categories": {
      "mainCategory": "Frukt & Grönt",
      "subCategories": [
        {
          "name": "Potatis",
          "subSubCategories": [
            "Delikatesspotatis"
          ]
        }
      ]
    }
  },
  {
    "name": "Kiwi ca 125g Klass 1 ICA",
    "weightText": "0.125 kg",
    "caPart": "",
    "weightValue": 0.125,
    "weightUnit": "kg",
    "comparePrice": "79,60 kr/kg",
    "currentPrice": 9.95,
    "attributes": [],
    "imgUrl": "https://handlaprivatkund.ica.se/images-v3/bf7a00ca-390e-4769-865f-dc369586872e/ef57aaee-e9ff-411b-9092-3b4a851df57f/500x500.jpg",
    "productInformation": "Söt smak med ett syrligt inslag. Dela och ät med sked, tärna i en fruktsallad eller på en tårta. Gnid in kött med kiwi innan tillagning för att möra det. Vikt kan variera mellan 75-150g.",
    "countryText": "Nya Zeeland",
    "companyText": "",
    "ingrediensText": "",
    "storage": "Lägsta förvaringstemperatur 1°C Högsta förvaringstemperatur 4°C",
    "allergens": "",
    "usage": "",
    "nutrition": [],
    "nutritionUnitText": "",
    "categories": {
      "mainCategory": "Frukt & Grönt",
      "subCategories": [
        {
          "name": "Frukt",
          "subSubCategories": [
            "Exotisk frukt",
            "Kiwi"
          ]
        }
      ]
    }
  },
  {
    "name": "Plommon Rosa Bandet 800g Klass 1 ICA",
    "weightText": "0.8 kg",
    "caPart": "",
    "weightValue": 0.8,
    "weightUnit": "kg",
    "comparePrice": "49,94 kr/kg",
    "currentPrice": 39.95,
    "attributes": [],
    "imgUrl": "https://handlaprivatkund.ica.se/images-v3/bf7a00ca-390e-4769-865f-dc369586872e/e349d45b-b6b2-422c-8317-6569565943f3/500x500.jpg",
    "productInformation": "",
    "countryText": "",
    "companyText": "ICA",
    "ingrediensText": "",
    "storage": "Lägsta förvaringstemperatur 1°C Högsta förvaringstemperatur 4°C",
    "allergens": "",
    "usage": "",
    "nutrition": [],
    "nutritionUnitText": "",
    "categories": {
      "mainCategory": "Frukt & Grönt",
      "subCategories": [
        {
          "name": "Frukt",
          "subSubCategories": [
            "Stenfrukt",
            "Plommon"
          ]
        }
      ]
    }
  },
  {
    "name": "Broccoli 250g Klass 1 ICA",
    "weightText": "0.25 kg",
    "caPart": "",
    "weightValue": 0.25,
    "weightUnit": "kg",
    "comparePrice": "55,80 kr/kg",
    "currentPrice": 13.95,
    "attributes": [],
    "imgUrl": "https://handlaprivatkund.ica.se/images-v3/bf7a00ca-390e-4769-865f-dc369586872e/ebc6105c-6973-4395-8da8-deec653d981a/500x500.jpg",
    "productInformation": "Spänstiga buketter med mild och fin kålsmak. Kokt som tillbehör till kött och fisk, eller ugnsgratinerad som en rätt för sig. Prova också att grilla!",
    "countryText": "Spanien",
    "companyText": "ICA",
    "ingrediensText": "",
    "storage": "Lägsta förvaringstemperatur 1°C Högsta förvaringstemperatur 4°C",
    "allergens": "",
    "usage": "",
    "nutrition": [],
    "nutritionUnitText": "",
    "categories": {
      "mainCategory": "Frukt & Grönt",
      "subCategories": [
        {
          "name": "Kål",
          "subSubCategories": [
            "Broccoli"
          ]
        }
      ]
    }
  },
  {
    "name": "Paprika Orange ca 180g Klass 1",
    "weightText": "Ca 180 g",
    "caPart": "Ca",
    "weightValue": 180,
    "weightUnit": "g",
    "comparePrice": "55,95 kr/kg",
    "currentPrice": 10.07,
    "attributes": [],
    "imgUrl": "https://handlaprivatkund.ica.se/images-v3/bf7a00ca-390e-4769-865f-dc369586872e/d0290238-e008-49ab-98d2-3708fcfabf3f/500x500.jpg",
    "productInformation": "Krispig paprika med fin sötma. Prova att rosta i ugnen, grilla eller fylla med t ex köttfärs och gratinera. En färgklick i salladsskålen!",
    "countryText": "Nederländerna",
    "companyText": "ICA",
    "ingrediensText": "",
    "storage": "Lägsta förvaringstemperatur 12°C Högsta förvaringstemperatur 16°C",
    "allergens": "",
    "usage": "",
    "nutrition": [],
    "nutritionUnitText": "",
    "categories": {
      "mainCategory": "Frukt & Grönt",
      "subCategories": [
        {
          "name": "Grönsaker",
          "subSubCategories": [
            "Paprika"
          ]
        }
      ]
    }
  },
  {
    "name": "Persilja i kruka Ekologisk 1-p KRAV Klass 1",
    "weightText": "",
    "caPart": "",
    "weightValue": 0,
    "weightUnit": "",
    "comparePrice": "",
    "currentPrice": 18.95,
    "attributes": [
      "Från Sverige",
      "EU Ekologiskt",
      "Ursprungsland Sverige",
      "Ekologiskt",
      "KRAV"
    ],
    "imgUrl": "https://handlaprivatkund.ica.se/images-v3/bf7a00ca-390e-4769-865f-dc369586872e/6f6044b9-e57c-4411-9283-fd09193ba307/500x500.jpg",
    "productInformation": "",
    "countryText": "Sverige",
    "companyText": "",
    "ingrediensText": "",
    "storage": "",
    "allergens": "",
    "usage": "",
    "nutrition": [],
    "nutritionUnitText": "",
    "categories": {
      "mainCategory": "Frukt & Grönt",
      "subCategories": [
        {
          "name": "Färska kryddor",
          "subSubCategories": [
            "Persilja"
          ]
        }
      ]
    }
  },
  {
    "name": "Citron 500g Klass 1 ICA",
    "weightText": "0.5 kg",
    "caPart": "",
    "weightValue": 0.5,
    "weightUnit": "kg",
    "comparePrice": "31,90 kr/kg",
    "currentPrice": 15.95,
    "attributes": [],
    "imgUrl": "https://handlaprivatkund.ica.se/images-v3/bf7a00ca-390e-4769-865f-dc369586872e/cdc51f84-1ea6-46b8-a3e8-d9aa7a45ff76/500x500.jpg",
    "productInformation": "",
    "countryText": "Spanien",
    "companyText": "ICA",
    "ingrediensText": "",
    "storage": "",
    "allergens": "",
    "usage": "",
    "nutrition": [],
    "nutritionUnitText": "",
    "categories": {
      "mainCategory": "Frukt & Grönt",
      "subCategories": [
        {
          "name": "Frukt",
          "subSubCategories": [
            "Citrusfrukt",
            "Citron"
          ]
        }
      ]
    }
  },
  {
    "name": "Jordgubbar 250g ICA Klass 1",
    "weightText": "0.25 kg",
    "caPart": "",
    "weightValue": 0.25,
    "weightUnit": "kg",
    "comparePrice": "223,80 kr/kg",
    "currentPrice": 55.95,
    "attributes": [],
    "imgUrl": "https://handlaprivatkund.ica.se/images-v3/bf7a00ca-390e-4769-865f-dc369586872e/625f101e-d309-44ad-8c82-6eb2ccf4f5e4/500x500.jpg",
    "productInformation": "Jordgubbar ger en försmak av sommaren.",
    "countryText": "Spanien",
    "companyText": "ICA",
    "ingrediensText": "",
    "storage": "",
    "allergens": "",
    "usage": "",
    "nutrition": [],
    "nutritionUnitText": "",
    "categories": {
      "mainCategory": "Frukt & Grönt",
      "subCategories": [
        {
          "name": "Färska bär",
          "subSubCategories": [
            "Jordgubbar"
          ]
        }
      ]
    }
  },
  {
    "name": "Sallatsmix Finbladig Spröd Sköljd 65g ICA",
    "weightText": "0.065 kg",
    "caPart": "",
    "weightValue": 0.065,
    "weightUnit": "kg",
    "comparePrice": "291,54 kr/kg",
    "currentPrice": 18.95,
    "attributes": [],
    "imgUrl": "https://handlaprivatkund.ica.se/images-v3/bf7a00ca-390e-4769-865f-dc369586872e/69f64d7e-1801-48f3-9dad-16c0633ad4e9/500x500.jpg",
    "productInformation": "Blandning med smaker som går bra ihop. Ät den som den är, kanske också med körsbärstomat, rödlök och spetspaprika. Passar på buffébordet.",
    "countryText": "Spanien",
    "companyText": "ICA",
    "ingrediensText": "",
    "storage": "",
    "allergens": "",
    "usage": "",
    "nutrition": [],
    "nutritionUnitText": "Näringsvärde per styck",
    "categories": {
      "mainCategory": "Frukt & Grönt",
      "subCategories": [
        {
          "name": "Grönsaker",
          "subSubCategories": [
            "Sallad",
            "Salladsmix"
          ]
        }
      ]
    }
  },
  {
    "name": "Röd peppar 40g Klass 1 ICA",
    "weightText": "0.04 kg",
    "caPart": "",
    "weightValue": 0.04,
    "weightUnit": "kg",
    "comparePrice": "448,75 kr/kg",
    "currentPrice": 17.95,
    "attributes": [],
    "imgUrl": "https://handlaprivatkund.ica.se/images-v3/bf7a00ca-390e-4769-865f-dc369586872e/c1dbcc36-7fc3-47d5-b1a2-0af337afb505/500x500.jpg",
    "productInformation": "Medelstark peppar med fyllig och sötaktig smak. Använd som krydda i grytor och såser. Ta bort kärnorna om du vill ha det mindre starkt.",
    "countryText": "Spanien",
    "companyText": "ICA",
    "ingrediensText": "",
    "storage": "",
    "allergens": "",
    "usage": "",
    "nutrition": [],
    "nutritionUnitText": "",
    "categories": {
      "mainCategory": "Frukt & Grönt",
      "subCategories": [
        {
          "name": "Färska kryddor",
          "subSubCategories": [
            "Färsk chilipeppar"
          ]
        }
      ]
    }
  },
  {
    "name": "Rucola i storpack Sköljd 200g ICA",
    "weightText": "0.2 kg",
    "caPart": "",
    "weightValue": 0.2,
    "weightUnit": "kg",
    "comparePrice": "124,75 kr/kg",
    "currentPrice": 24.95,
    "attributes": [],
    "imgUrl": "https://handlaprivatkund.ica.se/images-v3/bf7a00ca-390e-4769-865f-dc369586872e/be320977-01d9-4f4e-8a5a-99c7cc9ede4a/500x500.jpg",
    "productInformation": "Storpack sallat med pepprig, lite nötig ton. Använd som smaksättare i sallader och gärna tillsammans med tomater. Passar även till smakrika rätter.",
    "countryText": "Spanien",
    "companyText": "ICA",
    "ingrediensText": "",
    "storage": "",
    "allergens": "",
    "usage": "",
    "nutrition": [],
    "nutritionUnitText": "Näringsvärde per styck",
    "categories": {
      "mainCategory": "Frukt & Grönt",
      "subCategories": [
        {
          "name": "Grönsaker",
          "subSubCategories": [
            "Sallad",
            "Rucola"
          ]
        }
      ]
    }
  },
  {
    "name": "Avokado Mogen Ekologisk 320g Klass 1 ICA I love eco",
    "weightText": "0.32 kg",
    "caPart": "",
    "weightValue": 0.32,
    "weightUnit": "kg",
    "comparePrice": "131,09 kr/kg",
    "currentPrice": 41.95,
    "attributes": [
      "EU Ekologiskt",
      "Ekologiskt"
    ],
    "imgUrl": "https://handlaprivatkund.ica.se/images-v3/bf7a00ca-390e-4769-865f-dc369586872e/01a4cd7b-b099-4a33-aa95-47ea01c42af0/500x500.jpg",
    "productInformation": "",
    "countryText": "Spanien",
    "companyText": "ICA I love eco",
    "ingrediensText": "",
    "storage": "",
    "allergens": "",
    "usage": "",
    "nutrition": [],
    "nutritionUnitText": "",
    "categories": {
      "mainCategory": "Frukt & Grönt",
      "subCategories": [
        {
          "name": "Frukt",
          "subSubCategories": [
            "Avokado"
          ]
        }
      ]
    }
  },
  {
    "name": "Vitkål KRAV ca 1kg Klass 1 ICA",
    "weightText": "Ca 1000 g",
    "caPart": "Ca",
    "weightValue": 1000,
    "weightUnit": "g",
    "comparePrice": "29,95 kr/kg",
    "currentPrice": 29.95,
    "attributes": [
      "EU Ekologiskt",
      "Ursprungsland Sverige",
      "Ekologiskt"
    ],
    "imgUrl": "https://handlaprivatkund.ica.se/images-v3/bf7a00ca-390e-4769-865f-dc369586872e/44efb816-d9c1-43cf-8fc7-1244dd171a19/500x500.jpg",
    "productInformation": "",
    "countryText": "Sverige",
    "companyText": "ICA I love eco",
    "ingrediensText": "",
    "storage": "",
    "allergens": "",
    "usage": "",
    "nutrition": [],
    "nutritionUnitText": "",
    "categories": {
      "mainCategory": "Frukt & Grönt",
      "subCategories": [
        {
          "name": "Kål",
          "subSubCategories": [
            "Vitkål"
          ]
        }
      ]
    }
  },
  {
    "name": "Spetskål ca 830g Klass 1 ICA",
    "weightText": "Ca 830 g",
    "caPart": "Ca",
    "weightValue": 830,
    "weightUnit": "g",
    "comparePrice": "25,95 kr/kg",
    "currentPrice": 21.54,
    "attributes": [
      "Ursprungsland Sverige"
    ],
    "imgUrl": "https://handlaprivatkund.ica.se/images-v3/bf7a00ca-390e-4769-865f-dc369586872e/242e0fd5-3527-4a08-9a8e-19b1c0aafcf2/500x500.jpg",
    "productInformation": "",
    "countryText": "Sverige",
    "companyText": "",
    "ingrediensText": "",
    "storage": "Lägsta förvaringstemperatur 1°C Högsta förvaringstemperatur 4°C",
    "allergens": "",
    "usage": "",
    "nutrition": [],
    "nutritionUnitText": "",
    "categories": {
      "mainCategory": "Frukt & Grönt",
      "subCategories": [
        {
          "name": "Kål",
          "subSubCategories": [
            "Spetskål"
          ]
        }
      ]
    }
  },
  {
    "name": "Stjälkselleri 350g Klass 1 ICA",
    "weightText": "0.4 kg",
    "caPart": "",
    "weightValue": 0.4,
    "weightUnit": "kg",
    "comparePrice": "54,88 kr/kg",
    "currentPrice": 21.95,
    "attributes": [
      "Ursprungsland Sverige"
    ],
    "imgUrl": "https://handlaprivatkund.ica.se/images-v3/bf7a00ca-390e-4769-865f-dc369586872e/e9304766-5ce4-40e3-93dd-1afeae9ef998/500x500.jpg",
    "productInformation": "",
    "countryText": "Sverige",
    "companyText": "ICA",
    "ingrediensText": "SELLERI",
    "storage": "",
    "allergens": "",
    "usage": "",
    "nutrition": [],
    "nutritionUnitText": "",
    "categories": {
      "mainCategory": "Frukt & Grönt",
      "subCategories": [
        {
          "name": "Grönsaker",
          "subSubCategories": [
            "Stjälkselleri"
          ]
        }
      ]
    }
  },
  {
    "name": "Grön kruksallat Ekologisk 1-p KRAV Klass 1 ICA",
    "weightText": "",
    "caPart": "",
    "weightValue": 0,
    "weightUnit": "",
    "comparePrice": "",
    "currentPrice": 21.95,
    "attributes": [
      "Från Sverige",
      "EU Ekologiskt",
      "Ursprungsland Sverige",
      "Ekologiskt",
      "KRAV"
    ],
    "imgUrl": "https://handlaprivatkund.ica.se/images-v3/bf7a00ca-390e-4769-865f-dc369586872e/945f9e25-1baf-42bc-8a23-3aad7fa2f986/500x500.jpg",
    "productInformation": "",
    "countryText": "Sverige",
    "companyText": "ICA I love eco",
    "ingrediensText": "",
    "storage": "",
    "allergens": "",
    "usage": "",
    "nutrition": [],
    "nutritionUnitText": "",
    "categories": {
      "mainCategory": "Frukt & Grönt",
      "subCategories": [
        {
          "name": "Grönsaker",
          "subSubCategories": [
            "Sallad",
            "Övrig sallad"
          ]
        }
      ]
    }
  },
  {
    "name": "Dill i kruka Ekologisk 1-p KRAV Klass 1",
    "weightText": "",
    "caPart": "",
    "weightValue": 0,
    "weightUnit": "",
    "comparePrice": "",
    "currentPrice": 18.95,
    "attributes": [
      "Från Sverige",
      "EU Ekologiskt",
      "Ursprungsland Sverige",
      "Ekologiskt",
      "KRAV"
    ],
    "imgUrl": "https://handlaprivatkund.ica.se/images-v3/bf7a00ca-390e-4769-865f-dc369586872e/3548ed12-d548-4443-a652-e7017b7ebffa/500x500.jpg",
    "productInformation": "",
    "countryText": "Sverige",
    "companyText": "",
    "ingrediensText": "",
    "storage": "",
    "allergens": "",
    "usage": "",
    "nutrition": [],
    "nutritionUnitText": "",
    "categories": {
      "mainCategory": "Frukt & Grönt",
      "subCategories": [
        {
          "name": "Färska kryddor",
          "subSubCategories": [
            "Dill"
          ]
        }
      ]
    }
  },
  {
    "name": "Paprika Mix Ekologisk 300g Klass 1 ICA I",
    "weightText": "0.3 kg",
    "caPart": "",
    "weightValue": 0.3,
    "weightUnit": "kg",
    "comparePrice": "143,17 kr/kg",
    "currentPrice": 42.95,
    "attributes": [
      "EU Ekologiskt",
      "Ekologiskt",
      "KRAV"
    ],
    "imgUrl": "https://handlaprivatkund.ica.se/images-v3/bf7a00ca-390e-4769-865f-dc369586872e/8e491997-8525-4e88-be3b-dc21d3b2ce92/500x500.jpg",
    "productInformation": "",
    "countryText": "Spanien",
    "companyText": "ICA I love eco",
    "ingrediensText": "",
    "storage": "Lägsta förvaringstemperatur 12°C Högsta förvaringstemperatur 16°C",
    "allergens": "",
    "usage": "",
    "nutrition": [],
    "nutritionUnitText": "",
    "categories": {
      "mainCategory": "Frukt & Grönt",
      "subCategories": [
        {
          "name": "Grönsaker",
          "subSubCategories": [
            "Paprika"
          ]
        }
      ]
    }
  },
  {
    "name": "Fänkål ca 300g Klass 1 ICA",
    "weightText": "Ca 300 g",
    "caPart": "Ca",
    "weightValue": 300,
    "weightUnit": "g",
    "comparePrice": "39,95 kr/kg",
    "currentPrice": 11.99,
    "attributes": [
      "Ursprungsland Sverige"
    ],
    "imgUrl": "https://handlaprivatkund.ica.se/images-v3/bf7a00ca-390e-4769-865f-dc369586872e/5cd5f119-bfcf-49c2-aaba-fa3e94ee5cc5/500x500.jpg",
    "productInformation": "Krispig grönsak med frisk smak som påminner om lakrits och anis. God att äta både rå och tillagad. Prova gratinerad eller i grytor och soppor.",
    "countryText": "Sverige",
    "companyText": "",
    "ingrediensText": "",
    "storage": "Lägsta förvaringstemperatur 1°C Högsta förvaringstemperatur 4°C",
    "allergens": "",
    "usage": "",
    "nutrition": [],
    "nutritionUnitText": "",
    "categories": {
      "mainCategory": "Frukt & Grönt",
      "subCategories": [
        {
          "name": "Kål",
          "subSubCategories": [
            "Fänkål"
          ]
        }
      ]
    }
  },
  {
    "name": "Grape Star Ruby röd ca 400g Klass 1 ICA",
    "weightText": "0.4 kg",
    "caPart": "",
    "weightValue": 0.4,
    "weightUnit": "kg",
    "comparePrice": "24,88 kr/kg",
    "currentPrice": 9.95,
    "attributes": [],
    "imgUrl": "https://handlaprivatkund.ica.se/images-v3/bf7a00ca-390e-4769-865f-dc369586872e/1528d60e-546b-42ab-b0b4-9db8f6114970/500x500.jpg",
    "productInformation": "",
    "countryText": "Sydafrika",
    "companyText": "ICA",
    "ingrediensText": "",
    "storage": "Lägsta förvaringstemperatur 12°C Högsta förvaringstemperatur 16°C",
    "allergens": "",
    "usage": "",
    "nutrition": [],
    "nutritionUnitText": "",
    "categories": {
      "mainCategory": "Frukt & Grönt",
      "subCategories": [
        {
          "name": "Frukt",
          "subSubCategories": [
            "Citrusfrukt",
            "Grapefrukt"
          ]
        }
      ]
    }
  },
  {
    "name": "Böngroddar Ekologiska 180g KRAV Klass 1",
    "weightText": "0.18 kg",
    "caPart": "",
    "weightValue": 0.18,
    "weightUnit": "kg",
    "comparePrice": "110,83 kr/kg",
    "currentPrice": 19.95,
    "attributes": [
      "EU Ekologiskt",
      "Ursprungsland Sverige",
      "Ekologiskt",
      "KRAV"
    ],
    "imgUrl": "https://handlaprivatkund.ica.se/images-v3/bf7a00ca-390e-4769-865f-dc369586872e/4c9a2c18-d83b-4393-aba2-eada264f2eb4/500x500.jpg",
    "productInformation": "",
    "countryText": "Sverige",
    "companyText": "",
    "ingrediensText": "",
    "storage": "Lägsta förvaringstemperatur 1°C Högsta förvaringstemperatur 4°C",
    "allergens": "",
    "usage": "",
    "nutrition": [],
    "nutritionUnitText": "",
    "categories": {
      "mainCategory": "Frukt & Grönt",
      "subCategories": [
        {
          "name": "Grönsaker",
          "subSubCategories": [
            "Groddar"
          ]
        }
      ]
    }
  },
  {
    "name": "Blåbär 300g Klass 1 ICA",
    "weightText": "0.3 kg",
    "caPart": "",
    "weightValue": 0.3,
    "weightUnit": "kg",
    "comparePrice": "199,83 kr/kg",
    "currentPrice": 59.95,
    "attributes": [],
    "imgUrl": "https://handlaprivatkund.ica.se/images-v3/bf7a00ca-390e-4769-865f-dc369586872e/108ca0fa-8bf2-486e-a6bb-c32b8751bc23/500x500.jpg",
    "productInformation": "Blåbär i lite större förpackning på 300g. Både den vackra blå färgen och storleken kan variera beroende på sort men en sak har de gemensamt, sin goda smak. Sött och krispigt och ett perfekt snacks som både smakar gott och gör gott.",
    "countryText": "Peru",
    "companyText": "ICA",
    "ingrediensText": "",
    "storage": "",
    "allergens": "",
    "usage": "",
    "nutrition": [],
    "nutritionUnitText": "",
    "categories": {
      "mainCategory": "Frukt & Grönt",
      "subCategories": [
        {
          "name": "Färska bär",
          "subSubCategories": [
            "Blåbär"
          ]
        }
      ]
    }
  },
  {
    "name": "Finbladig Säsongens Mix 65g ICA",
    "weightText": "0.065 kg",
    "caPart": "",
    "weightValue": 0.065,
    "weightUnit": "kg",
    "comparePrice": "291,54 kr/kg",
    "currentPrice": 18.95,
    "attributes": [],
    "imgUrl": "https://handlaprivatkund.ica.se/images-v3/bf7a00ca-390e-4769-865f-dc369586872e/f8f9e1bd-1b6c-4352-9576-23f77eb3e608/500x500.jpg",
    "productInformation": "",
    "countryText": "EU",
    "companyText": "ICA",
    "ingrediensText": "Rucola, Babyspenat, Red Chard, MâcheRöda babyleaf kan variera mellan red chard, bulls blood, röd batavia, röd roman, röd isberg, röd tango, röd tatsoi, röd baby lollo rossoGröna babyleaf kan variera mellan mache, mizuna, tatsoi, grön roman",
    "storage": "Lägsta förvaringstemperatur 1°C Högsta förvaringstemperatur 4°C",
    "allergens": "",
    "usage": "",
    "nutrition": [
      {
        "Näringsvärde": "Energi (kcal)",
        "100 Gram": "20 kcal"
      },
      {
        "Näringsvärde": "Energi (kJ)",
        "100 Gram": "90 kJ"
      },
      {
        "Näringsvärde": "Fett",
        "100 Gram": "0 g"
      },
      {
        "Näringsvärde": "Varav mättat fett",
        "100 Gram": "0 g"
      },
      {
        "Näringsvärde": "Kolhydrat",
        "100 Gram": "0.9 g"
      },
      {
        "Näringsvärde": "Varav sockerarter",
        "100 Gram": "0 g"
      },
      {
        "Näringsvärde": "Fiber",
        "100 Gram": "1.8 g"
      },
      {
        "Näringsvärde": "Protein",
        "100 Gram": "2.7 g"
      },
      {
        "Näringsvärde": "Salt",
        "100 Gram": "0.2 g"
      }
    ],
    "nutritionUnitText": "",
    "categories": {
      "mainCategory": "Frukt & Grönt",
      "subCategories": [
        {
          "name": "Grönsaker",
          "subSubCategories": [
            "Sallad",
            "Salladsmix"
          ]
        }
      ]
    }
  },
  {
    "name": "Broccoli 500g Klass 1 ICA",
    "weightText": "0.5 kg",
    "caPart": "",
    "weightValue": 0.5,
    "weightUnit": "kg",
    "comparePrice": "47,90 kr/kg",
    "currentPrice": 23.95,
    "attributes": [],
    "imgUrl": "https://handlaprivatkund.ica.se/images-v3/bf7a00ca-390e-4769-865f-dc369586872e/398b210a-5d43-4a83-aed4-0041b4873065/500x500.jpg",
    "productInformation": "Broccoli har en mild kålsmak. Koka den gärna men prova också att gratinera eller grilla den. Servera som tillbehör till kött eller kyckling. Passar till dip.",
    "countryText": "Spanien",
    "companyText": "ICA",
    "ingrediensText": "",
    "storage": "",
    "allergens": "",
    "usage": "",
    "nutrition": [],
    "nutritionUnitText": "",
    "categories": {
      "mainCategory": "Frukt & Grönt",
      "subCategories": [
        {
          "name": "Kål",
          "subSubCategories": [
            "Broccoli"
          ]
        }
      ]
    }
  },
  {
    "name": "Brysselkål 500g Klass 1 ICA",
    "weightText": "0.5 kg",
    "caPart": "",
    "weightValue": 0.5,
    "weightUnit": "kg",
    "comparePrice": "47,90 kr/kg",
    "currentPrice": 23.95,
    "attributes": [
      "Ursprungsland Sverige"
    ],
    "imgUrl": "https://handlaprivatkund.ica.se/images-v3/bf7a00ca-390e-4769-865f-dc369586872e/1eebed54-07bb-4dc9-8546-1cd5740875e1/500x500.jpg",
    "productInformation": "",
    "countryText": "Sverige",
    "companyText": "ICA",
    "ingrediensText": "",
    "storage": "Lägsta förvaringstemperatur 1°C Högsta förvaringstemperatur 4°C",
    "allergens": "",
    "usage": "",
    "nutrition": [],
    "nutritionUnitText": "",
    "categories": {
      "mainCategory": "Jul",
      "subCategories": [
        {
          "name": "Julmat",
          "subSubCategories": [
            "Övrig julmat"
          ]
        }
      ]
    }
  },
  {
    "name": "Bistrosallad Sköljd 150g ICA",
    "weightText": "0.15 kg",
    "caPart": "",
    "weightValue": 0.15,
    "weightUnit": "kg",
    "comparePrice": "179,67 kr/kg",
    "currentPrice": 26.95,
    "attributes": [
      "Ursprungsland Sverige"
    ],
    "imgUrl": "https://handlaprivatkund.ica.se/images-v3/bf7a00ca-390e-4769-865f-dc369586872e/6191fb46-91ec-400a-bc87-e4aeef5e6a7b/500x500.jpg",
    "productInformation": "Vacker blandning av nötig mache, krispigt kärv frisée samt lite sötsyrlig rödbeta. Fin med dressing vid sidan av maten. Sköljd och färdig att servera.",
    "countryText": "Sverige",
    "companyText": "ICA",
    "ingrediensText": "",
    "storage": "",
    "allergens": "",
    "usage": "",
    "nutrition": [],
    "nutritionUnitText": "Näringsvärde per styck",
    "categories": {
      "mainCategory": "Frukt & Grönt",
      "subCategories": [
        {
          "name": "Grönsaker",
          "subSubCategories": [
            "Sallad",
            "Salladsmix"
          ]
        }
      ]
    }
  },
  {
    "name": "Purjolök ca 280g Klass 1 ICA Eko",
    "weightText": "Ca 280 g",
    "caPart": "Ca",
    "weightValue": 280,
    "weightUnit": "g",
    "comparePrice": "41,95 kr/kg",
    "currentPrice": 11.75,
    "attributes": [
      "EU Ekologiskt",
      "Ekologiskt",
      "KRAV"
    ],
    "imgUrl": "https://handlaprivatkund.ica.se/images-v3/bf7a00ca-390e-4769-865f-dc369586872e/5ae0e0fb-2994-4781-9641-4c109add3b44/500x500.jpg",
    "productInformation": "",
    "countryText": "Nederländerna",
    "companyText": "ICA I love eco",
    "ingrediensText": "",
    "storage": "",
    "allergens": "",
    "usage": "",
    "nutrition": [],
    "nutritionUnitText": "",
    "categories": {
      "mainCategory": "Frukt & Grönt",
      "subCategories": [
        {
          "name": "Lök",
          "subSubCategories": [
            "Purjolök"
          ]
        }
      ]
    }
  },
  {
    "name": "Snackpaprika 150g Klass 1 Klass 1 ICA",
    "weightText": "0.15 kg",
    "caPart": "",
    "weightValue": 0.15,
    "weightUnit": "kg",
    "comparePrice": "133,00 kr/kg",
    "currentPrice": 19.95,
    "attributes": [],
    "imgUrl": "https://handlaprivatkund.ica.se/images-v3/bf7a00ca-390e-4769-865f-dc369586872e/8f6f8e09-fda3-4bd7-85ba-8c502f94f9cc/500x500.jpg",
    "productInformation": "",
    "countryText": "Estland",
    "companyText": "ICA",
    "ingrediensText": "",
    "storage": "",
    "allergens": "",
    "usage": "",
    "nutrition": [],
    "nutritionUnitText": "",
    "categories": {
      "mainCategory": "Frukt & Grönt",
      "subCategories": [
        {
          "name": "Grönsaker",
          "subSubCategories": [
            "Paprika"
          ]
        }
      ]
    }
  },
  {
    "name": "Pak choi 250g Klass 1 ICA",
    "weightText": "0.25 kg",
    "caPart": "",
    "weightValue": 0.25,
    "weightUnit": "kg",
    "comparePrice": "95,80 kr/kg",
    "currentPrice": 23.95,
    "attributes": [
      "Ursprungsland Sverige"
    ],
    "imgUrl": "https://handlaprivatkund.ica.se/images-v3/bf7a00ca-390e-4769-865f-dc369586872e/191015d3-c114-47ff-afe4-cd26d07779d8/500x500.jpg",
    "productInformation": "",
    "countryText": "Sverige",
    "companyText": "ICA",
    "ingrediensText": "",
    "storage": "",
    "allergens": "",
    "usage": "",
    "nutrition": [],
    "nutritionUnitText": "",
    "categories": {
      "mainCategory": "Frukt & Grönt",
      "subCategories": [
        {
          "name": "Kål",
          "subSubCategories": [
            "Övrig kål"
          ]
        }
      ]
    }
  },
  {
    "name": "Granatäpple ca 300g Klass 1 ICA",
    "weightText": "0.3 kg",
    "caPart": "",
    "weightValue": 0.3,
    "weightUnit": "kg",
    "comparePrice": "63,17 kr/kg",
    "currentPrice": 18.95,
    "attributes": [],
    "imgUrl": "https://handlaprivatkund.ica.se/images-v3/bf7a00ca-390e-4769-865f-dc369586872e/f25748b0-af54-4a9d-8c9a-60a1909b3818/500x500.jpg",
    "productInformation": "Inuti granatäpplet finns ett geléaktigt kött och kärnor som går att äta. Smaken påminner om vinbär. Passar i fruktsallad, dessert och matlagning.",
    "countryText": "Israel",
    "companyText": "",
    "ingrediensText": "",
    "storage": "Lägsta förvaringstemperatur 1°C Högsta förvaringstemperatur 4°C",
    "allergens": "",
    "usage": "",
    "nutrition": [],
    "nutritionUnitText": "",
    "categories": {
      "mainCategory": "Frukt & Grönt",
      "subCategories": [
        {
          "name": "Frukt",
          "subSubCategories": [
            "Exotisk frukt",
            "Övrig exotisk frukt"
          ]
        }
      ]
    }
  },
  {
    "name": "Rödbetor förkokta 500g ICA",
    "weightText": "0.5 kg",
    "caPart": "",
    "weightValue": 0.5,
    "weightUnit": "kg",
    "comparePrice": "31,90 kr/kg",
    "currentPrice": 15.95,
    "attributes": [
      "Från Sverige",
      "Ursprungsland Sverige"
    ],
    "imgUrl": "https://handlaprivatkund.ica.se/images-v3/bf7a00ca-390e-4769-865f-dc369586872e/5bb92e1c-f1f4-41a8-b024-677b895421be/500x500.jpg",
    "productInformation": "",
    "countryText": "Sverige",
    "companyText": "ICA",
    "ingrediensText": "ingredienser: Rödbetor, skalade och ångkokta",
    "storage": "",
    "allergens": "",
    "usage": "",
    "nutrition": [],
    "nutritionUnitText": "",
    "categories": {
      "mainCategory": "Frukt & Grönt",
      "subCategories": [
        {
          "name": "Rotfrukter",
          "subSubCategories": [
            "Betor",
            "Rödbetor"
          ]
        }
      ]
    }
  },
  {
    "name": "Mjölig potatis 2kg KRAV ICA I love eco Klass 1",
    "weightText": "2 kg",
    "caPart": "",
    "weightValue": 2,
    "weightUnit": "kg",
    "comparePrice": "22,48 kr/kg",
    "currentPrice": 44.95,
    "attributes": [
      "EU Ekologiskt",
      "Ursprungsland Sverige",
      "Ekologiskt",
      "KRAV"
    ],
    "imgUrl": "https://handlaprivatkund.ica.se/images-v3/bf7a00ca-390e-4769-865f-dc369586872e/1a64d279-25b8-4de7-924f-590e1c3447e7/500x500.jpg",
    "productInformation": "ICA Ekologisk Mjölig Potatis. Mjöliga sorter kokar sönder lättare och behöver tillagas varsamt. Passar till mos, soppor, att pressa och i gratänger.",
    "countryText": "Sverige",
    "companyText": "ICA I love eco",
    "ingrediensText": "",
    "storage": "",
    "allergens": "",
    "usage": "",
    "nutrition": [],
    "nutritionUnitText": "",
    "categories": {
      "mainCategory": "Frukt & Grönt",
      "subCategories": [
        {
          "name": "Potatis",
          "subSubCategories": [
            "Mjölig potatis"
          ]
        }
      ]
    }
  },
  {
    "name": "Vattenmelon Mini ca 1,95kg Klass 1 ICA",
    "weightText": "Ca 1950 g",
    "caPart": "Ca",
    "weightValue": 1950,
    "weightUnit": "g",
    "comparePrice": "29,95 kr/kg",
    "currentPrice": 58.4,
    "attributes": [],
    "imgUrl": "https://handlaprivatkund.ica.se/images-v3/bf7a00ca-390e-4769-865f-dc369586872e/6ad11d4f-c4da-4765-8d94-8ae5efad4a1a/500x500.jpg",
    "productInformation": "",
    "countryText": "Spanien",
    "companyText": "",
    "ingrediensText": "",
    "storage": "Lägsta förvaringstemperatur 12°C Högsta förvaringstemperatur 16°C",
    "allergens": "",
    "usage": "",
    "nutrition": [],
    "nutritionUnitText": "",
    "categories": {
      "mainCategory": "Frukt & Grönt",
      "subCategories": [
        {
          "name": "Frukt",
          "subSubCategories": [
            "Melon",
            "Vattenmelon"
          ]
        }
      ]
    }
  },
  {
    "name": "Provensalsksallad Rosa Bandet ICA",
    "weightText": "0.15 kg",
    "caPart": "",
    "weightValue": 0.15,
    "weightUnit": "kg",
    "comparePrice": "179,67 kr/kg",
    "currentPrice": 26.95,
    "attributes": [],
    "imgUrl": "https://handlaprivatkund.ica.se/images-v3/bf7a00ca-390e-4769-865f-dc369586872e/7e1559d3-251c-4be3-81c0-d09697685585/500x500.jpg",
    "productInformation": "",
    "countryText": "",
    "companyText": "ICA",
    "ingrediensText": "Friséesallat, rosésallat, mâchesallat",
    "storage": "",
    "allergens": "",
    "usage": "",
    "nutrition": [
      {
        "Näringsvärde": "Energi (kcal)",
        "100 Gram": "19 kcal"
      },
      {
        "Näringsvärde": "Energi (kJ)",
        "100 Gram": "80 kJ"
      },
      {
        "Näringsvärde": "Fett",
        "100 Gram": "0 g"
      },
      {
        "Näringsvärde": "Varav mättat fett",
        "100 Gram": "0 g"
      },
      {
        "Näringsvärde": "Kolhydrat",
        "100 Gram": "2.4 g"
      },
      {
        "Näringsvärde": "Varav sockerarter",
        "100 Gram": "0.6 g"
      },
      {
        "Näringsvärde": "Fiber",
        "100 Gram": "1.6 g"
      },
      {
        "Näringsvärde": "Protein",
        "100 Gram": "1.6 g"
      },
      {
        "Näringsvärde": "Salt",
        "100 Gram": "0.1 g"
      }
    ],
    "nutritionUnitText": "Näringsvärde per 100 gram",
    "categories": {
      "mainCategory": "Frukt & Grönt",
      "subCategories": [
        {
          "name": "Grönsaker",
          "subSubCategories": [
            "Sallad",
            "Salladsmix"
          ]
        }
      ]
    }
  },
  {
    "name": "Majs förkokt vacumförpackad 450g ICA",
    "weightText": "0.45 kg",
    "caPart": "",
    "weightValue": 0.45,
    "weightUnit": "kg",
    "comparePrice": "57,67 kr/kg",
    "currentPrice": 25.95,
    "attributes": [],
    "imgUrl": "https://handlaprivatkund.ica.se/images-v3/bf7a00ca-390e-4769-865f-dc369586872e/5175724e-da7b-4ee4-a010-368055797a46/500x500.jpg",
    "productInformation": "",
    "countryText": "Spanien",
    "companyText": "ICA",
    "ingrediensText": "Majs, salt, antioxidationsmedel: citronsyra.",
    "storage": "",
    "allergens": "",
    "usage": "",
    "nutrition": [
      {
        "Näringsvärde": "Energi (kcal)",
        "100 Gram": "109 kcal"
      },
      {
        "Näringsvärde": "Energi (kJ)",
        "100 Gram": "456 kJ"
      },
      {
        "Näringsvärde": "Fett",
        "100 Gram": "2.8 g"
      },
      {
        "Näringsvärde": "Varav mättat fett",
        "100 Gram": "0.7 g"
      },
      {
        "Näringsvärde": "Kolhydrat",
        "100 Gram": "15 g"
      },
      {
        "Näringsvärde": "Varav sockerarter",
        "100 Gram": "7 g"
      },
      {
        "Näringsvärde": "Fiber",
        "100 Gram": "3.2 g"
      },
      {
        "Näringsvärde": "Protein",
        "100 Gram": "3.2 g"
      },
      {
        "Näringsvärde": "Salt",
        "100 Gram": "0.04 g"
      }
    ],
    "nutritionUnitText": "Näringsvärde per 100 gram",
    "categories": {
      "mainCategory": "Frukt & Grönt",
      "subCategories": [
        {
          "name": "Grönsaker",
          "subSubCategories": [
            "Majs"
          ]
        }
      ]
    }
  },
  {
    "name": "Sparris grön ca 250g Klass 1 ICA",
    "weightText": "0.25 kg",
    "caPart": "",
    "weightValue": 0.25,
    "weightUnit": "kg",
    "comparePrice": "179,80 kr/kg",
    "currentPrice": 44.95,
    "attributes": [],
    "imgUrl": "https://handlaprivatkund.ica.se/images-v3/bf7a00ca-390e-4769-865f-dc369586872e/0516dea7-7985-4f49-89e5-a71cf5860c7f/500x500.jpg",
    "productInformation": "",
    "countryText": "Peru",
    "companyText": "",
    "ingrediensText": "",
    "storage": "Lägsta förvaringstemperatur 1°C Högsta förvaringstemperatur 4°C",
    "allergens": "",
    "usage": "",
    "nutrition": [],
    "nutritionUnitText": "",
    "categories": {
      "mainCategory": "Frukt & Grönt",
      "subCategories": [
        {
          "name": "Grönsaker",
          "subSubCategories": [
            "Sparris"
          ]
        }
      ]
    }
  },
  {
    "name": "Rucola Sköljd Ekologisk 65g ICA I love eco",
    "weightText": "0.065 kg",
    "caPart": "",
    "weightValue": 0.065,
    "weightUnit": "kg",
    "comparePrice": "306,92 kr/kg",
    "currentPrice": 19.95,
    "attributes": [
      "EU Ekologiskt",
      "Ekologiskt"
    ],
    "imgUrl": "https://handlaprivatkund.ica.se/images-v3/bf7a00ca-390e-4769-865f-dc369586872e/74b0568d-eb72-4dbf-ba44-f0080d6bd466/500x500.jpg",
    "productInformation": "Ekologisk sallat med pepprig, lite nötig ton. Använd som smaksättare i salladsblandningar och medelhavsmat som pasta, pizza och sallad.",
    "countryText": "Italien",
    "companyText": "ICA I love eco",
    "ingrediensText": "",
    "storage": "",
    "allergens": "",
    "usage": "",
    "nutrition": [],
    "nutritionUnitText": "Näringsvärde per styck",
    "categories": {
      "mainCategory": "Frukt & Grönt",
      "subCategories": [
        {
          "name": "Grönsaker",
          "subSubCategories": [
            "Sallad",
            "Rucola"
          ]
        }
      ]
    }
  },
  {
    "name": "Rödbeta 1kg Klass 1 ICA",
    "weightText": "1 kg",
    "caPart": "",
    "weightValue": 1,
    "weightUnit": "kg",
    "comparePrice": "17,95 kr/kg",
    "currentPrice": 17.95,
    "attributes": [
      "Ursprungsland Sverige"
    ],
    "imgUrl": "https://handlaprivatkund.ica.se/images-v3/bf7a00ca-390e-4769-865f-dc369586872e/a71e34a2-44a4-40d9-9bfa-dc4ae599e2d8/500x500.jpg",
    "productInformation": "",
    "countryText": "Sverige",
    "companyText": "ICA",
    "ingrediensText": "",
    "storage": "",
    "allergens": "",
    "usage": "",
    "nutrition": [],
    "nutritionUnitText": "",
    "categories": {
      "mainCategory": "Frukt & Grönt",
      "subCategories": [
        {
          "name": "Rotfrukter",
          "subSubCategories": [
            "Betor",
            "Rödbetor"
          ]
        }
      ]
    }
  },
  {
    "name": "Råkostsallad Ekologisk 275g ICA I love eco",
    "weightText": "0.275 kg",
    "caPart": "",
    "weightValue": 0.275,
    "weightUnit": "kg",
    "comparePrice": "94,36 kr/kg",
    "currentPrice": 25.95,
    "attributes": [
      "EU Ekologiskt",
      "Ekologiskt"
    ],
    "imgUrl": "https://handlaprivatkund.ica.se/images-v3/bf7a00ca-390e-4769-865f-dc369586872e/1a4f8dc9-170e-4794-980d-04cad48376ef/500x500.jpg",
    "productInformation": "Påsen innehåller en ekologisk råkostklassiker som är jättegod både i sallader, naturell och tillagad. Enkelt och gott. Sköljd och färdig att äta.",
    "countryText": "EU",
    "companyText": "ICA I love eco",
    "ingrediensText": "",
    "storage": "",
    "allergens": "",
    "usage": "",
    "nutrition": [],
    "nutritionUnitText": "Näringsvärde per styck",
    "categories": {
      "mainCategory": "Frukt & Grönt",
      "subCategories": [
        {
          "name": "Grönsaker",
          "subSubCategories": [
            "Sallad",
            "Salladsmix"
          ]
        }
      ]
    }
  },
  {
    "name": "Koriander Bunt Klass 1 ICA",
    "weightText": "0.1 kg",
    "caPart": "",
    "weightValue": 0.1,
    "weightUnit": "kg",
    "comparePrice": "199,50 kr/kg",
    "currentPrice": 19.95,
    "attributes": [],
    "imgUrl": "https://handlaprivatkund.ica.se/images-v3/bf7a00ca-390e-4769-865f-dc369586872e/873d9a31-4d08-4092-829a-564f646fadf3/500x500.jpg",
    "productInformation": "",
    "countryText": "Spanien",
    "companyText": "",
    "ingrediensText": "",
    "storage": "Lägsta förvaringstemperatur 1°C Högsta förvaringstemperatur 4°C",
    "allergens": "",
    "usage": "",
    "nutrition": [],
    "nutritionUnitText": "",
    "categories": {
      "mainCategory": "Frukt & Grönt",
      "subCategories": [
        {
          "name": "Färska kryddor",
          "subSubCategories": [
            "Koriander"
          ]
        }
      ]
    }
  },
  {
    "name": "Zucchini Grön KRAV ca 275g Klass 1 ICA",
    "weightText": "Ca 275 g",
    "caPart": "Ca",
    "weightValue": 275,
    "weightUnit": "g",
    "comparePrice": "59,95 kr/kg",
    "currentPrice": 16.49,
    "attributes": [
      "EU Ekologiskt",
      "Ekologiskt",
      "KRAV"
    ],
    "imgUrl": "https://handlaprivatkund.ica.se/images-v3/bf7a00ca-390e-4769-865f-dc369586872e/c39f3bd0-ce46-48d9-bbfa-8b6c1c367c3d/500x500.jpg",
    "productInformation": "",
    "countryText": "Spanien",
    "companyText": "ICA I love eco",
    "ingrediensText": "",
    "storage": "",
    "allergens": "",
    "usage": "",
    "nutrition": [],
    "nutritionUnitText": "",
    "categories": {
      "mainCategory": "Frukt & Grönt",
      "subCategories": [
        {
          "name": "Grönsaker",
          "subSubCategories": [
            "Zucchini"
          ]
        }
      ]
    }
  },
  {
    "name": "Snackmorötter Ekologisk 200g Klass 1 ICA I love eco",
    "weightText": "0.2 kg",
    "caPart": "",
    "weightValue": 0.2,
    "weightUnit": "kg",
    "comparePrice": "79,75 kr/kg",
    "currentPrice": 15.95,
    "attributes": [
      "EU Ekologiskt",
      "Nyckelhålet",
      "Ekologiskt"
    ],
    "imgUrl": "https://handlaprivatkund.ica.se/images-v3/bf7a00ca-390e-4769-865f-dc369586872e/f65d0247-934d-4547-b4c6-c1e66f881845/500x500.jpg",
    "productInformation": "",
    "countryText": "Danmark",
    "companyText": "ICA I love eco",
    "ingrediensText": "Morot, dansk rå",
    "storage": "Förvaring vid 2-6 grader",
    "allergens": "",
    "usage": "Kan avnjutas råa såväl som tillagade",
    "nutrition": [
      {
        "Näringsvärde": "Energi (kcal)",
        "100 Gram": "38 kcal"
      },
      {
        "Näringsvärde": "Energi (kJ)",
        "100 Gram": "158 kJ"
      },
      {
        "Näringsvärde": "Fett",
        "100 Gram": "0.4 g"
      },
      {
        "Näringsvärde": "Varav mättat fett",
        "100 Gram": "0.1 g"
      },
      {
        "Näringsvärde": "Kolhydrat",
        "100 Gram": "6.3 g"
      },
      {
        "Näringsvärde": "Varav sockerarter",
        "100 Gram": "6.1 g"
      },
      {
        "Näringsvärde": "Protein",
        "100 Gram": "0.8 g"
      },
      {
        "Näringsvärde": "Salt",
        "100 Gram": "0.2 g"
      }
    ],
    "nutritionUnitText": "Näringsvärde per 100 gram",
    "categories": {
      "mainCategory": "Frukt & Grönt",
      "subCategories": [
        {
          "name": "Rotfrukter",
          "subSubCategories": [
            "Morötter"
          ]
        }
      ]
    }
  },
  {
    "name": "Lök Gul i nät 500g KRAV Klass 1 ICA I love eco",
    "weightText": "0.5 kg",
    "caPart": "",
    "weightValue": 0.5,
    "weightUnit": "kg",
    "comparePrice": "43,90 kr/kg",
    "currentPrice": 21.95,
    "attributes": [
      "EU Ekologiskt",
      "Ursprungsland Sverige",
      "Ekologiskt",
      "KRAV"
    ],
    "imgUrl": "https://handlaprivatkund.ica.se/images-v3/bf7a00ca-390e-4769-865f-dc369586872e/cede13c9-0cb7-4b5e-a05f-74554b4909a0/500x500.jpg",
    "productInformation": "",
    "countryText": "Sverige",
    "companyText": "ICA I love eco",
    "ingrediensText": "",
    "storage": "Lägsta förvaringstemperatur 12°C Högsta förvaringstemperatur 14°C",
    "allergens": "",
    "usage": "",
    "nutrition": [],
    "nutritionUnitText": "",
    "categories": {
      "mainCategory": "Frukt & Grönt",
      "subCategories": [
        {
          "name": "Lök",
          "subSubCategories": [
            "Gul lök"
          ]
        }
      ]
    }
  },
  {
    "name": "Blomkål ca 750g Klass 1 ICA",
    "weightText": "Ca 0.75 kg",
    "caPart": "Ca",
    "weightValue": 0.75,
    "weightUnit": "kg",
    "comparePrice": "31,95 kr/kg",
    "currentPrice": 23.96,
    "attributes": [
      "Ursprungsland Sverige"
    ],
    "imgUrl": "https://handlaprivatkund.ica.se/images-v3/bf7a00ca-390e-4769-865f-dc369586872e/78159bb4-5b5c-4dbd-8787-81f14d0193db/500x500.jpg",
    "productInformation": "",
    "countryText": "Sverige",
    "companyText": "ICA",
    "ingrediensText": "",
    "storage": "",
    "allergens": "",
    "usage": "",
    "nutrition": [],
    "nutritionUnitText": "",
    "categories": {
      "mainCategory": "Frukt & Grönt",
      "subCategories": [
        {
          "name": "Kål",
          "subSubCategories": [
            "Blomkål"
          ]
        }
      ]
    }
  },
  {
    "name": "Physalis 100g Klass 1 ICA",
    "weightText": "0.1 kg",
    "caPart": "",
    "weightValue": 0.1,
    "weightUnit": "kg",
    "comparePrice": "249,50 kr/kg",
    "currentPrice": 24.95,
    "attributes": [],
    "imgUrl": "https://handlaprivatkund.ica.se/images-v3/bf7a00ca-390e-4769-865f-dc369586872e/4dff135c-1a86-424a-93fa-b13fe78c3fb5/500x500.jpg",
    "productInformation": "",
    "countryText": "Colombia",
    "companyText": "ICA",
    "ingrediensText": "",
    "storage": "Lägsta förvaringstemperatur 1°C Högsta förvaringstemperatur 4°C",
    "allergens": "",
    "usage": "",
    "nutrition": [],
    "nutritionUnitText": "",
    "categories": {
      "mainCategory": "Frukt & Grönt",
      "subCategories": [
        {
          "name": "Frukt",
          "subSubCategories": [
            "Exotisk frukt",
            "Övrig exotisk frukt"
          ]
        }
      ]
    }
  },
  {
    "name": "Bananschalottenlök 250g Klass 1 ICA",
    "weightText": "0.25 kg",
    "caPart": "",
    "weightValue": 0.25,
    "weightUnit": "kg",
    "comparePrice": "87,80 kr/kg",
    "currentPrice": 21.95,
    "attributes": [
      "Ursprungsland Sverige"
    ],
    "imgUrl": "https://handlaprivatkund.ica.se/images-v3/bf7a00ca-390e-4769-865f-dc369586872e/c233de77-bcbc-4ec5-8001-0332fb0bbc6a/500x500.jpg",
    "productInformation": "",
    "countryText": "Sverige",
    "companyText": "ICA",
    "ingrediensText": "",
    "storage": "",
    "allergens": "",
    "usage": "",
    "nutrition": [],
    "nutritionUnitText": "",
    "categories": {
      "mainCategory": "Frukt & Grönt",
      "subCategories": [
        {
          "name": "Lök",
          "subSubCategories": [
            "Schalottenlök"
          ]
        }
      ]
    }
  },
  {
    "name": "Provensalsk sallad Sköljd 250g ICA",
    "weightText": "0.25 kg",
    "caPart": "",
    "weightValue": 0.25,
    "weightUnit": "kg",
    "comparePrice": "115,80 kr/kg",
    "currentPrice": 28.95,
    "attributes": [],
    "imgUrl": "https://handlaprivatkund.ica.se/images-v3/bf7a00ca-390e-4769-865f-dc369586872e/87800e25-d4c0-427b-b507-a2b225dabda6/500x500.jpg",
    "productInformation": "En blandning av sallater med olika smak i lite större påse. Passar på buffén, till kryddiga korvar och starka ostar och allt som doftar vitlök.",
    "countryText": "Spanien",
    "companyText": "ICA",
    "ingrediensText": "",
    "storage": "",
    "allergens": "",
    "usage": "",
    "nutrition": [],
    "nutritionUnitText": "Näringsvärde per styck",
    "categories": {
      "mainCategory": "Frukt & Grönt",
      "subCategories": [
        {
          "name": "Grönsaker",
          "subSubCategories": [
            "Sallad",
            "Salladsmix"
          ]
        }
      ]
    }
  },
  {
    "name": "Druva Thompson gröna kärnfria seedless 500g Klass 1 ICA I love eco",
    "weightText": "0.5 kg",
    "caPart": "",
    "weightValue": 0.5,
    "weightUnit": "kg",
    "comparePrice": "85,90 kr/kg",
    "currentPrice": 42.95,
    "attributes": [
      "EU Ekologiskt",
      "Ekologiskt"
    ],
    "imgUrl": "https://handlaprivatkund.ica.se/images-v3/bf7a00ca-390e-4769-865f-dc369586872e/93037ada-beb7-40f4-8991-45116af7f780/500x500.jpg",
    "productInformation": "ICA Ekologiska Kärnfria Gröna Druvor har en söt och syrlig smak. Skölj och ät dem naturella, i fruktsallad, desserter och till bakverk.",
    "countryText": "Italien",
    "companyText": "ICA I love eco",
    "ingrediensText": "",
    "storage": "",
    "allergens": "",
    "usage": "",
    "nutrition": [],
    "nutritionUnitText": "",
    "categories": {
      "mainCategory": "Frukt & Grönt",
      "subCategories": [
        {
          "name": "Frukt",
          "subSubCategories": [
            "Druvor"
          ]
        }
      ]
    }
  },
  {
    "name": "Timjan i kruka Ekologisk 1-p Klass 1 ICA I love eco",
    "weightText": "",
    "caPart": "",
    "weightValue": 0,
    "weightUnit": "",
    "comparePrice": "",
    "currentPrice": 21.95,
    "attributes": [
      "Från Sverige",
      "EU Ekologiskt",
      "Ursprungsland Sverige",
      "Ekologiskt",
      "KRAV"
    ],
    "imgUrl": "https://handlaprivatkund.ica.se/images-v3/bf7a00ca-390e-4769-865f-dc369586872e/d6510810-ce11-4757-be4d-88d1fae08c7a/500x500.jpg",
    "productInformation": "ICA Ekologisk Timjan i kruka passar att ha i korv-, potatis- och osträtter, i ärtsoppa och till kyckling. Krydda försiktigt - tillsätt den gärna från början!",
    "countryText": "Sverige",
    "companyText": "ICA I love eco",
    "ingrediensText": "",
    "storage": "Lägsta förvaringstemperatur 1°C Högsta förvaringstemperatur 4°C",
    "allergens": "",
    "usage": "",
    "nutrition": [],
    "nutritionUnitText": "",
    "categories": {
      "mainCategory": "Frukt & Grönt",
      "subCategories": [
        {
          "name": "Färska kryddor",
          "subSubCategories": [
            "Timjan"
          ]
        }
      ]
    }
  },
  {
    "name": "Honungsmelon ca 800g Klass 1 ICA",
    "weightText": "Ca 1100 g",
    "caPart": "Ca",
    "weightValue": 1100,
    "weightUnit": "g",
    "comparePrice": "26,95 kr/kg",
    "currentPrice": 29.65,
    "attributes": [],
    "imgUrl": "https://handlaprivatkund.ica.se/images-v3/bf7a00ca-390e-4769-865f-dc369586872e/918e3b29-8b74-4046-acc5-11a3b11251cf/500x500.jpg",
    "productInformation": "Saftigt och riktigt söt, med utpräglad melonsmak. Passar både i fruktsalladen och att äta som den är. En klassiker till parmaskinka och kallskuret.",
    "countryText": "Brasilien",
    "companyText": "",
    "ingrediensText": "",
    "storage": "Lägsta förvaringstemperatur 1°C Högsta förvaringstemperatur 4°C",
    "allergens": "",
    "usage": "",
    "nutrition": [],
    "nutritionUnitText": "",
    "categories": {
      "mainCategory": "Frukt & Grönt",
      "subCategories": [
        {
          "name": "Frukt",
          "subSubCategories": [
            "Melon",
            "Sötmelon"
          ]
        }
      ]
    }
  },
  {
    "name": "Jordärtskockor Ekologiska 300g KRAV Klass 1 ICA I",
    "weightText": "0.3 kg",
    "caPart": "",
    "weightValue": 0.3,
    "weightUnit": "kg",
    "comparePrice": "86,50 kr/kg",
    "currentPrice": 25.95,
    "attributes": [
      "EU Ekologiskt",
      "Ursprungsland Sverige",
      "Ekologiskt",
      "KRAV"
    ],
    "imgUrl": "https://handlaprivatkund.ica.se/images-v3/bf7a00ca-390e-4769-865f-dc369586872e/a48db2f2-ecee-4e07-ad29-dd50329b2ab6/500x500.jpg",
    "productInformation": "Delikatessrot med len, aromatisk och karaktärsfull smak. Servera kokt med smör, i potatismos eller som ljuvlig soppa. I komposterbar förpackning!",
    "countryText": "Sverige",
    "companyText": "ICA I love eco",
    "ingrediensText": "",
    "storage": "",
    "allergens": "",
    "usage": "",
    "nutrition": [],
    "nutritionUnitText": "",
    "categories": {
      "mainCategory": "Frukt & Grönt",
      "subCategories": [
        {
          "name": "Rotfrukter",
          "subSubCategories": [
            "Jordärtskocka"
          ]
        }
      ]
    }
  },
  {
    "name": "Potatis i påse/låda Mjölig Klass 1 ca 1kg",
    "weightText": "Ca 1 kg",
    "caPart": "Ca",
    "weightValue": 1,
    "weightUnit": "kg",
    "comparePrice": "12,95 kr/kg",
    "currentPrice": 12.95,
    "attributes": [
      "Ursprungsland Sverige"
    ],
    "imgUrl": "https://handlaprivatkund.ica.se/images-v3/bf7a00ca-390e-4769-865f-dc369586872e/5ef16adb-b3ef-4514-8bb5-f2f2cedd1a65/500x500.jpg",
    "productInformation": "Notera att du beställer 1 kg potatis.",
    "countryText": "Sverige",
    "companyText": "",
    "ingrediensText": "",
    "storage": "",
    "allergens": "",
    "usage": "",
    "nutrition": [],
    "nutritionUnitText": "",
    "categories": {
      "mainCategory": "Frukt & Grönt",
      "subCategories": [
        {
          "name": "Potatis",
          "subSubCategories": [
            "Mjölig potatis"
          ]
        }
      ]
    }
  },
  {
    "name": "Krispsallat Ekologisk KRAV Klass 1 ICA I love",
    "weightText": "0.25 kg",
    "caPart": "",
    "weightValue": 0.25,
    "weightUnit": "kg",
    "comparePrice": "95,80 kr/kg",
    "currentPrice": 23.95,
    "attributes": [
      "Från Sverige",
      "EU Ekologiskt",
      "Ursprungsland Sverige",
      "Ekologiskt",
      "KRAV"
    ],
    "imgUrl": "https://handlaprivatkund.ica.se/images-v3/bf7a00ca-390e-4769-865f-dc369586872e/373c61c2-bce6-4f8e-9b4e-57c0fb15ca48/500x500.jpg",
    "productInformation": "",
    "countryText": "Sverige",
    "companyText": "ICA I love eco",
    "ingrediensText": "",
    "storage": "",
    "allergens": "",
    "usage": "",
    "nutrition": [],
    "nutritionUnitText": "",
    "categories": {
      "mainCategory": "Frukt & Grönt",
      "subCategories": [
        {
          "name": "Grönsaker",
          "subSubCategories": [
            "Sallad",
            "Krispsallad"
          ]
        }
      ]
    }
  },
  {
    "name": "Koriander flowpack 15g Ekologisk Klass 1 ICA I love eco",
    "weightText": "0.015 kg",
    "caPart": "",
    "weightValue": 0.015,
    "weightUnit": "kg",
    "comparePrice": "1 130,00 kr/kg",
    "currentPrice": 16.95,
    "attributes": [
      "Från Sverige",
      "EU Ekologiskt",
      "Ursprungsland Sverige",
      "Ekologiskt",
      "KRAV"
    ],
    "imgUrl": "https://handlaprivatkund.ica.se/images-v3/bf7a00ca-390e-4769-865f-dc369586872e/baacb616-2962-467e-8d33-ac66c9fa75fb/500x500.jpg",
    "productInformation": "Svenskodlad och ekologisk! Koriander är en av världens mest använda kryddor! Populär i asiatiska, indiska och mexikanska rätter men även i salsa och guacamole. Söt, lite parfymerad smak som är en vattendelare, vissa älskar den och andra klarar inte av den.",
    "countryText": "Sverige",
    "companyText": "ICA I love eco",
    "ingrediensText": "",
    "storage": "",
    "allergens": "",
    "usage": "",
    "nutrition": [],
    "nutritionUnitText": "",
    "categories": {
      "mainCategory": "Frukt & Grönt",
      "subCategories": [
        {
          "name": "Färska kryddor",
          "subSubCategories": [
            "Koriander"
          ]
        }
      ]
    }
  },
  {
    "name": "Rotselleri ca 900g Klass 1 ICA",
    "weightText": "Ca 900 g",
    "caPart": "Ca",
    "weightValue": 900,
    "weightUnit": "g",
    "comparePrice": "31,95 kr/kg",
    "currentPrice": 28.76,
    "attributes": [
      "Ursprungsland Sverige"
    ],
    "imgUrl": "https://handlaprivatkund.ica.se/images-v3/bf7a00ca-390e-4769-865f-dc369586872e/3a2eea5c-e914-447c-b1ce-78a75b419e73/500x500.jpg",
    "productInformation": "",
    "countryText": "Sverige",
    "companyText": "",
    "ingrediensText": "",
    "storage": "Lägsta förvaringstemperatur 1°C Högsta förvaringstemperatur 4°C",
    "allergens": "",
    "usage": "",
    "nutrition": [],
    "nutritionUnitText": "",
    "categories": {
      "mainCategory": "Frukt & Grönt",
      "subCategories": [
        {
          "name": "Rotfrukter",
          "subSubCategories": [
            "Rotselleri"
          ]
        }
      ]
    }
  },
  {
    "name": "Dadlar Färska 400g Klass 1 ICA",
    "weightText": "0.4 kg",
    "caPart": "",
    "weightValue": 0.4,
    "weightUnit": "kg",
    "comparePrice": "99,88 kr/kg",
    "currentPrice": 39.95,
    "attributes": [],
    "imgUrl": "https://handlaprivatkund.ica.se/images-v3/bf7a00ca-390e-4769-865f-dc369586872e/e9ef7075-c983-42bc-bd9e-93e1684882c7/500x500.jpg",
    "productInformation": "",
    "countryText": "Iran",
    "companyText": "ICA",
    "ingrediensText": "",
    "storage": "",
    "allergens": "",
    "usage": "",
    "nutrition": [],
    "nutritionUnitText": "",
    "categories": {
      "mainCategory": "Jul",
      "subCategories": [
        {
          "name": "Glöggmingel",
          "subSubCategories": [
            "Julnötter, Dadlar & Fikon"
          ]
        }
      ]
    }
  },
  {
    "name": "Plommontomat Ekologisk 500g Klass 1 ICA I love",
    "weightText": "0.5 kg",
    "caPart": "",
    "weightValue": 0.5,
    "weightUnit": "kg",
    "comparePrice": "65,90 kr/kg",
    "currentPrice": 32.95,
    "attributes": [
      "EU Ekologiskt",
      "Ekologiskt"
    ],
    "imgUrl": "https://handlaprivatkund.ica.se/images-v3/bf7a00ca-390e-4769-865f-dc369586872e/e26d08ee-53eb-4f38-875d-9cfc80f2b7ae/500x500.jpg",
    "productInformation": "",
    "countryText": "Spanien",
    "companyText": "ICA I love eco",
    "ingrediensText": "",
    "storage": "",
    "allergens": "",
    "usage": "",
    "nutrition": [],
    "nutritionUnitText": "",
    "categories": {
      "mainCategory": "Frukt & Grönt",
      "subCategories": [
        {
          "name": "Grönsaker",
          "subSubCategories": [
            "Tomat"
          ]
        }
      ]
    }
  },
  {
    "name": "Vitlök Ekologisk 200g Klass 1 ICA I love",
    "weightText": "0.2 kg",
    "caPart": "",
    "weightValue": 0.2,
    "weightUnit": "kg",
    "comparePrice": "174,75 kr/kg",
    "currentPrice": 34.95,
    "attributes": [
      "EU Ekologiskt",
      "Ekologiskt"
    ],
    "imgUrl": "https://handlaprivatkund.ica.se/images-v3/bf7a00ca-390e-4769-865f-dc369586872e/c3fe751d-3c00-428c-b111-7d4a0d14aaa1/500x500.jpg",
    "productInformation": "ICA Ekologisk Vitlök är en smaksättare i många olika maträtter. Hela klyftor passar att ugnsbaka, gärna tillsammans med rotsaker eller en stek.",
    "countryText": "Spanien",
    "companyText": "ICA I love eco",
    "ingrediensText": "",
    "storage": "",
    "allergens": "",
    "usage": "",
    "nutrition": [],
    "nutritionUnitText": "",
    "categories": {
      "mainCategory": "Frukt & Grönt",
      "subCategories": [
        {
          "name": "Lök",
          "subSubCategories": [
            "Vitlök"
          ]
        }
      ]
    }
  },
  {
    "name": "Paprika Mix Spetsig Ekologisk 170g KRAV Klass 1",
    "weightText": "0.17 kg",
    "caPart": "",
    "weightValue": 0.17,
    "weightUnit": "kg",
    "comparePrice": "199,71 kr/kg",
    "currentPrice": 33.95,
    "attributes": [
      "EU Ekologiskt",
      "Ekologiskt",
      "KRAV"
    ],
    "imgUrl": "https://handlaprivatkund.ica.se/images-v3/bf7a00ca-390e-4769-865f-dc369586872e/756dfc29-eec0-46a1-bb5b-8fbe891a28ed/500x500.jpg",
    "productInformation": "ICA Ekologisk Spetspaprika är krispig med söt smak. Tänk på att inte tillaga för länge vid matlagning för då försvinner krispigheten.",
    "countryText": "Spanien",
    "companyText": "ICA I love eco",
    "ingrediensText": "",
    "storage": "",
    "allergens": "",
    "usage": "",
    "nutrition": [],
    "nutritionUnitText": "",
    "categories": {
      "mainCategory": "Frukt & Grönt",
      "subCategories": [
        {
          "name": "Grönsaker",
          "subSubCategories": [
            "Paprika"
          ]
        }
      ]
    }
  },
  {
    "name": "Bifftomat ca 185g Klass 1 ICA",
    "weightText": "Ca 185 g",
    "caPart": "Ca",
    "weightValue": 185,
    "weightUnit": "g",
    "comparePrice": "34,95 kr/kg",
    "currentPrice": 6.47,
    "attributes": [],
    "imgUrl": "https://handlaprivatkund.ica.se/images-v3/bf7a00ca-390e-4769-865f-dc369586872e/7f2f4d0c-3d90-4100-9ea7-725a9b450c4d/500x500.jpg",
    "productInformation": "",
    "countryText": "Spanien",
    "companyText": "",
    "ingrediensText": "",
    "storage": "Lägsta förvaringstemperatur 12°C Högsta förvaringstemperatur 16°C",
    "allergens": "",
    "usage": "",
    "nutrition": [],
    "nutritionUnitText": "",
    "categories": {
      "mainCategory": "Frukt & Grönt",
      "subCategories": [
        {
          "name": "Grönsaker",
          "subSubCategories": [
            "Tomat"
          ]
        }
      ]
    }
  },
  {
    "name": "Sallad Sabrosa 200g Klass 1 ICA",
    "weightText": "0.2 kg",
    "caPart": "",
    "weightValue": 0.2,
    "weightUnit": "kg",
    "comparePrice": "89,75 kr/kg",
    "currentPrice": 17.95,
    "attributes": [
      "Från Sverige",
      "Ursprungsland Sverige"
    ],
    "imgUrl": "https://handlaprivatkund.ica.se/images-v3/bf7a00ca-390e-4769-865f-dc369586872e/06849a9d-b3c0-4bea-afaf-ba6aa62ee680/500x500.jpg",
    "productInformation": "En smakfull och krispig sallad som passar till det mesta!",
    "countryText": "Sverige",
    "companyText": "ICA",
    "ingrediensText": "",
    "storage": "Lägsta förvaringstemperatur 1°C Högsta förvaringstemperatur 4°C",
    "allergens": "",
    "usage": "",
    "nutrition": [],
    "nutritionUnitText": "",
    "categories": {
      "mainCategory": "Frukt & Grönt",
      "subCategories": [
        {
          "name": "Grönsaker",
          "subSubCategories": [
            "Sallad",
            "Övrig sallad"
          ]
        }
      ]
    }
  },
  {
    "name": "Broccoli Ekologisk 250g Klass 1 ICA I love",
    "weightText": "0.25 kg",
    "caPart": "",
    "weightValue": 0.25,
    "weightUnit": "kg",
    "comparePrice": "99,80 kr/kg",
    "currentPrice": 24.95,
    "attributes": [
      "EU Ekologiskt",
      "Ekologiskt"
    ],
    "imgUrl": "https://handlaprivatkund.ica.se/images-v3/bf7a00ca-390e-4769-865f-dc369586872e/e4e09e6d-6500-4c15-a384-014e71b0ca6a/500x500.jpg",
    "productInformation": "Spänstiga buketter med mild, fin kålsmak. Koka som tillbehör till kött och fisk, eller ugnsgratinera som en rätt för sig. I komposterbar förpackning!",
    "countryText": "Nederländerna",
    "companyText": "ICA I love eco",
    "ingrediensText": "",
    "storage": "",
    "allergens": "",
    "usage": "",
    "nutrition": [],
    "nutritionUnitText": "",
    "categories": {
      "mainCategory": "Frukt & Grönt",
      "subCategories": [
        {
          "name": "Kål",
          "subSubCategories": [
            "Broccoli"
          ]
        }
      ]
    }
  },
  {
    "name": "Silverlök 300g Klass 1 ICA",
    "weightText": "0.3 kg",
    "caPart": "",
    "weightValue": 0.3,
    "weightUnit": "kg",
    "comparePrice": "89,83 kr/kg",
    "currentPrice": 26.95,
    "attributes": [],
    "imgUrl": "https://handlaprivatkund.ica.se/images-v3/bf7a00ca-390e-4769-865f-dc369586872e/459ae0c5-ed6c-4499-abac-9ad097d22368/500x500.jpg",
    "productInformation": "",
    "countryText": "Italien",
    "companyText": "ICA",
    "ingrediensText": "",
    "storage": "",
    "allergens": "",
    "usage": "",
    "nutrition": [],
    "nutritionUnitText": "",
    "categories": {
      "mainCategory": "Frukt & Grönt",
      "subCategories": [
        {
          "name": "Lök",
          "subSubCategories": [
            "Övrig lök"
          ]
        }
      ]
    }
  },
  {
    "name": "Småtomater 250g Klass 1 ICA I love eco",
    "weightText": "0.25 kg",
    "caPart": "",
    "weightValue": 0.25,
    "weightUnit": "kg",
    "comparePrice": "99,80 kr/kg",
    "currentPrice": 24.95,
    "attributes": [
      "EU Ekologiskt",
      "Ekologiskt"
    ],
    "imgUrl": "https://handlaprivatkund.ica.se/images-v3/bf7a00ca-390e-4769-865f-dc369586872e/1839622c-c8be-47ca-ae96-e866d300f50c/500x500.jpg",
    "productInformation": "",
    "countryText": "Nederländerna",
    "companyText": "ICA I love eco",
    "ingrediensText": "",
    "storage": "",
    "allergens": "",
    "usage": "",
    "nutrition": [],
    "nutritionUnitText": "",
    "categories": {
      "mainCategory": "Frukt & Grönt",
      "subCategories": [
        {
          "name": "Grönsaker",
          "subSubCategories": [
            "Tomat"
          ]
        }
      ]
    }
  },
  {
    "name": "Dadlar Soft Ekologisk 200g ICA I love eco",
    "weightText": "0.2 kg",
    "caPart": "",
    "weightValue": 0.2,
    "weightUnit": "kg",
    "comparePrice": "184,75 kr/kg",
    "currentPrice": 36.95,
    "attributes": [
      "EU Ekologiskt",
      "Ekologiskt"
    ],
    "imgUrl": "https://handlaprivatkund.ica.se/images-v3/bf7a00ca-390e-4769-865f-dc369586872e/55df4116-0dca-47e6-93a4-5c364ceed9e1/500x500.jpg",
    "productInformation": "Extra mjuka, torkade ekologiska dadlar med söt smak. Goda som godis eller att hacka och blanda i matbröd och mjuka kakor.",
    "countryText": "",
    "companyText": "ICA I love eco",
    "ingrediensText": "Torkade dadlar*, vatten. *Ekologisk ingrediens",
    "storage": "",
    "allergens": "",
    "usage": "",
    "nutrition": [
      {
        "Näringsvärde": "Energi (kcal)",
        "100 Gram": "250 kcal"
      },
      {
        "Näringsvärde": "Energi (kJ)",
        "100 Gram": "1150 kJ"
      },
      {
        "Näringsvärde": "Fett",
        "100 Gram": "0.5 g"
      },
      {
        "Näringsvärde": "Varav mättat fett",
        "100 Gram": "0.5 g"
      },
      {
        "Näringsvärde": "Kolhydrat",
        "100 Gram": "55 g"
      },
      {
        "Näringsvärde": "Varav sockerarter",
        "100 Gram": "51 g"
      },
      {
        "Näringsvärde": "Fiber",
        "100 Gram": "10 g"
      },
      {
        "Näringsvärde": "Protein",
        "100 Gram": "2.2 g"
      },
      {
        "Näringsvärde": "Salt",
        "100 Gram": "0 g"
      }
    ],
    "nutritionUnitText": "Näringsvärde per 100 gram",
    "categories": {
      "mainCategory": "Jul",
      "subCategories": [
        {
          "name": "Glöggmingel",
          "subSubCategories": [
            "Julnötter, Dadlar & Fikon"
          ]
        }
      ]
    }
  },
  {
    "name": "Grön jalapeño 40g Klass 1 ICA",
    "weightText": "0.04 kg",
    "caPart": "",
    "weightValue": 0.04,
    "weightUnit": "kg",
    "comparePrice": "448,75 kr/kg",
    "currentPrice": 17.95,
    "attributes": [],
    "imgUrl": "https://handlaprivatkund.ica.se/images-v3/bf7a00ca-390e-4769-865f-dc369586872e/5d20ce85-4060-41bc-9809-91cb66614465/500x500.jpg",
    "productInformation": "Chilifrukt med saftigt fruktkött och frisk, fyllig samt lite kärv smak. Hettan är medel till mycket stark. Använd gärna i varm mat för extra sting.",
    "countryText": "Nederländerna",
    "companyText": "ICA",
    "ingrediensText": "",
    "storage": "",
    "allergens": "",
    "usage": "",
    "nutrition": [],
    "nutritionUnitText": "",
    "categories": {
      "mainCategory": "Frukt & Grönt",
      "subCategories": [
        {
          "name": "Färska kryddor",
          "subSubCategories": [
            "Färsk chilipeppar"
          ]
        }
      ]
    }
  },
  {
    "name": "Lime ICA Eko ca 80g Klass 1 ICA",
    "weightText": "0.08 kg",
    "caPart": "",
    "weightValue": 0.08,
    "weightUnit": "kg",
    "comparePrice": "99,38 kr/kg",
    "currentPrice": 7.95,
    "attributes": [
      "EU Ekologiskt",
      "Ekologiskt"
    ],
    "imgUrl": "https://handlaprivatkund.ica.se/images-v3/bf7a00ca-390e-4769-865f-dc369586872e/bbd4fbc0-ccbf-402c-957f-0c2735ace891/500x500.jpg",
    "productInformation": "",
    "countryText": "Colombia",
    "companyText": "ICA I love eco",
    "ingrediensText": "",
    "storage": "",
    "allergens": "",
    "usage": "",
    "nutrition": [],
    "nutritionUnitText": "",
    "categories": {
      "mainCategory": "Frukt & Grönt",
      "subCategories": [
        {
          "name": "Frukt",
          "subSubCategories": [
            "Citrusfrukt",
            "Lime"
          ]
        }
      ]
    }
  },
  {
    "name": "Medelhavsmix Rosa Bandet ICA",
    "weightText": "0.125 kg",
    "caPart": "",
    "weightValue": 0.125,
    "weightUnit": "kg",
    "comparePrice": "215,60 kr/kg",
    "currentPrice": 26.95,
    "attributes": [],
    "imgUrl": "https://handlaprivatkund.ica.se/images-v3/bf7a00ca-390e-4769-865f-dc369586872e/278be2ba-afcf-49da-9945-1b07efa0443e/500x500.jpg",
    "productInformation": "",
    "countryText": "",
    "companyText": "ICA",
    "ingrediensText": "Friséesallat, röd sallat*, babyspenat, rucola. *Varierar beroende på tillgång mellan lollo rosso, röd batavia sallat, ekbladsallat.",
    "storage": "",
    "allergens": "",
    "usage": "",
    "nutrition": [
      {
        "Näringsvärde": "Energi (kcal)",
        "100 Gram": "17 kcal"
      },
      {
        "Näringsvärde": "Energi (kJ)",
        "100 Gram": "70 kJ"
      },
      {
        "Näringsvärde": "Fett",
        "100 Gram": "0 g"
      },
      {
        "Näringsvärde": "Varav mättat fett",
        "100 Gram": "0 g"
      },
      {
        "Näringsvärde": "Kolhydrat",
        "100 Gram": "1.5 g"
      },
      {
        "Näringsvärde": "Varav sockerarter",
        "100 Gram": "0.6 g"
      },
      {
        "Näringsvärde": "Fiber",
        "100 Gram": "1.7 g"
      },
      {
        "Näringsvärde": "Protein",
        "100 Gram": "1.8 g"
      },
      {
        "Näringsvärde": "Salt",
        "100 Gram": "0.1 g"
      }
    ],
    "nutritionUnitText": "Näringsvärde per 100 gram",
    "categories": {
      "mainCategory": "Frukt & Grönt",
      "subCategories": [
        {
          "name": "Grönsaker",
          "subSubCategories": [
            "Sallad",
            "Salladsmix"
          ]
        }
      ]
    }
  },
  {
    "name": "Bladpersilja Merpack 250g Klass 1 ICA",
    "weightText": "0.25 kg",
    "caPart": "",
    "weightValue": 0.25,
    "weightUnit": "kg",
    "comparePrice": "119,80 kr/kg",
    "currentPrice": 29.95,
    "attributes": [],
    "imgUrl": "https://handlaprivatkund.ica.se/images-v3/bf7a00ca-390e-4769-865f-dc369586872e/841fed3e-3a5f-4a80-b1ad-3c1f315ec6ea/500x500.jpg",
    "productInformation": "",
    "countryText": "",
    "companyText": "ICA",
    "ingrediensText": "",
    "storage": "Lägsta förvaringstemperatur 1°C Högsta förvaringstemperatur 4°C",
    "allergens": "",
    "usage": "",
    "nutrition": [],
    "nutritionUnitText": "",
    "categories": {
      "mainCategory": "Frukt & Grönt",
      "subCategories": [
        {
          "name": "Färska kryddor",
          "subSubCategories": [
            "Persilja"
          ]
        }
      ]
    }
  },
  {
    "name": "Dadlar Chokladboll 125g Dave & Jon's",
    "weightText": "0.125 kg",
    "caPart": "",
    "weightValue": 0.125,
    "weightUnit": "kg",
    "comparePrice": "196,00 kr/kg",
    "currentPrice": 24.5,
    "attributes": [],
    "imgUrl": "https://handlaprivatkund.ica.se/images-v3/bf7a00ca-390e-4769-865f-dc369586872e/d1023892-3326-4015-8bfe-1563ec59b568/500x500.jpg",
    "productInformation": "Information från leverantör \n Dadlar med smak av klassiska svenska chokladbollar.",
    "countryText": "",
    "companyText": "DAVE & JON'S",
    "ingrediensText": "Dadlar, vegetabilisk olja (shea, kokos), HAVRE, kokos, kakao, arom, salt. Kan innehålla/indeholde spår/spor av/af: JORDNÖTTER/PEANØTTER/JORDNØDDER, NÖTTER/NØTTER/NØDDER, SOJA/SOYA. *KAN INNEHÅLLA/INDEHOLDE ENSTAKA KÄRNOR/KJERNER/KERNER ELLER KÄRNRESTER/KJERNERESTER/KERNERESTER.",
    "storage": "Förvaras torrt och svalt. Högsta förvaringstemperatur 20°C",
    "allergens": "",
    "usage": "",
    "nutrition": [
      {
        "Näringsvärde": "Energi (kcal)",
        "100 Gram": "409 kcal"
      },
      {
        "Näringsvärde": "Energi (kJ)",
        "100 Gram": "1714 kJ"
      },
      {
        "Näringsvärde": "Fett",
        "100 Gram": "16.4 g"
      },
      {
        "Näringsvärde": "Varav mättat fett",
        "100 Gram": "12.2 g"
      },
      {
        "Näringsvärde": "Kolhydrat",
        "100 Gram": "58.9 g"
      },
      {
        "Näringsvärde": "Varav sockerarter",
        "100 Gram": "43.5 g"
      },
      {
        "Näringsvärde": "Fiber",
        "100 Gram": "7.1 g"
      },
      {
        "Näringsvärde": "Protein",
        "100 Gram": "3.1 g"
      },
      {
        "Näringsvärde": "Salt",
        "100 Gram": "0.2 g"
      }
    ],
    "nutritionUnitText": "Näringsvärde per 100 gram",
    "categories": {
      "mainCategory": "Frukt & Grönt",
      "subCategories": [
        {
          "name": "Frukt",
          "subSubCategories": [
            "Exotisk frukt",
            "Dadlar"
          ]
        }
      ]
    }
  },
  {
    "name": "Rädisa Knippe ca 150g Klass 1 ICA",
    "weightText": "0.333 kg",
    "caPart": "",
    "weightValue": 0.333,
    "weightUnit": "kg",
    "comparePrice": "29,88 kr/kg",
    "currentPrice": 9.95,
    "attributes": [],
    "imgUrl": "https://handlaprivatkund.ica.se/images-v3/bf7a00ca-390e-4769-865f-dc369586872e/801ed821-f5e8-4d08-a4b7-1c5216c0df2f/500x500.jpg",
    "productInformation": "Rädisor är krispiga med lite pepprig smak. De passar att dippa, blanda i sallader, till ostbrickan eller äta direkt som de är.",
    "countryText": "Nederländerna",
    "companyText": "",
    "ingrediensText": "",
    "storage": "Lägsta förvaringstemperatur 1°C Högsta förvaringstemperatur 4°C",
    "allergens": "",
    "usage": "",
    "nutrition": [],
    "nutritionUnitText": "",
    "categories": {
      "mainCategory": "Frukt & Grönt",
      "subCategories": [
        {
          "name": "Grönsaker",
          "subSubCategories": [
            "Rädisor"
          ]
        }
      ]
    }
  },
  {
    "name": "Ingefära Ekologisk 100g Klass 1 ICA I love",
    "weightText": "0.1 kg",
    "caPart": "",
    "weightValue": 0.1,
    "weightUnit": "kg",
    "comparePrice": "239,50 kr/kg",
    "currentPrice": 23.95,
    "attributes": [
      "EU Ekologiskt",
      "Ekologiskt"
    ],
    "imgUrl": "https://handlaprivatkund.ica.se/images-v3/bf7a00ca-390e-4769-865f-dc369586872e/6e62090b-4a14-4449-b782-cd96b879d55d/500x500.jpg",
    "productInformation": "",
    "countryText": "Nederländerna",
    "companyText": "ICA I love eco",
    "ingrediensText": "",
    "storage": "",
    "allergens": "",
    "usage": "",
    "nutrition": [],
    "nutritionUnitText": "",
    "categories": {
      "mainCategory": "Frukt & Grönt",
      "subCategories": [
        {
          "name": "Färska kryddor",
          "subSubCategories": [
            "Ingefära"
          ]
        }
      ]
    }
  },
  {
    "name": "Dadlar Saltlakrits 125g Dave & Jon's",
    "weightText": "0.125 kg",
    "caPart": "",
    "weightValue": 0.125,
    "weightUnit": "kg",
    "comparePrice": "196,00 kr/kg",
    "currentPrice": 24.5,
    "attributes": [],
    "imgUrl": "https://handlaprivatkund.ica.se/images-v3/bf7a00ca-390e-4769-865f-dc369586872e/b470bf9b-74b5-462a-b90d-637ae1d24846/500x500.jpg",
    "productInformation": "",
    "countryText": "",
    "companyText": "DAVE & JON'S",
    "ingrediensText": "Torkade dadlar, salmiak, lakritspulver 1,5%, vegetabilisk olja (kokos, shea). KAN INNEHÅLLA ENSTAKA KÄRNOR ELLER KÄRNRESTER. Kan innehålla spår av: NÖTTER, JORDNÖTTER, MJÖLK, VETE och SOJA.",
    "storage": "Torrt och mörkt",
    "allergens": "",
    "usage": "",
    "nutrition": [
      {
        "Näringsvärde": "Energi (kcal)",
        "100 Gram": "320 kcal"
      },
      {
        "Näringsvärde": "Energi (kJ)",
        "100 Gram": "1343 kJ"
      },
      {
        "Näringsvärde": "Fett",
        "100 Gram": "2.6 g"
      },
      {
        "Näringsvärde": "Varav mättat fett",
        "100 Gram": "1.5 g"
      },
      {
        "Näringsvärde": "Kolhydrat",
        "100 Gram": "67.8 g"
      },
      {
        "Näringsvärde": "Varav sockerarter",
        "100 Gram": "54.6 g"
      },
      {
        "Näringsvärde": "Fiber",
        "100 Gram": "7.1 g"
      },
      {
        "Näringsvärde": "Protein",
        "100 Gram": "2.4 g"
      },
      {
        "Näringsvärde": "Salt",
        "100 Gram": "0 g"
      },
      {
        "Näringsvärde": "Kalium",
        "100 Gram": "750 mg"
      },
      {
        "Näringsvärde": "Järn",
        "100 Gram": "3.7 mg"
      }
    ],
    "nutritionUnitText": "Näringsvärde per 100 gram",
    "categories": {
      "mainCategory": "Glass, Godis & Snacks",
      "subCategories": [
        {
          "name": "Naturgodis, Nötter & Bars",
          "subSubCategories": [
            "Naturgodis"
          ]
        }
      ]
    }
  },
  {
    "name": "Paprikamix 350g Klass 1 ICA",
    "weightText": "0.35 kg",
    "caPart": "",
    "weightValue": 0.35,
    "weightUnit": "kg",
    "comparePrice": "85,57 kr/kg",
    "currentPrice": 29.95,
    "attributes": [],
    "imgUrl": "https://handlaprivatkund.ica.se/images-v3/bf7a00ca-390e-4769-865f-dc369586872e/7a070d4d-f317-4ac1-8664-421e86d3e9e9/500x500.jpg",
    "productInformation": "En blandning av gul och röd paprika. Passar i både kall och varm matlagning, som dekoration, till sallad eller servera till plockmat med lite dippsås.",
    "countryText": "Spanien",
    "companyText": "ICA",
    "ingrediensText": "",
    "storage": "",
    "allergens": "",
    "usage": "",
    "nutrition": [],
    "nutritionUnitText": "",
    "categories": {
      "mainCategory": "Frukt & Grönt",
      "subCategories": [
        {
          "name": "Grönsaker",
          "subSubCategories": [
            "Paprika"
          ]
        }
      ]
    }
  },
  {
    "name": "Portabella ca 100g Klass 1 ICA",
    "weightText": "Ca 100 g",
    "caPart": "Ca",
    "weightValue": 100,
    "weightUnit": "g",
    "comparePrice": "99,00 kr/kg",
    "currentPrice": 9.9,
    "attributes": [
      "Ursprungsland Sverige"
    ],
    "imgUrl": "https://handlaprivatkund.ica.se/images-v3/bf7a00ca-390e-4769-865f-dc369586872e/39099f4e-3ad3-4c9a-bda8-a8f4aa48ddea/500x500.jpg",
    "productInformation": "Fast och matig champinjon med fyllig och intensiv smak. Äts bara tillagad och går bra att smörsteka, stuva, göra sås av eller blanda i pastarätter.",
    "countryText": "Sverige",
    "companyText": "",
    "ingrediensText": "",
    "storage": "Lägsta förvaringstemperatur 1°C Högsta förvaringstemperatur 4°C",
    "allergens": "",
    "usage": "",
    "nutrition": [],
    "nutritionUnitText": "",
    "categories": {
      "mainCategory": "Frukt & Grönt",
      "subCategories": [
        {
          "name": "Svamp",
          "subSubCategories": [
            "Portabello"
          ]
        }
      ]
    }
  },
  {
    "name": "Champinjon Ekologisk 200g Klass 1 ICA I love eco",
    "weightText": "0.2 kg",
    "caPart": "",
    "weightValue": 0.2,
    "weightUnit": "kg",
    "comparePrice": "159,75 kr/kg",
    "currentPrice": 31.95,
    "attributes": [
      "EU Ekologiskt",
      "Ursprungsland Sverige",
      "Ekologiskt"
    ],
    "imgUrl": "https://handlaprivatkund.ica.se/images-v3/bf7a00ca-390e-4769-865f-dc369586872e/a3841a41-fe72-4f84-bb9b-48c52a1a5990/500x500.jpg",
    "productInformation": "",
    "countryText": "Sverige",
    "companyText": "ICA I love eco",
    "ingrediensText": "",
    "storage": "",
    "allergens": "",
    "usage": "",
    "nutrition": [],
    "nutritionUnitText": "",
    "categories": {
      "mainCategory": "Frukt & Grönt",
      "subCategories": [
        {
          "name": "Svamp",
          "subSubCategories": [
            "Champinjoner"
          ]
        }
      ]
    }
  },
  {
    "name": "Blåbär 500g Klass 1 ICA",
    "weightText": "0.5 kg",
    "caPart": "",
    "weightValue": 0.5,
    "weightUnit": "kg",
    "comparePrice": "179,90 kr/kg",
    "currentPrice": 89.95,
    "attributes": [],
    "imgUrl": "https://handlaprivatkund.ica.se/images-v3/bf7a00ca-390e-4769-865f-dc369586872e/c9010aa2-5c69-4665-bc1a-1f089247f787/500x500.jpg",
    "productInformation": "Blåbär i större förpackning på 500g. Både den vackra blå färgen och storleken kan variera beroende på sort men en sak har de gemensamt, sin goda smak. Söta, krispiga och förpackningen på 500g är perfekt som snacks för hela familjen. Eller förvara i kylen och ta fram och toppa frukost och mellis under veckans alla dagar. Det både smakar gott och gör gott.",
    "countryText": "Spanien",
    "companyText": "ICA",
    "ingrediensText": "",
    "storage": "",
    "allergens": "",
    "usage": "",
    "nutrition": [],
    "nutritionUnitText": "",
    "categories": {
      "mainCategory": "Frukt & Grönt",
      "subCategories": [
        {
          "name": "Färska bär",
          "subSubCategories": [
            "Blåbär"
          ]
        }
      ]
    }
  },
  {
    "name": "Hallon 225g Klass 1 ICA",
    "weightText": "0.225 kg",
    "caPart": "",
    "weightValue": 0.225,
    "weightUnit": "kg",
    "comparePrice": "310,89 kr/kg",
    "currentPrice": 69.95,
    "attributes": [],
    "imgUrl": "https://handlaprivatkund.ica.se/images-v3/bf7a00ca-390e-4769-865f-dc369586872e/b2893e00-6917-4fab-be3e-b4a810c3aa9f/500x500.jpg",
    "productInformation": "",
    "countryText": "Spanien",
    "companyText": "ICA",
    "ingrediensText": "",
    "storage": "",
    "allergens": "",
    "usage": "",
    "nutrition": [],
    "nutritionUnitText": "",
    "categories": {
      "mainCategory": "Frukt & Grönt",
      "subCategories": [
        {
          "name": "Färska bär",
          "subSubCategories": [
            "Hallon"
          ]
        }
      ]
    }
  },
  {
    "name": "Rödkål ca 1,5kg Klass 1 ICA",
    "weightText": "Ca 1500 g",
    "caPart": "Ca",
    "weightValue": 1500,
    "weightUnit": "g",
    "comparePrice": "18,95 kr/kg",
    "currentPrice": 28.43,
    "attributes": [
      "Ursprungsland Sverige"
    ],
    "imgUrl": "https://handlaprivatkund.ica.se/images-v3/bf7a00ca-390e-4769-865f-dc369586872e/02f4be3f-4ead-4341-9d0b-bd6cabfd89c0/500x500.jpg",
    "productInformation": "Fyllig och krispig smak som liknar vitkål. God finstrimlad i sallad eller wok men är inkokt en klassiker på julbordet.",
    "countryText": "Sverige",
    "companyText": "",
    "ingrediensText": "",
    "storage": "Lägsta förvaringstemperatur 1°C Högsta förvaringstemperatur 4°C",
    "allergens": "",
    "usage": "",
    "nutrition": [],
    "nutritionUnitText": "",
    "categories": {
      "mainCategory": "Frukt & Grönt",
      "subCategories": [
        {
          "name": "Kål",
          "subSubCategories": [
            "Rödkål"
          ]
        }
      ]
    }
  },
  {
    "name": "Dill Flowpack 20g Klass 1 ICA",
    "weightText": "0.02 kg",
    "caPart": "",
    "weightValue": 0.02,
    "weightUnit": "kg",
    "comparePrice": "797,50 kr/kg",
    "currentPrice": 15.95,
    "attributes": [],
    "imgUrl": "https://handlaprivatkund.ica.se/images-v3/bf7a00ca-390e-4769-865f-dc369586872e/5911a197-3d7f-4ff5-89b8-90286c397586/500x500.jpg",
    "productInformation": "Dill är utmärkt som smaksättare i olika fiskrätter, i såser, till potatis och i sallader. Smaken är karaktäristisk och aromatisk. Bör tillsättas sent vid tillagning.",
    "countryText": "EU",
    "companyText": "ICA",
    "ingrediensText": "",
    "storage": "Lägsta förvaringstemperatur 1°C Högsta förvaringstemperatur 4°C",
    "allergens": "",
    "usage": "",
    "nutrition": [],
    "nutritionUnitText": "",
    "categories": {
      "mainCategory": "Frukt & Grönt",
      "subCategories": [
        {
          "name": "Färska kryddor",
          "subSubCategories": [
            "Dill"
          ]
        }
      ]
    }
  },
  {
    "name": "Äpple Cox Orange ca 200g Klass 1 ICA",
    "weightText": "Ca 200 g",
    "caPart": "Ca",
    "weightValue": 200,
    "weightUnit": "g",
    "comparePrice": "27,95 kr/kg",
    "currentPrice": 5.59,
    "attributes": [
      "Ursprungsland Sverige"
    ],
    "imgUrl": "https://handlaprivatkund.ica.se/images-v3/bf7a00ca-390e-4769-865f-dc369586872e/5ffe0b3e-55ea-4b82-a47c-9e7e59d2e42a/500x500.jpg",
    "productInformation": "",
    "countryText": "Sverige",
    "companyText": "ICA",
    "ingrediensText": "",
    "storage": "Lägsta förvaringstemperatur 1°C Högsta förvaringstemperatur 4°C",
    "allergens": "",
    "usage": "",
    "nutrition": [],
    "nutritionUnitText": "",
    "categories": {
      "mainCategory": "Frukt & Grönt",
      "subCategories": [
        {
          "name": "Frukt",
          "subSubCategories": [
            "Äpple"
          ]
        }
      ]
    }
  },
  {
    "name": "Potatis Mjölig 4kg Klass 2 ICA",
    "weightText": "4 kg",
    "caPart": "",
    "weightValue": 4,
    "weightUnit": "kg",
    "comparePrice": "12,49 kr/kg",
    "currentPrice": 49.95,
    "attributes": [
      "Ursprungsland Sverige"
    ],
    "imgUrl": "https://handlaprivatkund.ica.se/images-v3/bf7a00ca-390e-4769-865f-dc369586872e/4d511a77-655a-4910-b050-b723ae7183c7/500x500.jpg",
    "productInformation": "Finns som sorterna King Edward, Challenger, Fontane, Belana",
    "countryText": "Sverige",
    "companyText": "ICA",
    "ingrediensText": "",
    "storage": "",
    "allergens": "",
    "usage": "",
    "nutrition": [],
    "nutritionUnitText": "",
    "categories": {
      "mainCategory": "Jul",
      "subCategories": [
        {
          "name": "Julmat",
          "subSubCategories": [
            "Sill, Ansjovis & Potatis"
          ]
        }
      ]
    }
  },
  {
    "name": "Babyspenat Sköljd Ekologisk 65g ICA I love eco",
    "weightText": "0.065 kg",
    "caPart": "",
    "weightValue": 0.065,
    "weightUnit": "kg",
    "comparePrice": "306,92 kr/kg",
    "currentPrice": 19.95,
    "attributes": [
      "EU Ekologiskt",
      "Ekologiskt"
    ],
    "imgUrl": "https://handlaprivatkund.ica.se/images-v3/bf7a00ca-390e-4769-865f-dc369586872e/6cb6a8e8-0e1f-47d3-ac3b-33fb2540bddf/500x500.jpg",
    "productInformation": "Späda blad med mild, nötig smak och liten sötma. Ha dem i en sallad, eller fräs med smör och vitlök, exempelvis till pasta. Passar även i wok. Ekologisk.",
    "countryText": "Italien",
    "companyText": "ICA I love eco",
    "ingrediensText": "",
    "storage": "",
    "allergens": "",
    "usage": "",
    "nutrition": [],
    "nutritionUnitText": "",
    "categories": {
      "mainCategory": "Frukt & Grönt",
      "subCategories": [
        {
          "name": "Grönsaker",
          "subSubCategories": [
            "Sallad",
            "Spenat"
          ]
        }
      ]
    }
  },
  {
    "name": "Dadlar Mörk Choklad 130g Klass 1 ICA",
    "weightText": "0.13 kg",
    "caPart": "",
    "weightValue": 0.13,
    "weightUnit": "kg",
    "comparePrice": "191,92 kr/kg",
    "currentPrice": 24.95,
    "attributes": [],
    "imgUrl": "https://handlaprivatkund.ica.se/images-v3/bf7a00ca-390e-4769-865f-dc369586872e/2423c00d-0ab4-4d68-acbd-b75216dbdd82/500x500.jpg",
    "productInformation": "",
    "countryText": "",
    "companyText": "ICA",
    "ingrediensText": "Dadlar 60%, choklad 39% (socker, kakaomassa, kakaosmör, emulgeringsmedel sojalecitin, vaniljarom. Minst 52% kakaohalt. ), kakaopulver. Rester av enstaka kärnor kan förekomma. Kan innehålla spår av jordnötter, hasselnötter, mandel och mjölk.",
    "storage": "",
    "allergens": "",
    "usage": "",
    "nutrition": [
      {
        "Näringsvärde": "Energi (kcal)",
        "100 Gram": "400 kcal"
      },
      {
        "Näringsvärde": "Energi (kJ)",
        "100 Gram": "1700 kJ"
      },
      {
        "Näringsvärde": "Fett",
        "100 Gram": "14 g"
      },
      {
        "Näringsvärde": "Varav mättat fett",
        "100 Gram": "8.3 g"
      },
      {
        "Näringsvärde": "Kolhydrat",
        "100 Gram": "62 g"
      },
      {
        "Näringsvärde": "Varav sockerarter",
        "100 Gram": "60 g"
      },
      {
        "Näringsvärde": "Fiber",
        "100 Gram": "6.8 g"
      },
      {
        "Näringsvärde": "Protein",
        "100 Gram": "3.2 g"
      },
      {
        "Näringsvärde": "Salt",
        "100 Gram": "0.1 g"
      }
    ],
    "nutritionUnitText": "Näringsvärde per 100 gram",
    "categories": {
      "mainCategory": "Jul",
      "subCategories": [
        {
          "name": "Glöggmingel",
          "subSubCategories": [
            "Julnötter, Dadlar & Fikon"
          ]
        }
      ]
    }
  },
  {
    "name": "Sallatsmix Sköljd Ekologisk 65g ICA I love eco",
    "weightText": "0.065 kg",
    "caPart": "",
    "weightValue": 0.065,
    "weightUnit": "kg",
    "comparePrice": "306,92 kr/kg",
    "currentPrice": 19.95,
    "attributes": [
      "EU Ekologiskt",
      "Ekologiskt"
    ],
    "imgUrl": "https://handlaprivatkund.ica.se/images-v3/bf7a00ca-390e-4769-865f-dc369586872e/f2efc2c4-afed-48c9-9f90-90fb0150338d/500x500.jpg",
    "productInformation": "",
    "countryText": "Italien",
    "companyText": "ICA I love eco",
    "ingrediensText": "",
    "storage": "",
    "allergens": "",
    "usage": "",
    "nutrition": [],
    "nutritionUnitText": "Näringsvärde per styck",
    "categories": {
      "mainCategory": "Frukt & Grönt",
      "subCategories": [
        {
          "name": "Grönsaker",
          "subSubCategories": [
            "Sallad",
            "Salladsmix"
          ]
        }
      ]
    }
  },
  {
    "name": "Skalad physalis 140g Klass 1 ICA",
    "weightText": "0.14 kg",
    "caPart": "",
    "weightValue": 0.14,
    "weightUnit": "kg",
    "comparePrice": "249,64 kr/kg",
    "currentPrice": 34.95,
    "attributes": [],
    "imgUrl": "https://handlaprivatkund.ica.se/images-v3/bf7a00ca-390e-4769-865f-dc369586872e/873d1653-4879-4aa2-8ca6-d4116f0e5fa9/500x500.jpg",
    "productInformation": "",
    "countryText": "Colombia",
    "companyText": "ICA",
    "ingrediensText": "",
    "storage": "",
    "allergens": "",
    "usage": "",
    "nutrition": [],
    "nutritionUnitText": "",
    "categories": {
      "mainCategory": "Frukt & Grönt",
      "subCategories": [
        {
          "name": "Frukt",
          "subSubCategories": [
            "Exotisk frukt",
            "Övrig exotisk frukt"
          ]
        }
      ]
    }
  },
  {
    "name": "Riven Morot 300g Klass 1 ICA",
    "weightText": "0.3 kg",
    "caPart": "",
    "weightValue": 0.3,
    "weightUnit": "kg",
    "comparePrice": "53,17 kr/kg",
    "currentPrice": 15.95,
    "attributes": [
      "Ursprungsland Sverige"
    ],
    "imgUrl": "https://handlaprivatkund.ica.se/images-v3/bf7a00ca-390e-4769-865f-dc369586872e/d93518d9-0c01-448c-8f33-d4d60c341711/500x500.jpg",
    "productInformation": "",
    "countryText": "Sverige",
    "companyText": "ICA",
    "ingrediensText": "Riven morot",
    "storage": "",
    "allergens": "",
    "usage": "",
    "nutrition": [
      {
        "Näringsvärde": "Energi (kcal)",
        "100 Gram": "36 kcal"
      },
      {
        "Näringsvärde": "Energi (kJ)",
        "100 Gram": "152 kJ"
      },
      {
        "Näringsvärde": "Fett",
        "100 Gram": "0 g"
      },
      {
        "Näringsvärde": "Varav mättat fett",
        "100 Gram": "0 g"
      },
      {
        "Näringsvärde": "Kolhydrat",
        "100 Gram": "6.6 g"
      },
      {
        "Näringsvärde": "Varav sockerarter",
        "100 Gram": "6.2 g"
      },
      {
        "Näringsvärde": "Protein",
        "100 Gram": "0.7 g"
      },
      {
        "Näringsvärde": "Salt",
        "100 Gram": "0.08 g"
      }
    ],
    "nutritionUnitText": "Näringsvärde per 100 gram",
    "categories": {
      "mainCategory": "Frukt & Grönt",
      "subCategories": [
        {
          "name": "Grönsaker",
          "subSubCategories": [
            "Sallad",
            "Salladsmix"
          ]
        }
      ]
    }
  },
  {
    "name": "Palsternackor Ekologiska 400g KRAV Klass 1 ICA I love eco",
    "weightText": "0.4 kg",
    "caPart": "",
    "weightValue": 0.4,
    "weightUnit": "kg",
    "comparePrice": "49,88 kr/kg",
    "currentPrice": 19.95,
    "attributes": [
      "EU Ekologiskt",
      "Ursprungsland Sverige",
      "Ekologiskt",
      "KRAV"
    ],
    "imgUrl": "https://handlaprivatkund.ica.se/images-v3/bf7a00ca-390e-4769-865f-dc369586872e/7cdda00d-0ecf-48bb-94b2-b21847c157d5/500x500.jpg",
    "productInformation": "",
    "countryText": "Sverige",
    "companyText": "ICA I love eco",
    "ingrediensText": "",
    "storage": "",
    "allergens": "",
    "usage": "",
    "nutrition": [],
    "nutritionUnitText": "",
    "categories": {
      "mainCategory": "Frukt & Grönt",
      "subCategories": [
        {
          "name": "Rotfrukter",
          "subSubCategories": [
            "Palsternacka"
          ]
        }
      ]
    }
  },
  {
    "name": "Haricots Verts 150g Klass 1 ICA",
    "weightText": "0.15 kg",
    "caPart": "",
    "weightValue": 0.15,
    "weightUnit": "kg",
    "comparePrice": "193,00 kr/kg",
    "currentPrice": 28.95,
    "attributes": [],
    "imgUrl": "https://handlaprivatkund.ica.se/images-v3/bf7a00ca-390e-4769-865f-dc369586872e/454d2c08-6b0d-4feb-b572-5b70925eb2fc/500x500.jpg",
    "productInformation": "",
    "countryText": "Kenya",
    "companyText": "ICA",
    "ingrediensText": "",
    "storage": "",
    "allergens": "",
    "usage": "",
    "nutrition": [],
    "nutritionUnitText": "",
    "categories": {
      "mainCategory": "Frukt & Grönt",
      "subCategories": [
        {
          "name": "Grönsaker",
          "subSubCategories": [
            "Ärtor & Bönor",
            "Haricots verts"
          ]
        }
      ]
    }
  },
  {
    "name": "Lök röd 500g Klass 1 ICA",
    "weightText": "0.5 kg",
    "caPart": "",
    "weightValue": 0.5,
    "weightUnit": "kg",
    "comparePrice": "37,90 kr/kg",
    "currentPrice": 18.95,
    "attributes": [],
    "imgUrl": "https://handlaprivatkund.ica.se/images-v3/bf7a00ca-390e-4769-865f-dc369586872e/d123921a-308f-4978-87b0-472e16b95014/500x500.jpg",
    "productInformation": "",
    "countryText": "Nederl�nderna",
    "companyText": "ICA",
    "ingrediensText": "",
    "storage": "",
    "allergens": "",
    "usage": "",
    "nutrition": [],
    "nutritionUnitText": "",
    "categories": {
      "mainCategory": "Frukt & Grönt",
      "subCategories": [
        {
          "name": "Lök",
          "subSubCategories": [
            "Rödlök"
          ]
        }
      ]
    }
  },
  {
    "name": "Dadlar mörk choklad jordnötter 130g Klass 1 ICA",
    "weightText": "0.13 kg",
    "caPart": "",
    "weightValue": 0.13,
    "weightUnit": "kg",
    "comparePrice": "191,92 kr/kg",
    "currentPrice": 24.95,
    "attributes": [],
    "imgUrl": "https://handlaprivatkund.ica.se/images-v3/bf7a00ca-390e-4769-865f-dc369586872e/fba002ab-fe72-4433-b6a7-5bef3c397d8a/500x500.jpg",
    "productInformation": "",
    "countryText": "",
    "companyText": "ICA",
    "ingrediensText": "Dadlar 60%, mörk choklad 25% (socker, kakaomassa, kakaosmör, emulgeringsmedel sojalecitin, vaniljarom. Minst 52% kakaohalt.), Jordnötter 15%. Rester av enstaka kärnor kan förekomma. Kan innehålla spår av hasselnötter, mandel och mjölk.",
    "storage": "",
    "allergens": "",
    "usage": "",
    "nutrition": [
      {
        "Näringsvärde": "Energi (kcal)",
        "100 Gram": "416 kcal"
      },
      {
        "Näringsvärde": "Energi (kJ)",
        "100 Gram": "1750 kJ"
      },
      {
        "Näringsvärde": "Fett",
        "100 Gram": "17 g"
      },
      {
        "Näringsvärde": "Varav mättat fett",
        "100 Gram": "6.7 g"
      },
      {
        "Näringsvärde": "Kolhydrat",
        "100 Gram": "56 g"
      },
      {
        "Näringsvärde": "Varav sockerarter",
        "100 Gram": "53 g"
      },
      {
        "Näringsvärde": "Fiber",
        "100 Gram": "6.8 g"
      },
      {
        "Näringsvärde": "Protein",
        "100 Gram": "6.6 g"
      },
      {
        "Näringsvärde": "Salt",
        "100 Gram": "0.2 g"
      }
    ],
    "nutritionUnitText": "Näringsvärde per 100 gram",
    "categories": {
      "mainCategory": "Jul",
      "subCategories": [
        {
          "name": "Glöggmingel",
          "subSubCategories": [
            "Julnötter, Dadlar & Fikon"
          ]
        }
      ]
    }
  },
  {
    "name": "Surkål 500g KRAV Klass 1 ICA I love eco",
    "weightText": "0.5 kg",
    "caPart": "",
    "weightValue": 0.5,
    "weightUnit": "kg",
    "comparePrice": "35,90 kr/kg",
    "currentPrice": 17.95,
    "attributes": [
      "EU Ekologiskt",
      "Ekologiskt",
      "KRAV"
    ],
    "imgUrl": "https://handlaprivatkund.ica.se/images-v3/bf7a00ca-390e-4769-865f-dc369586872e/7f08071b-921b-488b-b97d-e327a951fb39/500x500.jpg",
    "productInformation": "Krispig och friskt syrlig surkål, ett utmärkt tillbehör.",
    "countryText": "Nederländerna",
    "companyText": "ICA I love eco",
    "ingrediensText": "",
    "storage": "",
    "allergens": "",
    "usage": "",
    "nutrition": [],
    "nutritionUnitText": "Näringsvärde per styck",
    "categories": {
      "mainCategory": "Frukt & Grönt",
      "subCategories": [
        {
          "name": "Kål",
          "subSubCategories": [
            "Surkål"
          ]
        }
      ]
    }
  },
  {
    "name": "Cantaloupe ca 870g Klass 1 ICA",
    "weightText": "Ca 870 g",
    "caPart": "Ca",
    "weightValue": 870,
    "weightUnit": "g",
    "comparePrice": "38,95 kr/kg",
    "currentPrice": 33.89,
    "attributes": [],
    "imgUrl": "https://handlaprivatkund.ica.se/images-v3/bf7a00ca-390e-4769-865f-dc369586872e/c2d9e983-02b6-437a-9e0b-27e09eabd567/500x500.jpg",
    "productInformation": "Melon av mindre modell med grönt eller orange fruktkött. Saftig med fin och söt melonsmak. God till chark och rökt mat eller som efterrätt.",
    "countryText": "Brasilien",
    "companyText": "",
    "ingrediensText": "",
    "storage": "Lägsta förvaringstemperatur 1°C Högsta förvaringstemperatur 4°C",
    "allergens": "",
    "usage": "",
    "nutrition": [],
    "nutritionUnitText": "",
    "categories": {
      "mainCategory": "Frukt & Grönt",
      "subCategories": [
        {
          "name": "Frukt",
          "subSubCategories": [
            "Melon",
            "Sötmelon"
          ]
        }
      ]
    }
  },
  {
    "name": "Alfalfagroddar Ekologiska 130g KRAV Klass 1",
    "weightText": "0.13 kg",
    "caPart": "",
    "weightValue": 0.13,
    "weightUnit": "kg",
    "comparePrice": "153,46 kr/kg",
    "currentPrice": 19.95,
    "attributes": [
      "EU Ekologiskt",
      "Ursprungsland Sverige",
      "Ekologiskt",
      "KRAV"
    ],
    "imgUrl": "https://handlaprivatkund.ica.se/images-v3/bf7a00ca-390e-4769-865f-dc369586872e/3f04cc88-eefc-42ac-8713-fb009bac7c4c/500x500.jpg",
    "productInformation": "Milda groddar med fin spänst. Piffiga i salladen eller på smörgåsen. Släng gärna i en näve i woken strax innan servering.",
    "countryText": "Sverige",
    "companyText": "",
    "ingrediensText": "",
    "storage": "Lägsta förvaringstemperatur 1°C Högsta förvaringstemperatur 4°C",
    "allergens": "",
    "usage": "",
    "nutrition": [],
    "nutritionUnitText": "",
    "categories": {
      "mainCategory": "Frukt & Grönt",
      "subCategories": [
        {
          "name": "Grönsaker",
          "subSubCategories": [
            "Groddar"
          ]
        }
      ]
    }
  },
  {
    "name": "Snackgurka 250g Klass 1 ICA",
    "weightText": "0.25 kg",
    "caPart": "",
    "weightValue": 0.25,
    "weightUnit": "kg",
    "comparePrice": "99,80 kr/kg",
    "currentPrice": 24.95,
    "attributes": [],
    "imgUrl": "https://handlaprivatkund.ica.se/images-v3/bf7a00ca-390e-4769-865f-dc369586872e/f0958e9f-fa35-419c-bba6-ce3fc92e460f/500x500.jpg",
    "productInformation": "",
    "countryText": "Spanien",
    "companyText": "ICA",
    "ingrediensText": "",
    "storage": "",
    "allergens": "",
    "usage": "",
    "nutrition": [],
    "nutritionUnitText": "",
    "categories": {
      "mainCategory": "Frukt & Grönt",
      "subCategories": [
        {
          "name": "Grönsaker",
          "subSubCategories": [
            "Gurka"
          ]
        }
      ]
    }
  },
  {
    "name": "Dadlar Sour Cola 125g Dave & Jon's",
    "weightText": "0.125 kg",
    "caPart": "",
    "weightValue": 0.125,
    "weightUnit": "kg",
    "comparePrice": "196,00 kr/kg",
    "currentPrice": 24.5,
    "attributes": [],
    "imgUrl": "https://handlaprivatkund.ica.se/images-v3/bf7a00ca-390e-4769-865f-dc369586872e/eeabc917-8e41-4c5d-b9c5-bc02884f25ca/500x500.jpg",
    "productInformation": "",
    "countryText": "",
    "companyText": "DAVE & JON'S",
    "ingrediensText": "Dadlar, fiber från cikoriarot, vegetabilisk olja (kokos, shea), naturlig arom, surhetsreglerande medel (äppelsyra).Kan innehålla spår av: JORDNÖTTER, NÖTTER, SOJA.*KAN INNEHÅLLA ENSTAKA KÄRNOR ELLER KÄRNRESTER.",
    "storage": "Förvaras torrt och svalt.",
    "allergens": "",
    "usage": "",
    "nutrition": [
      {
        "Näringsvärde": "Energi (kcal)",
        "100 Gram": "320 kcal"
      },
      {
        "Näringsvärde": "Energi (kJ)",
        "100 Gram": "1340 kJ"
      },
      {
        "Näringsvärde": "Fett",
        "100 Gram": "3 g"
      },
      {
        "Näringsvärde": "Varav mättat fett",
        "100 Gram": "1.8 g"
      },
      {
        "Näringsvärde": "Kolhydrat",
        "100 Gram": "64.8 g"
      },
      {
        "Näringsvärde": "Varav sockerarter",
        "100 Gram": "52.3 g"
      },
      {
        "Näringsvärde": "Fiber",
        "100 Gram": "11.4 g"
      },
      {
        "Näringsvärde": "Protein",
        "100 Gram": "2.1 g"
      },
      {
        "Näringsvärde": "Salt",
        "100 Gram": "0 g"
      }
    ],
    "nutritionUnitText": "Näringsvärde per 100 gram",
    "categories": {
      "mainCategory": "Glass, Godis & Snacks",
      "subCategories": [
        {
          "name": "Naturgodis, Nötter & Bars",
          "subSubCategories": [
            "Naturgodis"
          ]
        }
      ]
    }
  },
  {
    "name": "Gräslök i kruka Ekologisk 1-p KRAV Klass 1",
    "weightText": "",
    "caPart": "",
    "weightValue": 0,
    "weightUnit": "",
    "comparePrice": "",
    "currentPrice": 18.95,
    "attributes": [
      "Från Sverige",
      "EU Ekologiskt",
      "Ursprungsland Sverige",
      "Ekologiskt",
      "KRAV"
    ],
    "imgUrl": "https://handlaprivatkund.ica.se/images-v3/bf7a00ca-390e-4769-865f-dc369586872e/fbc91389-a12b-4fdb-a9e5-71d49df1544d/500x500.jpg",
    "productInformation": "",
    "countryText": "Sverige",
    "companyText": "ICA I love eco",
    "ingrediensText": "",
    "storage": "",
    "allergens": "",
    "usage": "",
    "nutrition": [],
    "nutritionUnitText": "",
    "categories": {
      "mainCategory": "Frukt & Grönt",
      "subCategories": [
        {
          "name": "Färska kryddor",
          "subSubCategories": [
            "Gräslök"
          ]
        }
      ]
    }
  },
  {
    "name": "Kastanjechampinjoner 250g ICA Klass 1",
    "weightText": "0.25 kg",
    "caPart": "",
    "weightValue": 0.25,
    "weightUnit": "kg",
    "comparePrice": "103,80 kr/kg",
    "currentPrice": 25.95,
    "attributes": [],
    "imgUrl": "https://handlaprivatkund.ica.se/images-v3/bf7a00ca-390e-4769-865f-dc369586872e/1a9b4183-84f0-4a54-a306-d7710fb3e90e/500x500.jpg",
    "productInformation": "",
    "countryText": "Polen",
    "companyText": "ICA",
    "ingrediensText": "",
    "storage": "",
    "allergens": "",
    "usage": "",
    "nutrition": [],
    "nutritionUnitText": "",
    "categories": {
      "mainCategory": "Frukt & Grönt",
      "subCategories": [
        {
          "name": "Svamp",
          "subSubCategories": [
            "Champinjoner"
          ]
        }
      ]
    }
  },
  {
    "name": "Mynta Ekologisk 1-p KRAV Klass 1 ICA I love eco",
    "weightText": "",
    "caPart": "",
    "weightValue": 0,
    "weightUnit": "",
    "comparePrice": "",
    "currentPrice": 27.95,
    "attributes": [
      "Från Sverige",
      "EU Ekologiskt",
      "Ursprungsland Sverige",
      "Ekologiskt",
      "KRAV"
    ],
    "imgUrl": "https://handlaprivatkund.ica.se/images-v3/bf7a00ca-390e-4769-865f-dc369586872e/51b983b9-7a04-4b46-b49b-6cdf25b132a5/500x500.jpg",
    "productInformation": "",
    "countryText": "Sverige",
    "companyText": "ICA I love eco",
    "ingrediensText": "",
    "storage": "",
    "allergens": "",
    "usage": "",
    "nutrition": [],
    "nutritionUnitText": "",
    "categories": {
      "mainCategory": "Frukt & Grönt",
      "subCategories": [
        {
          "name": "Färska kryddor",
          "subSubCategories": [
            "Mynta"
          ]
        }
      ]
    }
  },
  {
    "name": "Salladskål ca 1000g Klass 1 ICA",
    "weightText": "Ca 1000 g",
    "caPart": "Ca",
    "weightValue": 1000,
    "weightUnit": "g",
    "comparePrice": "32,95 kr/kg",
    "currentPrice": 32.95,
    "attributes": [
      "Ursprungsland Sverige"
    ],
    "imgUrl": "https://handlaprivatkund.ica.se/images-v3/bf7a00ca-390e-4769-865f-dc369586872e/363065b0-f6b5-461a-823f-c3a66652b61a/500x500.jpg",
    "productInformation": "Spröda och krispiga blad med mild och fin kålsmak. Särskilt god i råkostsallader men prova även i woken!",
    "countryText": "Sverige",
    "companyText": "",
    "ingrediensText": "",
    "storage": "Lägsta förvaringstemperatur 1°C Högsta förvaringstemperatur 4°C",
    "allergens": "",
    "usage": "",
    "nutrition": [],
    "nutritionUnitText": "",
    "categories": {
      "mainCategory": "Frukt & Grönt",
      "subCategories": [
        {
          "name": "Kål",
          "subSubCategories": [
            "Salladskål"
          ]
        }
      ]
    }
  },
  {
    "name": "Dadlar färska 400g Klass 1 ICA I love eco",
    "weightText": "0.4 kg",
    "caPart": "",
    "weightValue": 0.4,
    "weightUnit": "kg",
    "comparePrice": "104,88 kr/kg",
    "currentPrice": 41.95,
    "attributes": [
      "EU Ekologiskt",
      "Ekologiskt"
    ],
    "imgUrl": "https://handlaprivatkund.ica.se/images-v3/bf7a00ca-390e-4769-865f-dc369586872e/d9abb69a-0fb2-4d92-b4b3-30d363bd6910/500x500.jpg",
    "productInformation": "",
    "countryText": "Iran",
    "companyText": "ICA I love eco",
    "ingrediensText": "",
    "storage": "",
    "allergens": "",
    "usage": "",
    "nutrition": [],
    "nutritionUnitText": "",
    "categories": {
      "mainCategory": "Jul",
      "subCategories": [
        {
          "name": "Glöggmingel",
          "subSubCategories": [
            "Julnötter, Dadlar & Fikon"
          ]
        }
      ]
    }
  },
  {
    "name": "Rädisor flowpack 220g Klass 1 ICA",
    "weightText": "0.22 kg",
    "caPart": "",
    "weightValue": 0.22,
    "weightUnit": "kg",
    "comparePrice": "90,68 kr/kg",
    "currentPrice": 19.95,
    "attributes": [],
    "imgUrl": "https://handlaprivatkund.ica.se/images-v3/bf7a00ca-390e-4769-865f-dc369586872e/64b76fa4-6817-406c-81f6-5be6191accbd/500x500.jpg",
    "productInformation": "Krispiga små munsbitar med fräsch och lite pepprig smak. Goda att dippa eller blanda i sallader. Passar också bra på ostbrickan.",
    "countryText": "Nederländerna",
    "companyText": "ICA",
    "ingrediensText": "",
    "storage": "",
    "allergens": "",
    "usage": "",
    "nutrition": [],
    "nutritionUnitText": "",
    "categories": {
      "mainCategory": "Frukt & Grönt",
      "subCategories": [
        {
          "name": "Grönsaker",
          "subSubCategories": [
            "Rädisor"
          ]
        }
      ]
    }
  },
  {
    "name": "Rosmarin Ekologisk 1-p KRAV Klass 1 ICA I love eco",
    "weightText": "",
    "caPart": "",
    "weightValue": 0,
    "weightUnit": "",
    "comparePrice": "",
    "currentPrice": 27.95,
    "attributes": [
      "Från Sverige",
      "EU Ekologiskt",
      "Ursprungsland Sverige",
      "Ekologiskt",
      "KRAV"
    ],
    "imgUrl": "https://handlaprivatkund.ica.se/images-v3/bf7a00ca-390e-4769-865f-dc369586872e/bd01f850-8713-46ca-9dd4-c335a068061a/500x500.jpg",
    "productInformation": "",
    "countryText": "Sverige",
    "companyText": "ICA I love eco",
    "ingrediensText": "",
    "storage": "",
    "allergens": "",
    "usage": "",
    "nutrition": [],
    "nutritionUnitText": "",
    "categories": {
      "mainCategory": "Frukt & Grönt",
      "subCategories": [
        {
          "name": "Färska kryddor",
          "subSubCategories": [
            "Rosmarin"
          ]
        }
      ]
    }
  },
  {
    "name": "Småbladsmix Storpack Ekologisk 125g ICA I love eco Klass 1",
    "weightText": "0.125 kg",
    "caPart": "",
    "weightValue": 0.125,
    "weightUnit": "kg",
    "comparePrice": "215,60 kr/kg",
    "currentPrice": 26.95,
    "attributes": [
      "EU Ekologiskt",
      "Ekologiskt"
    ],
    "imgUrl": "https://handlaprivatkund.ica.se/images-v3/bf7a00ca-390e-4769-865f-dc369586872e/e9780e57-da30-402e-8488-87fe9c886795/500x500.jpg",
    "productInformation": "",
    "countryText": "Italien",
    "companyText": "ICA I love eco",
    "ingrediensText": "",
    "storage": "",
    "allergens": "",
    "usage": "",
    "nutrition": [],
    "nutritionUnitText": "",
    "categories": {
      "mainCategory": "Frukt & Grönt",
      "subCategories": [
        {
          "name": "Grönsaker",
          "subSubCategories": [
            "Sallad",
            "Salladsmix"
          ]
        }
      ]
    }
  },
  {
    "name": "Timjan Flowpack 20g Ekologisk Klass 1 ICA I love eco",
    "weightText": "0.02 kg",
    "caPart": "",
    "weightValue": 0.02,
    "weightUnit": "kg",
    "comparePrice": "847,50 kr/kg",
    "currentPrice": 16.95,
    "attributes": [
      "Från Sverige",
      "EU Ekologiskt",
      "Ursprungsland Sverige",
      "Ekologiskt",
      "KRAV"
    ],
    "imgUrl": "https://handlaprivatkund.ica.se/images-v3/bf7a00ca-390e-4769-865f-dc369586872e/44909858-2889-46f0-8352-17c0008d157a/500x500.jpg",
    "productInformation": "Svenskodlad och ekologisk! Timjan är en välkänd medelhavskrydda som kan användas till de flesta rätter. Kan få koka med men tunna kvistar är även fina som garnering. Ett måste i köket!",
    "countryText": "Sverige",
    "companyText": "ICA I love eco",
    "ingrediensText": "",
    "storage": "",
    "allergens": "",
    "usage": "",
    "nutrition": [],
    "nutritionUnitText": "",
    "categories": {
      "mainCategory": "Frukt & Grönt",
      "subCategories": [
        {
          "name": "Färska kryddor",
          "subSubCategories": [
            "Timjan"
          ]
        }
      ]
    }
  },
  {
    "name": "Dadlar Salted Caramel Peanuts 125g Dave & Jon's",
    "weightText": "0.125 kg",
    "caPart": "",
    "weightValue": 0.125,
    "weightUnit": "kg",
    "comparePrice": "196,00 kr/kg",
    "currentPrice": 24.5,
    "attributes": [],
    "imgUrl": "https://handlaprivatkund.ica.se/images-v3/bf7a00ca-390e-4769-865f-dc369586872e/72a54885-ccc0-48f4-94a9-5ef49182130b/500x500.jpg",
    "productInformation": "",
    "countryText": "",
    "companyText": "DAVE & JON'S",
    "ingrediensText": "Dadlar, JORDNÖTTER/PEANØTTER/JORDNØDDER 20%, vegetabilisk olja (kokos, shea), salt, arom. Kan innehålla/indeholde spår/spor av/af: NÖTTER/NØTTER/NØDDER, SOJA/SOYA. *KAN INNEHÅLLA/INDEHOLDE ENSTAKA KÄRNOR/KJERNER/KERNER ELLER KÄRNRESTER/KJERNERESTER/KERNERESTER.",
    "storage": "Torrt och svalt",
    "allergens": "",
    "usage": "",
    "nutrition": [
      {
        "Näringsvärde": "Energi (kcal)",
        "100 Gram": "389 kcal"
      },
      {
        "Näringsvärde": "Energi (kJ)",
        "100 Gram": "1632 kJ"
      },
      {
        "Näringsvärde": "Fett",
        "100 Gram": "12.3 g"
      },
      {
        "Näringsvärde": "Varav mättat fett",
        "100 Gram": "3.5 g"
      },
      {
        "Näringsvärde": "Kolhydrat",
        "100 Gram": "59.7 g"
      },
      {
        "Näringsvärde": "Varav sockerarter",
        "100 Gram": "45.7 g"
      },
      {
        "Näringsvärde": "Fiber",
        "100 Gram": "8.1 g"
      },
      {
        "Näringsvärde": "Protein",
        "100 Gram": "6.6 g"
      },
      {
        "Näringsvärde": "Salt",
        "100 Gram": "0.2 g"
      },
      {
        "Näringsvärde": "Kalium",
        "100 Gram": "655 mg"
      },
      {
        "Näringsvärde": "Järn",
        "100 Gram": "2.15 mg"
      }
    ],
    "nutritionUnitText": "Näringsvärde per 100 gram",
    "categories": {
      "mainCategory": "Glass, Godis & Snacks",
      "subCategories": [
        {
          "name": "Naturgodis, Nötter & Bars",
          "subSubCategories": [
            "Naturgodis"
          ]
        }
      ]
    }
  },
  {
    "name": "Säsongsmix 150g ICA",
    "weightText": "0.15 kg",
    "caPart": "",
    "weightValue": 0.15,
    "weightUnit": "kg",
    "comparePrice": "146,33 kr/kg",
    "currentPrice": 21.95,
    "attributes": [],
    "imgUrl": "https://handlaprivatkund.ica.se/images-v3/bf7a00ca-390e-4769-865f-dc369586872e/839d1e7a-a9b0-45f6-acb7-ff97024dc3f4/500x500.jpg",
    "productInformation": "",
    "countryText": "Frankrike",
    "companyText": "ICA",
    "ingrediensText": "",
    "storage": "",
    "allergens": "",
    "usage": "",
    "nutrition": [],
    "nutritionUnitText": "Näringsvärde per styck",
    "categories": {
      "mainCategory": "Frukt & Grönt",
      "subCategories": [
        {
          "name": "Grönsaker",
          "subSubCategories": [
            "Sallad",
            "Salladsmix"
          ]
        }
      ]
    }
  },
  {
    "name": "Persilja Flowpack 20g Klass 1 ICA",
    "weightText": "0.02 kg",
    "caPart": "",
    "weightValue": 0.02,
    "weightUnit": "kg",
    "comparePrice": "797,50 kr/kg",
    "currentPrice": 15.95,
    "attributes": [],
    "imgUrl": "https://handlaprivatkund.ica.se/images-v3/bf7a00ca-390e-4769-865f-dc369586872e/ad189c34-efc0-4f44-914c-c6fb5095359b/500x500.jpg",
    "productInformation": "Persilja har en mycket aromatisk och karakteristisk smak. Den är en vanlig smaksättare i grytor, soppor, gratänger och såser. För att behålla så mycket smak som möjligt bör den tillsättas sent vid tillagning.",
    "countryText": "EU",
    "companyText": "ICA",
    "ingrediensText": "",
    "storage": "Lägsta förvaringstemperatur 1°C Högsta förvaringstemperatur 4°C",
    "allergens": "",
    "usage": "",
    "nutrition": [],
    "nutritionUnitText": "",
    "categories": {
      "mainCategory": "Frukt & Grönt",
      "subCategories": [
        {
          "name": "Färska kryddor",
          "subSubCategories": [
            "Persilja"
          ]
        }
      ]
    }
  },
  {
    "name": "Kvisttomater 500g KRAV Klass 1 ICA I love eco",
    "weightText": "0.5 kg",
    "caPart": "",
    "weightValue": 0.5,
    "weightUnit": "kg",
    "comparePrice": "67,90 kr/kg",
    "currentPrice": 33.95,
    "attributes": [
      "EU Ekologiskt",
      "Ekologiskt"
    ],
    "imgUrl": "https://handlaprivatkund.ica.se/images-v3/bf7a00ca-390e-4769-865f-dc369586872e/de73ea80-aaeb-453e-9f2f-121d45d7f67d/500x500.jpg",
    "productInformation": "ICA Ekologisk Kvisttomat passar i sallader, mackor och grytor. Torka tomater: dela och pensla med olivolja, timjan, vitlök - baka i 90 grader i 4 timmar.",
    "countryText": "Spanien",
    "companyText": "ICA I love eco",
    "ingrediensText": "",
    "storage": "",
    "allergens": "",
    "usage": "",
    "nutrition": [],
    "nutritionUnitText": "",
    "categories": {
      "mainCategory": "Frukt & Grönt",
      "subCategories": [
        {
          "name": "Grönsaker",
          "subSubCategories": [
            "Tomat"
          ]
        }
      ]
    }
  },
  {
    "name": "Gul spetsig paprika 200g Klass 1 ICA Selection",
    "weightText": "0.2 kg",
    "caPart": "",
    "weightValue": 0.2,
    "weightUnit": "kg",
    "comparePrice": "124,75 kr/kg",
    "currentPrice": 24.95,
    "attributes": [],
    "imgUrl": "https://handlaprivatkund.ica.se/images-v3/bf7a00ca-390e-4769-865f-dc369586872e/2d0f50fd-71fc-4b4d-9e55-03e18ab1e998/500x500.jpg",
    "productInformation": "Riktigt krispig, mild och söt paprika som är fin och färgglad att blanda i salladen. Prova också att skära på längden, fylla halvorna och ugnsbaka.",
    "countryText": "Estland",
    "companyText": "ICA",
    "ingrediensText": "",
    "storage": "",
    "allergens": "",
    "usage": "",
    "nutrition": [],
    "nutritionUnitText": "",
    "categories": {
      "mainCategory": "Frukt & Grönt",
      "subCategories": [
        {
          "name": "Grönsaker",
          "subSubCategories": [
            "Paprika"
          ]
        }
      ]
    }
  },
  {
    "name": "Dadlar mjölkchoklad och kokos 130g Klass 1 ICA",
    "weightText": "0.13 kg",
    "caPart": "",
    "weightValue": 0.13,
    "weightUnit": "kg",
    "comparePrice": "191,92 kr/kg",
    "currentPrice": 24.95,
    "attributes": [],
    "imgUrl": "https://handlaprivatkund.ica.se/images-v3/bf7a00ca-390e-4769-865f-dc369586872e/e31d8430-904f-43c3-816f-14f9472267ce/500x500.jpg",
    "productInformation": "",
    "countryText": "",
    "companyText": "ICA",
    "ingrediensText": "Dadlar 59%, mjölkchoklad 39% (socker, mjölkpulver, kakaosmör, kakaomassa, emulgeringsmedel sojalecitin, vaniljarom), inulin (fiber från cikoriarot). Kokosflingor. Rester av enstaka kärnor kan förekomma. Kan innehålla spår av jordnötter, hasselnötter och mandel.",
    "storage": "",
    "allergens": "",
    "usage": "",
    "nutrition": [
      {
        "Näringsvärde": "Energi (kcal)",
        "100 Gram": "406 kcal"
      },
      {
        "Näringsvärde": "Energi (kJ)",
        "100 Gram": "1700 kJ"
      },
      {
        "Näringsvärde": "Fett",
        "100 Gram": "14 g"
      },
      {
        "Näringsvärde": "Varav mättat fett",
        "100 Gram": "8.7 g"
      },
      {
        "Näringsvärde": "Kolhydrat",
        "100 Gram": "63 g"
      },
      {
        "Näringsvärde": "Varav sockerarter",
        "100 Gram": "61 g"
      },
      {
        "Näringsvärde": "Fiber",
        "100 Gram": "5.8 g"
      },
      {
        "Näringsvärde": "Protein",
        "100 Gram": "3.9 g"
      },
      {
        "Näringsvärde": "Salt",
        "100 Gram": "0.1 g"
      }
    ],
    "nutritionUnitText": "Näringsvärde per 100 gram",
    "categories": {
      "mainCategory": "Jul",
      "subCategories": [
        {
          "name": "Glöggmingel",
          "subSubCategories": [
            "Julnötter, Dadlar & Fikon"
          ]
        }
      ]
    }
  },
  {
    "name": "Citrongräs 50g Klass 1 ICA",
    "weightText": "0.05 kg",
    "caPart": "",
    "weightValue": 0.05,
    "weightUnit": "kg",
    "comparePrice": "599,00 kr/kg",
    "currentPrice": 29.95,
    "attributes": [],
    "imgUrl": "https://handlaprivatkund.ica.se/images-v3/bf7a00ca-390e-4769-865f-dc369586872e/f83b32fb-3ef6-450c-ae2c-6ab6430f1407/500x500.jpg",
    "productInformation": "Fräsch smaksättare som ger fin och lite parfymerad citruston. Finstrimla eller krossa stjälken och låt koka med i asiatiska soppor, såser och grytor.",
    "countryText": "Thailand",
    "companyText": "ICA",
    "ingrediensText": "",
    "storage": "",
    "allergens": "",
    "usage": "",
    "nutrition": [],
    "nutritionUnitText": "",
    "categories": {
      "mainCategory": "Frukt & Grönt",
      "subCategories": [
        {
          "name": "Färska kryddor",
          "subSubCategories": [
            "Övriga färska kryddor"
          ]
        }
      ]
    }
  },
  {
    "name": "Haricots Verts 150g Klass 1 ICA",
    "weightText": "0.15 kg",
    "caPart": "",
    "weightValue": 0.15,
    "weightUnit": "kg",
    "comparePrice": "206,33 kr/kg",
    "currentPrice": 30.95,
    "attributes": [
      "Från Sverige",
      "Ursprungsland Sverige"
    ],
    "imgUrl": "https://handlaprivatkund.ica.se/images-v3/bf7a00ca-390e-4769-865f-dc369586872e/a22c4c6f-1918-42ce-8a34-39324d5e537c/500x500.jpg",
    "productInformation": "",
    "countryText": "Sverige",
    "companyText": "ICA",
    "ingrediensText": "",
    "storage": "Lägsta förvaringstemperatur 1°C Högsta förvaringstemperatur 4°C",
    "allergens": "",
    "usage": "",
    "nutrition": [],
    "nutritionUnitText": "",
    "categories": {
      "mainCategory": "Frukt & Grönt",
      "subCategories": [
        {
          "name": "Grönsaker",
          "subSubCategories": [
            "Ärtor & Bönor",
            "Haricots verts"
          ]
        }
      ]
    }
  },
  {
    "name": "Kastanjechampinjon Ekologisk 200g ICA I love eco Klass 1",
    "weightText": "0.2 kg",
    "caPart": "",
    "weightValue": 0.2,
    "weightUnit": "kg",
    "comparePrice": "164,75 kr/kg",
    "currentPrice": 32.95,
    "attributes": [
      "EU Ekologiskt",
      "Ursprungsland Sverige",
      "Ekologiskt"
    ],
    "imgUrl": "https://handlaprivatkund.ica.se/images-v3/bf7a00ca-390e-4769-865f-dc369586872e/a4dd1c7e-e047-464f-9f1f-ed309f8d5065/500x500.jpg",
    "productInformation": "",
    "countryText": "Sverige",
    "companyText": "ICA I love eco",
    "ingrediensText": "",
    "storage": "",
    "allergens": "",
    "usage": "",
    "nutrition": [],
    "nutritionUnitText": "",
    "categories": {
      "mainCategory": "Frukt & Grönt",
      "subCategories": [
        {
          "name": "Svamp",
          "subSubCategories": [
            "Champinjoner"
          ]
        }
      ]
    }
  },
  {
    "name": "Salladslök 125g Klass 1 ICA",
    "weightText": "0.125 kg",
    "caPart": "",
    "weightValue": 0.125,
    "weightUnit": "kg",
    "comparePrice": "175,60 kr/kg",
    "currentPrice": 21.95,
    "attributes": [],
    "imgUrl": "https://handlaprivatkund.ica.se/images-v3/bf7a00ca-390e-4769-865f-dc369586872e/21cb5fb1-e381-4cc2-a658-267aa4197eeb/500x500.jpg",
    "productInformation": "",
    "countryText": "Spanien",
    "companyText": "ICA",
    "ingrediensText": "",
    "storage": "Lägsta förvaringstemperatur 1°C Högsta förvaringstemperatur 4°C",
    "allergens": "",
    "usage": "",
    "nutrition": [],
    "nutritionUnitText": "",
    "categories": {
      "mainCategory": "Frukt & Grönt",
      "subCategories": [
        {
          "name": "Lök",
          "subSubCategories": [
            "Salladslök"
          ]
        }
      ]
    }
  },
  {
    "name": "Grönkål 200g ICA",
    "weightText": "0.2 kg",
    "caPart": "",
    "weightValue": 0.2,
    "weightUnit": "kg",
    "comparePrice": "139,75 kr/kg",
    "currentPrice": 27.95,
    "attributes": [
      "Ursprungsland Sverige"
    ],
    "imgUrl": "https://handlaprivatkund.ica.se/images-v3/bf7a00ca-390e-4769-865f-dc369586872e/4717a341-2050-4634-ba54-18b4d366473a/500x500.jpg",
    "productInformation": "",
    "countryText": "Sverige",
    "companyText": "ICA",
    "ingrediensText": "Grönkål",
    "storage": "Lägsta förvaringstemperatur 1°C Högsta förvaringstemperatur 4°C",
    "allergens": "",
    "usage": "",
    "nutrition": [
      {
        "Näringsvärde": "Energi (kcal)",
        "100 Gram": "40 kcal"
      },
      {
        "Näringsvärde": "Energi (kJ)",
        "100 Gram": "170 kJ"
      },
      {
        "Näringsvärde": "Fett",
        "100 Gram": "0.7 g"
      },
      {
        "Näringsvärde": "Varav mättat fett",
        "100 Gram": "0 g"
      },
      {
        "Näringsvärde": "Kolhydrat",
        "100 Gram": "3.2 g"
      },
      {
        "Näringsvärde": "Varav sockerarter",
        "100 Gram": "2.1 g"
      },
      {
        "Näringsvärde": "Fiber",
        "100 Gram": "3.7 g"
      },
      {
        "Näringsvärde": "Protein",
        "100 Gram": "3.4 g"
      },
      {
        "Näringsvärde": "Salt",
        "100 Gram": "0.1 g"
      }
    ],
    "nutritionUnitText": "",
    "categories": {
      "mainCategory": "Frukt & Grönt",
      "subCategories": [
        {
          "name": "Kål",
          "subSubCategories": [
            "Grönkål"
          ]
        }
      ]
    }
  },
  {
    "name": "Dadlar Fizzy Bottle 125g Dave & Jon's",
    "weightText": "0.125 kg",
    "caPart": "",
    "weightValue": 0.125,
    "weightUnit": "kg",
    "comparePrice": "196,00 kr/kg",
    "currentPrice": 24.5,
    "attributes": [],
    "imgUrl": "https://handlaprivatkund.ica.se/images-v3/bf7a00ca-390e-4769-865f-dc369586872e/ff6080b6-397e-4e33-b34f-5ee3a6c7f8c0/500x500.jpg",
    "productInformation": "",
    "countryText": "",
    "companyText": "DAVE & JON'S",
    "ingrediensText": "Dadlar, fiber från/fra cikoriarot, vegetabilisk olja (kokos, shea), arom, surhetsreglerande medel (äppelsyra). Kan innehålla/indeholde spår/spor av/af: JORDNÖTTER/PEANØTTER/JORDNØDDER, NÖTTER/NØTTER/NØDDER, SOJA/SOYA. *KAN INNEHÅLLA/INDEHOLDE ENSTAKA KÄRNOR/KJERNER/KERNER ELLER KÄRNRESTER/KJERNERESTER/KERNERESTER.",
    "storage": "Förvaras torrt och svalt. Högsta förvaringstemperatur 20°C",
    "allergens": "",
    "usage": "",
    "nutrition": [
      {
        "Näringsvärde": "Energi (kcal)",
        "100 Gram": "320 kcal"
      },
      {
        "Näringsvärde": "Energi (kJ)",
        "100 Gram": "1340 kJ"
      },
      {
        "Näringsvärde": "Fett",
        "100 Gram": "3 g"
      },
      {
        "Näringsvärde": "Varav mättat fett",
        "100 Gram": "1.8 g"
      },
      {
        "Näringsvärde": "Kolhydrat",
        "100 Gram": "64.8 g"
      },
      {
        "Näringsvärde": "Varav sockerarter",
        "100 Gram": "52.3 g"
      },
      {
        "Näringsvärde": "Fiber",
        "100 Gram": "11.4 g"
      },
      {
        "Näringsvärde": "Protein",
        "100 Gram": "2.1 g"
      },
      {
        "Näringsvärde": "Salt",
        "100 Gram": "0 g"
      }
    ],
    "nutritionUnitText": "Näringsvärde per 100 gram",
    "categories": {
      "mainCategory": "Glass, Godis & Snacks",
      "subCategories": [
        {
          "name": "Naturgodis, Nötter & Bars",
          "subSubCategories": [
            "Naturgodis"
          ]
        }
      ]
    }
  },
  {
    "name": "Gulbetor 500 Gram ICA Klass 1",
    "weightText": "0.5 kg",
    "caPart": "",
    "weightValue": 0.5,
    "weightUnit": "kg",
    "comparePrice": "49,90 kr/kg",
    "currentPrice": 24.95,
    "attributes": [
      "Från Sverige"
    ],
    "imgUrl": "https://handlaprivatkund.ica.se/images-v3/bf7a00ca-390e-4769-865f-dc369586872e/84ff1094-d632-4998-8d0d-ce56aab54ee2/500x500.jpg",
    "productInformation": "Gulbetor är precis som rödbetor goda både kokta, ungsbakade och inlagda. De ger med sin vackert gula färg en fin färgvariation till dina rätter.",
    "countryText": "",
    "companyText": "ICA",
    "ingrediensText": "",
    "storage": "",
    "allergens": "",
    "usage": "",
    "nutrition": [],
    "nutritionUnitText": "",
    "categories": {
      "mainCategory": "Frukt & Grönt",
      "subCategories": [
        {
          "name": "Rotfrukter",
          "subSubCategories": [
            "Betor",
            "Gulbetor"
          ]
        }
      ]
    }
  },
  {
    "name": "Thaibasilika Ekologisk 1-p KRAV Klass 1 ICA I",
    "weightText": "",
    "caPart": "",
    "weightValue": 0,
    "weightUnit": "",
    "comparePrice": "",
    "currentPrice": 21.95,
    "attributes": [
      "Från Sverige",
      "EU Ekologiskt",
      "Ursprungsland Sverige",
      "Ekologiskt",
      "KRAV"
    ],
    "imgUrl": "https://handlaprivatkund.ica.se/images-v3/bf7a00ca-390e-4769-865f-dc369586872e/985594dc-c78b-4833-a1ba-2b89aab7a810/500x500.jpg",
    "productInformation": "",
    "countryText": "Sverige",
    "companyText": "ICA I love eco",
    "ingrediensText": "",
    "storage": "Lägsta förvaringstemperatur 12°C Högsta förvaringstemperatur 16°C",
    "allergens": "",
    "usage": "",
    "nutrition": [],
    "nutritionUnitText": "",
    "categories": {
      "mainCategory": "Frukt & Grönt",
      "subCategories": [
        {
          "name": "Färska kryddor",
          "subSubCategories": [
            "Basilika"
          ]
        }
      ]
    }
  },
  {
    "name": "Aubergine Ekologisk 225g Klass 1 ICA I love eco",
    "weightText": "0.225 kg",
    "caPart": "",
    "weightValue": 0.225,
    "weightUnit": "kg",
    "comparePrice": "110,89 kr/kg",
    "currentPrice": 24.95,
    "attributes": [
      "EU Ekologiskt",
      "Ekologiskt",
      "KRAV"
    ],
    "imgUrl": "https://handlaprivatkund.ica.se/images-v3/bf7a00ca-390e-4769-865f-dc369586872e/84137e19-363f-40a2-be1c-7147b15ecfaa/500x500.jpg",
    "productInformation": "",
    "countryText": "Spanien",
    "companyText": "ICA I love eco",
    "ingrediensText": "",
    "storage": "",
    "allergens": "",
    "usage": "",
    "nutrition": [],
    "nutritionUnitText": "",
    "categories": {
      "mainCategory": "Frukt & Grönt",
      "subCategories": [
        {
          "name": "Grönsaker",
          "subSubCategories": [
            "Aubergine"
          ]
        }
      ]
    }
  },
  {
    "name": "Krasse Smörgås EKO 8st Plastask Klass 1",
    "weightText": "",
    "caPart": "",
    "weightValue": 0,
    "weightUnit": "",
    "comparePrice": "",
    "currentPrice": 15.95,
    "attributes": [
      "Ursprungsland Sverige"
    ],
    "imgUrl": "https://handlaprivatkund.ica.se/images-v3/bf7a00ca-390e-4769-865f-dc369586872e/4037cb3c-fcc3-469b-a86d-97937d2608a1/500x500.jpg",
    "productInformation": "",
    "countryText": "Sverige",
    "companyText": "",
    "ingrediensText": "",
    "storage": "Lägsta förvaringstemperatur 1°C Högsta förvaringstemperatur 4°C",
    "allergens": "",
    "usage": "",
    "nutrition": [],
    "nutritionUnitText": "",
    "categories": {
      "mainCategory": "Frukt & Grönt",
      "subCategories": [
        {
          "name": "Grönsaker",
          "subSubCategories": [
            "Groddar"
          ]
        }
      ]
    }
  },
  {
    "name": "Dadlar Kanelbulle 125g Dave & Jon's",
    "weightText": "0.125 kg",
    "caPart": "",
    "weightValue": 0.125,
    "weightUnit": "kg",
    "comparePrice": "196,00 kr/kg",
    "currentPrice": 24.5,
    "attributes": [],
    "imgUrl": "https://handlaprivatkund.ica.se/images-v3/bf7a00ca-390e-4769-865f-dc369586872e/f3d14501-0d83-4237-bc08-f0acbf743bba/500x500.jpg",
    "productInformation": ".",
    "countryText": "",
    "companyText": "DAVE & JON'S",
    "ingrediensText": "Dadlar, HAVRE, MANDELMJÖL/MANDELMEL, vegetabilisk olja (kokos, shea), kanel, arom, salt. Kan innehålla/indeholde spår/spor av/af: JORDNÖTTER/PEANØTTER/JORDNØDDER, NÖTTER/NØTTER/NØDDER, SOJA/SOYA.",
    "storage": "Förvaras torrt och svalt.",
    "allergens": "",
    "usage": ". \n \n Kan innehålla/indeholde enstaka kärnor/kjerner/kerner eller kärnrester/ kjernerester/kernerester.",
    "nutrition": [
      {
        "Näringsvärde": "Energi (kcal)",
        "100 Gram": "354 kcal"
      },
      {
        "Näringsvärde": "Energi (kJ)",
        "100 Gram": "1480 kJ"
      },
      {
        "Näringsvärde": "Fett",
        "100 Gram": "6.9 g"
      },
      {
        "Näringsvärde": "Varav mättat fett",
        "100 Gram": "3.2 g"
      },
      {
        "Näringsvärde": "Kolhydrat",
        "100 Gram": "64.5 g"
      },
      {
        "Näringsvärde": "Varav sockerarter",
        "100 Gram": "49.9 g"
      },
      {
        "Näringsvärde": "Fiber",
        "100 Gram": "8 g"
      },
      {
        "Näringsvärde": "Protein",
        "100 Gram": "3.4 g"
      },
      {
        "Näringsvärde": "Salt",
        "100 Gram": "0.16 g"
      }
    ],
    "nutritionUnitText": "Näringsvärde per 100 gram",
    "categories": {
      "mainCategory": "Frukt & Grönt",
      "subCategories": [
        {
          "name": "Frukt",
          "subSubCategories": [
            "Exotisk frukt",
            "Dadlar"
          ]
        }
      ]
    }
  },
  {
    "name": "Pumpa Butternut ca 900g Klass 1 ICA",
    "weightText": "Ca 900 g",
    "caPart": "Ca",
    "weightValue": 900,
    "weightUnit": "g",
    "comparePrice": "29,95 kr/kg",
    "currentPrice": 26.96,
    "attributes": [],
    "imgUrl": "https://handlaprivatkund.ica.se/images-v3/bf7a00ca-390e-4769-865f-dc369586872e/fc757d14-50b1-4b9d-9e9c-d5a263d7cb9a/500x500.jpg",
    "productInformation": "",
    "countryText": "Spanien",
    "companyText": "",
    "ingrediensText": "",
    "storage": "Lägsta förvaringstemperatur 12°C Högsta förvaringstemperatur 16°C",
    "allergens": "",
    "usage": "",
    "nutrition": [],
    "nutritionUnitText": "",
    "categories": {
      "mainCategory": "Frukt & Grönt",
      "subCategories": [
        {
          "name": "Grönsaker",
          "subSubCategories": [
            "Pumpa"
          ]
        }
      ]
    }
  },
  {
    "name": "Dadlar Sour Watermelon 125g DAVE & JON'S",
    "weightText": "0.125 kg",
    "caPart": "",
    "weightValue": 0.125,
    "weightUnit": "kg",
    "comparePrice": "196,00 kr/kg",
    "currentPrice": 24.5,
    "attributes": [],
    "imgUrl": "https://handlaprivatkund.ica.se/images-v3/bf7a00ca-390e-4769-865f-dc369586872e/7aa58932-98a9-4302-8500-b48ed67b3772/500x500.jpg",
    "productInformation": "",
    "countryText": "",
    "companyText": "DAVE & JON'S",
    "ingrediensText": "Dadlar, fiber från/fra cikoriarot, vegetabilisk olja (kokos, shea), arom, surhetsreglerande medel (äppelsyra). Kan innehålla/indeholde spår/spor av/af: JORDNÖTTER/PEANØTTER/JORDNØDDER, NÖTTER/NØTTER/NØDDER, SOJA/SOYA. *KAN INNEHÅLLA/INDEHOLDE ENSTAKA KÄRNOR/KJERNER/KERNER ELLER KÄRNRESTER/KJERNERESTER/KERNERESTER.",
    "storage": "Förvaras torrt och svalt. Lägsta förvaringstemperatur 1°C Högsta förvaringstemperatur 20°C",
    "allergens": "",
    "usage": "",
    "nutrition": [
      {
        "Näringsvärde": "Energi (kcal)",
        "100 Gram": "320 kcal"
      },
      {
        "Näringsvärde": "Energi (kJ)",
        "100 Gram": "1340 kJ"
      },
      {
        "Näringsvärde": "Fett",
        "100 Gram": "3 g"
      },
      {
        "Näringsvärde": "Varav mättat fett",
        "100 Gram": "1.8 g"
      },
      {
        "Näringsvärde": "Kolhydrat",
        "100 Gram": "64.8 g"
      },
      {
        "Näringsvärde": "Varav sockerarter",
        "100 Gram": "52.3 g"
      },
      {
        "Näringsvärde": "Fiber",
        "100 Gram": "11.4 g"
      },
      {
        "Näringsvärde": "Protein",
        "100 Gram": "2.1 g"
      },
      {
        "Näringsvärde": "Salt",
        "100 Gram": "0 g"
      }
    ],
    "nutritionUnitText": "Näringsvärde per 100 gram",
    "categories": {
      "mainCategory": "Frukt & Grönt",
      "subCategories": [
        {
          "name": "Frukt",
          "subSubCategories": [
            "Exotisk frukt",
            "Dadlar"
          ]
        }
      ]
    }
  },
  {
    "name": "Soppgrönsaker 500g Klass 1 ICA",
    "weightText": "0.5 kg",
    "caPart": "",
    "weightValue": 0.5,
    "weightUnit": "kg",
    "comparePrice": "49,90 kr/kg",
    "currentPrice": 24.95,
    "attributes": [],
    "imgUrl": "https://handlaprivatkund.ica.se/images-v3/bf7a00ca-390e-4769-865f-dc369586872e/a2fce9fe-7e4e-4466-be14-58a9b392f622/500x500.jpg",
    "productInformation": "",
    "countryText": "",
    "companyText": "ICA",
    "ingrediensText": "",
    "storage": "",
    "allergens": "",
    "usage": "",
    "nutrition": [],
    "nutritionUnitText": "",
    "categories": {
      "mainCategory": "Frukt & Grönt",
      "subCategories": [
        {
          "name": "Rotfrukter",
          "subSubCategories": [
            "Övriga rotfrukter"
          ]
        }
      ]
    }
  },
  {
    "name": "Dadlar Strawberry Milkshake 125g DAVE & JON'S",
    "weightText": "0.125 kg",
    "caPart": "",
    "weightValue": 0.125,
    "weightUnit": "kg",
    "comparePrice": "196,00 kr/kg",
    "currentPrice": 24.5,
    "attributes": [],
    "imgUrl": "https://handlaprivatkund.ica.se/images-v3/bf7a00ca-390e-4769-865f-dc369586872e/04b874d8-f1fa-4062-b904-1e3ec05f6dda/500x500.jpg",
    "productInformation": "",
    "countryText": "",
    "companyText": "DAVE & JON'S",
    "ingrediensText": "Dadlar, fiber från/fra cikoriarot, jordgubbs/jordbær-pulver 2%, vegetabilisk olja (kokos, shea), arom, surhetsreglerande medel (äppelsyra). Kan innehålla/indeholde spår/spor av/af: JORDNÖTTER/PEANØTTER/JORDNØDDER, NÖTTER/NØTTER/NØDDER, SOJA/SOYA. *KAN INNEHÅLLA/INDEHOLDE ENSTAKA KÄRNOR/KJERNER/KERNER ELLER KÄRNRESTER/KJERNERESTER/KERNERESTER.",
    "storage": "Förvaras torrt och svalt. Lägsta förvaringstemperatur 1°C Högsta förvaringstemperatur 20°C",
    "allergens": "",
    "usage": "",
    "nutrition": [
      {
        "Näringsvärde": "Energi (kcal)",
        "100 Gram": "325 kcal"
      },
      {
        "Näringsvärde": "Energi (kJ)",
        "100 Gram": "1360 kJ"
      },
      {
        "Näringsvärde": "Fett",
        "100 Gram": "3 g"
      },
      {
        "Näringsvärde": "Varav mättat fett",
        "100 Gram": "1.8 g"
      },
      {
        "Näringsvärde": "Kolhydrat",
        "100 Gram": "64.7 g"
      },
      {
        "Näringsvärde": "Varav sockerarter",
        "100 Gram": "52.5 g"
      },
      {
        "Näringsvärde": "Fiber",
        "100 Gram": "12.1 g"
      },
      {
        "Näringsvärde": "Protein",
        "100 Gram": "2.3 g"
      },
      {
        "Näringsvärde": "Salt",
        "100 Gram": "0 g"
      }
    ],
    "nutritionUnitText": "Näringsvärde per 100 gram",
    "categories": {
      "mainCategory": "Frukt & Grönt",
      "subCategories": [
        {
          "name": "Frukt",
          "subSubCategories": [
            "Exotisk frukt",
            "Dadlar"
          ]
        }
      ]
    }
  },

  {
    "name": "Räkor handskalade i lake 280g ICA",
    "weightText": "0.28 kg",
    "caPart": "",
    "weightValue": 0.28,
    "weightUnit": "kg",
    "comparePrice": "246,43 kr/kg u. spad",
    "currentPrice": 69,
    "attributes": [
      "MSC-märkt"
    ],
    "imgUrl": "https://handlaprivatkund.ica.se/images-v3/bf7a00ca-390e-4769-865f-dc369586872e/3e6fc040-e9f1-4c42-a207-16c63a305bac/500x500.jpg",
    "productInformation": "Handskalade räkor perfekta till sallad, räkmacka, pastarätter eller bara ätas som de är!",
    "countryText": "",
    "companyText": "ICA",
    "ingrediensText": "INGREDIENSER: RÄKOR* (Pandalus borealis), vatten, salt, surhetsreglerande medel (E330), socker, konserveringsmedel (E211, E202). *Räkor fångade med trålar i Nordvästatlanten FAO 21 och Nordostatlanten FAO 27",
    "storage": "Lägsta förvaringstemperatur 0°C Högsta förvaringstemperatur 4°C",
    "allergens": "",
    "usage": "",
    "nutrition": [
      {
        "Näringsvärde": "Energi (kcal)",
        "100 Gram": "75 kcal"
      },
      {
        "Näringsvärde": "Energi (kJ)",
        "100 Gram": "320 kJ"
      },
      {
        "Näringsvärde": "Fett",
        "100 Gram": "0.8 g"
      },
      {
        "Näringsvärde": "Varav mättat fett",
        "100 Gram": "0.5 g"
      },
      {
        "Näringsvärde": "Kolhydrat",
        "100 Gram": "1 g"
      },
      {
        "Näringsvärde": "Varav sockerarter",
        "100 Gram": "1 g"
      },
      {
        "Näringsvärde": "Protein",
        "100 Gram": "16 g"
      },
      {
        "Näringsvärde": "Salt",
        "100 Gram": "2.5 g"
      }
    ],
    "nutritionUnitText": "Näringsvärde per 100 gram",
    "categories": {
      "mainCategory": "Jul",
      "subCategories": [
        {
          "name": "Julmat",
          "subSubCategories": [
            "Ägg, Räkor & Majonnäs"
          ]
        }
      ]
    }
  },
  {
    "name": "Sprödpanerad torskfilé 4-p Fryst 360g ICA",
    "weightText": "0.36 kg",
    "caPart": "",
    "weightValue": 0.36,
    "weightUnit": "kg",
    "comparePrice": "138,75 kr/kg",
    "currentPrice": 49.95,
    "attributes": [
      "MSC-märkt"
    ],
    "imgUrl": "https://handlaprivatkund.ica.se/images-v3/bf7a00ca-390e-4769-865f-dc369586872e/f9bfd5b6-49a3-48a7-a495-f2b2560cb57a/500x500.jpg",
    "productInformation": "ICA Sprödpanerad Torskfilé är skurna filéer av torsk som vi har panerats i ströbröd. Allt du behöver göra är att steka upp dem. Passar ypperligt med kokt potatis eller ett härligt mos.",
    "countryText": "",
    "companyText": "ICA",
    "ingrediensText": "Renskurna filéer av TORSK* (Gadus morhua) 56%, ströbröd (VETEMJÖL, salt, druvsocker, jäst), vatten, rapsolja, VETEMJÖL, salt, citronjuicepulver, lök, socker, vitpeppar. *Fiskad med lina, snurrevad eller trål. Fångstzon Nordostatlanten FAO27. Enstaka ben kan förekomma.",
    "storage": "Lägsta förvaringstemperatur -25°C Högsta förvaringstemperatur -18°C",
    "allergens": "Innehåller Fisk Innehåller Spannmål som innehåller gluten",
    "usage": "",
    "nutrition": [
      {
        "Näringsvärde": "Energi (kcal)",
        "100 Gram": "219 kcal"
      },
      {
        "Näringsvärde": "Energi (kJ)",
        "100 Gram": "920 kJ"
      },
      {
        "Näringsvärde": "Fett",
        "100 Gram": "10 g"
      },
      {
        "Näringsvärde": "Varav mättat fett",
        "100 Gram": "0.8 g"
      },
      {
        "Näringsvärde": "Kolhydrat",
        "100 Gram": "19 g"
      },
      {
        "Näringsvärde": "Varav sockerarter",
        "100 Gram": "0.9 g"
      },
      {
        "Näringsvärde": "Fiber",
        "100 Gram": "0.7 g"
      },
      {
        "Näringsvärde": "Protein",
        "100 Gram": "13 g"
      },
      {
        "Näringsvärde": "Salt",
        "100 Gram": "0.76 g"
      }
    ],
    "nutritionUnitText": "Näringsvärde per 100 gram",
    "categories": {
      "mainCategory": "Fisk & Skaldjur",
      "subCategories": [
        {
          "name": "Färdiga fiskrätter",
          "subSubCategories": [
            "Fiskpinnar & Panerad fisk",
            "Panerad fisk"
          ]
        }
      ]
    }
  },
  {
    "name": "Torsk & laxtärningar Fryst 300g ICA",
    "weightText": "0.3 kg",
    "caPart": "",
    "weightValue": 0.3,
    "weightUnit": "kg",
    "comparePrice": "273,17 kr/kg",
    "currentPrice": 81.95,
    "attributes": [
      "Nyckelhålet"
    ],
    "imgUrl": "https://handlaprivatkund.ica.se/images-v3/bf7a00ca-390e-4769-865f-dc369586872e/039c91e8-3f12-47f4-8197-6270c42ab1ab/500x500.jpg",
    "productInformation": "ICA Torsk & Laxtärningar är frysta bitar som gör det enkelt att laga en snabb middag. De här bitarna passar perfekt både till grytor och soppor, men kan också användas i pastasås eller till nudlar. Eller varför inte en fisktaco! Förpackningen kan du dessutom återförsatta om du inte använder alltihop på en gång!",
    "countryText": "",
    "companyText": "ICA",
    "ingrediensText": "Tärningar av torskfilé* (Gadus morhua) 60%, och laxfilé** (Salmo salar) 40%. *Fångad i Nordostatlanten, fångstzon 27. Beroende på råvarutillgång varierar fångstområden och fångtmetoder för fisken. Dessa anges i ett kodsystem: A=Barents hav B=Norska havet 1=Fångad med trålar 2=Fångad med krokar och linor 3=Fångad med nät/garn 4=Fångad med notar. För aktuell information, se kod vid bäst före datum. Enstaka ben kan förekomma. **Odlad i Norge.",
    "storage": "",
    "allergens": "",
    "usage": "",
    "nutrition": [
      {
        "Näringsvärde": "Energi (kcal)",
        "100 Gram": "460 kcal"
      },
      {
        "Näringsvärde": "Energi (kJ)",
        "100 Gram": "110 kJ"
      },
      {
        "Näringsvärde": "Fett",
        "100 Gram": "10 g"
      },
      {
        "Näringsvärde": "Varav mättat fett",
        "100 Gram": "2 g"
      },
      {
        "Näringsvärde": "Kolhydrat",
        "100 Gram": "0 g"
      },
      {
        "Näringsvärde": "Varav sockerarter",
        "100 Gram": "0 g"
      },
      {
        "Näringsvärde": "Protein",
        "100 Gram": "18 g"
      },
      {
        "Näringsvärde": "Salt",
        "100 Gram": "0.17 g"
      }
    ],
    "nutritionUnitText": "Näringsvärde per 100 gram",
    "categories": {
      "mainCategory": "Fryst",
      "subCategories": [
        {
          "name": "Fryst fisk & Skaldjur",
          "subSubCategories": [
            "Fryst torsk & vitfisk"
          ]
        }
      ]
    }
  },
  {
    "name": "Laxfilé Fryst 4-p 500g Pacific brand",
    "weightText": "0.5 kg",
    "caPart": "",
    "weightValue": 0.5,
    "weightUnit": "kg",
    "comparePrice": "179,90 kr/kg",
    "currentPrice": 89.95,
    "attributes": [
      "Nyckelhålet"
    ],
    "imgUrl": "https://handlaprivatkund.ica.se/images-v3/bf7a00ca-390e-4769-865f-dc369586872e/c9e5c380-b80b-436f-b2f6-a224a3365e48/500x500.jpg",
    "productInformation": "Pacific Laxfilé är frysta filéer som är bra att ha i frysen för att snabbt plocka fram till en god middag. Filéerna varierer lite i stolek men är en perfekt start på en god middag.",
    "countryText": "",
    "companyText": "Pacific brand",
    "ingrediensText": "LAXFILÉ* (Salmo salar) utan skinn. *Odlad i Norge. Enstaka ben kan förekomma.",
    "storage": "Lägsta förvaringstemperatur -25°C Högsta förvaringstemperatur -18°C",
    "allergens": "Innehåller Fisk",
    "usage": "",
    "nutrition": [
      {
        "Näringsvärde": "Energi (kcal)",
        "100 Gram": "180 kcal"
      },
      {
        "Näringsvärde": "Energi (kJ)",
        "100 Gram": "750 kJ"
      },
      {
        "Näringsvärde": "Fett",
        "100 Gram": "12 g"
      },
      {
        "Näringsvärde": "Varav mättat fett",
        "100 Gram": "2.6 g"
      },
      {
        "Näringsvärde": "Kolhydrat",
        "100 Gram": "0 g"
      },
      {
        "Näringsvärde": "Varav sockerarter",
        "100 Gram": "0 g"
      },
      {
        "Näringsvärde": "Protein",
        "100 Gram": "18 g"
      }
    ],
    "nutritionUnitText": "Näringsvärde per 100 gram",
    "categories": {
      "mainCategory": "Fryst",
      "subCategories": [
        {
          "name": "Fryst fisk & Skaldjur",
          "subSubCategories": [
            "Fryst lax"
          ]
        }
      ]
    }
  },
  {
    "name": "Kaviar original 300g Kalles",
    "weightText": "0.3 kg",
    "caPart": "",
    "weightValue": 0.3,
    "weightUnit": "kg",
    "comparePrice": "115,00 kr/kg",
    "currentPrice": 34.5,
    "attributes": [
      "MSC-märkt"
    ],
    "imgUrl": "https://handlaprivatkund.ica.se/images-v3/bf7a00ca-390e-4769-865f-dc369586872e/99a306dc-c970-4e99-b183-c8e0d97bea24/500x500.jpg",
    "productInformation": "Kalles Original 300g är en stor tub för dig som verkligen älskar Kalles. Kaviaren är gjord på mildrökt rom och passar utmärkt som pålägg på frukostmackan, mellanmålet eller till kokta ägg! Kalles kaviar har varit hela Sveriges oersättliga favorit på frukostbordet sedan 1954. Kalles kaviar görs av utvald rom från torsk & sej som fiskas framför allt i Nordnorge (Norska Havet & Barents hav). Kalles kaviar tillverkas i Sverige, i den idylliska fiskorten Kungshamn på västkusten. Vill du ta del av Kalles värld eller inspireras av riktigt smarriga kaviarmackor - besök kalles.se.",
    "countryText": "",
    "companyText": "Kalles",
    "ingrediensText": "Rökt sockersaltad rom från TORSKFISKAR (52%), rapsolja, socker, potatisflingor, tomatpuré, salt, konserveringsmedel (kaliumsorbat), antioxidationsmedel (askorbinsyra)",
    "storage": "I kylskåp 2-8 °C",
    "allergens": "",
    "usage": "",
    "nutrition": [
      {
        "Näringsvärde": "Energi (kcal)",
        "100 Gram": "401 kcal"
      },
      {
        "Näringsvärde": "Energi (kJ)",
        "100 Gram": "1679 kJ"
      },
      {
        "Näringsvärde": "Fett",
        "100 Gram": "34 g"
      },
      {
        "Näringsvärde": "Varav mättat fett",
        "100 Gram": "2.5 g"
      },
      {
        "Näringsvärde": "Kolhydrat",
        "100 Gram": "16 g"
      },
      {
        "Näringsvärde": "Varav sockerarter",
        "100 Gram": "12 g"
      },
      {
        "Näringsvärde": "Protein",
        "100 Gram": "8.7 g"
      },
      {
        "Näringsvärde": "Salt",
        "100 Gram": "6.3 g"
      }
    ],
    "nutritionUnitText": "Näringsvärde per 100 gram",
    "categories": {
      "mainCategory": "Fisk & Skaldjur",
      "subCategories": [
        {
          "name": "Kaviar & Rom",
          "subSubCategories": [
            "Kaviar"
          ]
        }
      ]
    }
  },
  {
    "name": "Fish & crisp gourmetfiléer 480g Findus",
    "weightText": "0.48 kg",
    "caPart": "",
    "weightValue": 0.48,
    "weightUnit": "kg",
    "comparePrice": "122,81 kr/kg",
    "currentPrice": 58.95,
    "attributes": [
      "MSC-märkt"
    ],
    "imgUrl": "https://handlaprivatkund.ica.se/images-v3/bf7a00ca-390e-4769-865f-dc369586872e/99cc60d8-ee48-4bfc-b816-d5f355658040/500x500.jpg",
    "productInformation": "Information från leverantör \n KLASSIKER FRÅN ENGLAND. Findus Fish & Crisp gourmetfiléer har en extra krispig och unik panering, som är typisk för den oemotståndligt goda brittiska klassikern Fish'n chips. Vi har fiskat ansvarsfullt, fryst fisken snabbt och sedan panerat den gyllene och frasig. Smaklig måltid!",
    "countryText": "",
    "companyText": "Findus",
    "ingrediensText": "Filéer av Alaska pollock* (FISK) 56 % (Theragra chalcogramma), berikat VETEMJÖL (VETEMJÖL, mineraler [kalcium, järn], vitaminer [niacin, tiamin]), vatten, rapsolja, VETESTÄRKELSE, bakpulver (E450, E500), salt, rismjöl, majsmjöl, druvsocker, SENAP, vitlökspulver, VETEGLUTEN, naturliga aromer (med SENAP), paprika, kryddextrakt, karamelliserat socker. Kan innehålla spår av MJÖLK. *Fiskad i nordöstra eller nordvästra Stillahavet.",
    "storage": "FÖRVARING OCH MINSTA HÅLLBARHET: I frysutrymme (-18ºC eller kallare), se datummärkning. Bör alltid förvaras fryst. Bör ej frysas efter upptining. Lägsta förvaringstemperatur -25°C Högsta förvaringstemperatur -18°C",
    "allergens": "Innehåller Spannmål som innehåller gluten Innehåller Senap Kan innehålla Mjölk Innehåller Fisk",
    "usage": "",
    "nutrition": [
      {
        "Näringsvärde": "Energi (kcal)",
        "100 Gram": "216 kcal"
      },
      {
        "Näringsvärde": "Energi (kJ)",
        "100 Gram": "905 kJ"
      },
      {
        "Näringsvärde": "Fett",
        "100 Gram": "11 g"
      },
      {
        "Näringsvärde": "Varav mättat fett",
        "100 Gram": "0.8 g"
      },
      {
        "Näringsvärde": "Kolhydrat",
        "100 Gram": "17 g"
      },
      {
        "Näringsvärde": "Varav sockerarter",
        "100 Gram": "0.5 g"
      },
      {
        "Näringsvärde": "Fiber",
        "100 Gram": "0.6 g"
      },
      {
        "Näringsvärde": "Protein",
        "100 Gram": "12 g"
      },
      {
        "Näringsvärde": "Salt",
        "100 Gram": "0.73 g"
      }
    ],
    "nutritionUnitText": "Näringsvärde per 100 gram",
    "categories": {
      "mainCategory": "Fisk & Skaldjur",
      "subCategories": [
        {
          "name": "Färdiga fiskrätter",
          "subSubCategories": [
            "Fiskpinnar & Panerad fisk",
            "Panerad fisk"
          ]
        }
      ]
    }
  },
  {
    "name": "Torskryggfilé MSC 420g Findus",
    "weightText": "0.42 kg",
    "caPart": "",
    "weightValue": 0.42,
    "weightUnit": "kg",
    "comparePrice": "316,67 kr/kg",
    "currentPrice": 133,
    "attributes": [
      "Nyckelhålet",
      "MSC-märkt"
    ],
    "imgUrl": "https://handlaprivatkund.ica.se/images-v3/bf7a00ca-390e-4769-865f-dc369586872e/1cec60ab-15db-4de8-89f8-dd032991dd8e/500x500.jpg",
    "productInformation": "Vår finaste torsk! Vi anser att torskryggen är bland det finaste man kan få från havet, vi kallar den därför för havets oxfilé. I paketet hittar du 3 fina portionsbitar av torskryggsfilé färdiga att tillaga och perfekta att grilla. Torskrygg i ugn, stekt torskrygg eller varför inte en härlig fisksoppa.",
    "countryText": "",
    "companyText": "Findus",
    "ingrediensText": "Renskurna filéer av torsk* (Gadus morhua). *Fiskad i Nordostatlanten (Barents hav, Norska havet, Spetsbergen eller Björnön) med trålar, notar eller krokar och linor. Trots stor noggrannhet med att ta bort alla fiskben kan det finnas ben kvar.",
    "storage": "I frysutrymme (-18ºC eller kallare), se datummärkning.Bör alltid förvaras fryst. Bör ej frysas efter upptining. Lägsta förvaringstemperatur -25°C Högsta förvaringstemperatur -18°C",
    "allergens": "Innehåller Fisk",
    "usage": "",
    "nutrition": [
      {
        "Näringsvärde": "Energi (kcal)",
        "100 Gram": "73 kcal"
      },
      {
        "Näringsvärde": "Energi (kJ)",
        "100 Gram": "308 kJ"
      },
      {
        "Näringsvärde": "Fett",
        "100 Gram": "0.5 g"
      },
      {
        "Näringsvärde": "Varav mättat fett",
        "100 Gram": "0.1 g"
      },
      {
        "Näringsvärde": "Kolhydrat",
        "100 Gram": "0 g"
      },
      {
        "Näringsvärde": "Varav sockerarter",
        "100 Gram": "0 g"
      },
      {
        "Näringsvärde": "Fiber",
        "100 Gram": "0 g"
      },
      {
        "Näringsvärde": "Protein",
        "100 Gram": "17 g"
      },
      {
        "Näringsvärde": "Salt",
        "100 Gram": "0.25 g"
      }
    ],
    "nutritionUnitText": "Näringsvärde per 100 gram",
    "categories": {
      "mainCategory": "Fryst",
      "subCategories": [
        {
          "name": "Fryst fisk & Skaldjur",
          "subSubCategories": [
            "Fryst torsk & vitfisk"
          ]
        }
      ]
    }
  },
  {
    "name": "Fiskpinnar 750g Findus",
    "weightText": "0.75 kg",
    "caPart": "",
    "weightValue": 0.75,
    "weightUnit": "kg",
    "comparePrice": "71,93 kr/kg",
    "currentPrice": 53.95,
    "attributes": [
      "Nyckelhålet",
      "MSC-märkt"
    ],
    "imgUrl": "https://handlaprivatkund.ica.se/images-v3/bf7a00ca-390e-4769-865f-dc369586872e/776b2e82-8feb-4efe-a412-f25c14a4f1b6/500x500.jpg",
    "productInformation": "En förpackning med 30st av Findus goda klassiska fiskpinnar. Fiskpinnarna blir snabbt en favorit i hela familjen. De spröda pinnarna är gjorda på MSC-märkt Alaska pollock. Tillagas lätt i antingen ugn eller stekpanna. Med Findus krispiga fiskpinnar får du en god och enkel middag som passar både stora och små.",
    "countryText": "",
    "companyText": "Findus",
    "ingrediensText": "Fiskkött av ALASKA POLLOCK* 61 % (Theragra chalcogramma), VETEMJÖL, rapsolja, vatten, VETESTÄRKELSE, salt, kryddor (paprika, gurkmeja, vitpeppar), jäst, naturlig citronarom. Kan innehålla spår av MJÖLK. *Fiskad i nordöstra eller nordvästra Stilla havet. Trots stor noggrannhet med att ta bort alla fiskben kan det finnas ben kvar.",
    "storage": "FÖRVARING OCH MINSTA HÅLLBARHET:I frysutrymme (-18ºC eller kallare), se datummärkning. Bör alltid förvaras fryst. Bör ej frysas efter upptining. Lägsta förvaringstemperatur -25°C Högsta förvaringstemperatur -18°C",
    "allergens": "Kan innehålla Mjölk Innehåller Fisk Innehåller Spannmål som innehåller gluten",
    "usage": "",
    "nutrition": [
      {
        "Näringsvärde": "Energi (kcal)",
        "100 Gram": "210 kcal"
      },
      {
        "Näringsvärde": "Energi (kJ)",
        "100 Gram": "878 kJ"
      },
      {
        "Näringsvärde": "Fett",
        "100 Gram": "9.3 g"
      },
      {
        "Näringsvärde": "Varav mättat fett",
        "100 Gram": "0.7 g"
      },
      {
        "Näringsvärde": "Kolhydrat",
        "100 Gram": "18 g"
      },
      {
        "Näringsvärde": "Varav sockerarter",
        "100 Gram": "0.7 g"
      },
      {
        "Näringsvärde": "Fiber",
        "100 Gram": "0.9 g"
      },
      {
        "Näringsvärde": "Protein",
        "100 Gram": "13 g"
      },
      {
        "Näringsvärde": "Salt",
        "100 Gram": "0.69 g"
      }
    ],
    "nutritionUnitText": "",
    "categories": {
      "mainCategory": "Fisk & Skaldjur",
      "subCategories": [
        {
          "name": "Färdiga fiskrätter",
          "subSubCategories": [
            "Fiskpinnar & Panerad fisk",
            "Fiskpinnar"
          ]
        }
      ]
    }
  },
  {
    "name": "Lax Färsk Kallrökt 150g Miljömärkt ICA",
    "weightText": "0.15 kg",
    "caPart": "",
    "weightValue": 0.15,
    "weightUnit": "kg",
    "comparePrice": "366,33 kr/kg",
    "currentPrice": 54.95,
    "attributes": [
      "Nyckelhålet"
    ],
    "imgUrl": "https://images.ctfassets.net/l3dfc9zfaimi/qZc37LgTPPuZhIUMEbPJx/d4918e773827f51582d837109cfcb604/jul-25-produktdetaljbanner-insamlingen-desktop.jpg",
    "productInformation": "ICAs skivade kallrökta lax är ett perfekt tillskott på en smörgås, i en pasta eller på buffén. Variera efter tycke och smak - du hittar inspiration och recept på ica.se",
    "countryText": "",
    "companyText": "ICA",
    "ingrediensText": "LAX* (Salmo salar), salt. *Odlad i Norge.",
    "storage": "Lägsta förvaringstemperatur 0°C Högsta förvaringstemperatur 4°C",
    "allergens": "",
    "usage": "",
    "nutrition": [
      {
        "Näringsvärde": "Energi (kcal)",
        "100 Gram": "173 kcal"
      },
      {
        "Näringsvärde": "Energi (kJ)",
        "100 Gram": "724 kJ"
      },
      {
        "Näringsvärde": "Fett",
        "100 Gram": "9.8 g"
      },
      {
        "Näringsvärde": "Varav mättat fett",
        "100 Gram": "1.4 g"
      },
      {
        "Näringsvärde": "Kolhydrat",
        "100 Gram": "1.3 g"
      },
      {
        "Näringsvärde": "Varav sockerarter",
        "100 Gram": "0 g"
      },
      {
        "Näringsvärde": "Protein",
        "100 Gram": "20 g"
      },
      {
        "Näringsvärde": "Salt",
        "100 Gram": "3 g"
      }
    ],
    "nutritionUnitText": "",
    "categories": {
      "mainCategory": "Jul",
      "subCategories": [
        {
          "name": "Julens godaste varor",
          "subSubCategories": []
        }
      ]
    }
  },
  {
    "name": "Kaviar mild 300g Svennes",
    "weightText": "0.3 kg",
    "caPart": "",
    "weightValue": 0.3,
    "weightUnit": "kg",
    "comparePrice": "108,33 kr/kg",
    "currentPrice": 32.5,
    "attributes": [
      "MSC-märkt"
    ],
    "imgUrl": "https://handlaprivatkund.ica.se/images-v3/bf7a00ca-390e-4769-865f-dc369586872e/67c0989f-6ac9-42dd-8c25-6430154edd6d/500x500.jpg",
    "productInformation": "Svennes Extra Mild är en stor tub med en extra mild kaviar. Den är perfekt för dig som älskar kaviar, men som vill ha en lite mildare smak! Svennes passar utmärkt som pålägg på en bit bröd till frukost, en snabb macka till mellanmål eller direkt på kokta ägg! Svennes kaviar görs av rom från torsk & sej som fiskas framför allt i Nordnorge (Norska Havet & Barents hav). Svennes tillverkas i Sverige, i den idylliska fiskorten Kungshamn på västkusten.",
    "countryText": "",
    "companyText": "Svennes",
    "ingrediensText": "Rökt sockersaltad FISKrom (TORSK, SEJ) (40%), rapsolja, socker, vatten, potatisflingor, salt, tomatpuré, konserveringsmedel (natriumbensoat), antioxidationsmedel (askorbinsyra)",
    "storage": "I kylskåp 2-8 °C",
    "allergens": "",
    "usage": "",
    "nutrition": [
      {
        "Näringsvärde": "Energi (kcal)",
        "100 Gram": "437 kcal"
      },
      {
        "Näringsvärde": "Energi (kJ)",
        "100 Gram": "1828 kJ"
      },
      {
        "Näringsvärde": "Fett",
        "100 Gram": "38 g"
      },
      {
        "Näringsvärde": "Varav mättat fett",
        "100 Gram": "2.8 g"
      },
      {
        "Näringsvärde": "Kolhydrat",
        "100 Gram": "16 g"
      },
      {
        "Näringsvärde": "Varav sockerarter",
        "100 Gram": "13 g"
      },
      {
        "Näringsvärde": "Protein",
        "100 Gram": "7.1 g"
      },
      {
        "Näringsvärde": "Salt",
        "100 Gram": "6.5 g"
      }
    ],
    "nutritionUnitText": "Näringsvärde per 100 gram",
    "categories": {
      "mainCategory": "Fisk & Skaldjur",
      "subCategories": [
        {
          "name": "Kaviar & Rom",
          "subSubCategories": [
            "Kaviar"
          ]
        }
      ]
    }
  },
  {
    "name": "Alaska pollock Fryst 400g ICA Basic",
    "weightText": "0.4 kg",
    "caPart": "",
    "weightValue": 0.4,
    "weightUnit": "kg",
    "comparePrice": "79,88 kr/kg",
    "currentPrice": 31.95,
    "attributes": [
      "Nyckelhålet",
      "MSC-märkt"
    ],
    "imgUrl": "https://handlaprivatkund.ica.se/images-v3/bf7a00ca-390e-4769-865f-dc369586872e/695633a3-ee06-490c-a84e-720c745a70d3/500x500.jpg",
    "productInformation": "ICA Alaska pollock är en matfisk med mild smak som passar bra att steka och äta som den är eller använda i soppa, gryta och gratäng.",
    "countryText": "",
    "companyText": "ICA Basic",
    "ingrediensText": "ALASKA POLLOCK* (FISK) (Theragra chalcogramma) *Fångad med trålar i Stilla havet, fångstzon 61 eller 67.",
    "storage": "Lägsta förvaringstemperatur -30°C Högsta förvaringstemperatur -18°C",
    "allergens": "Innehåller Fisk",
    "usage": "",
    "nutrition": [
      {
        "Näringsvärde": "Energi (kcal)",
        "100 Gram": "80 kcal"
      },
      {
        "Näringsvärde": "Energi (kJ)",
        "100 Gram": "320 kJ"
      },
      {
        "Näringsvärde": "Fett",
        "100 Gram": "0.5 g"
      },
      {
        "Näringsvärde": "Varav mättat fett",
        "100 Gram": "0.5 g"
      },
      {
        "Näringsvärde": "Kolhydrat",
        "100 Gram": "0.5 g"
      },
      {
        "Näringsvärde": "Varav sockerarter",
        "100 Gram": "0 g"
      },
      {
        "Näringsvärde": "Fiber",
        "100 Gram": "0.5 g"
      },
      {
        "Näringsvärde": "Protein",
        "100 Gram": "18 g"
      },
      {
        "Näringsvärde": "Salt",
        "100 Gram": "0.3 g"
      }
    ],
    "nutritionUnitText": "Näringsvärde per 100 gram",
    "categories": {
      "mainCategory": "Fisk & Skaldjur",
      "subCategories": [
        {
          "name": "Fisk",
          "subSubCategories": [
            "Torsk & Vitfisk",
            "Fryst Torsk & Vitfisk"
          ]
        }
      ]
    }
  },
  {
    "name": "Torskryggfilé 420g Royal Greenland",
    "weightText": "0.42 kg",
    "caPart": "",
    "weightValue": 0.42,
    "weightUnit": "kg",
    "comparePrice": "333,33 kr/kg",
    "currentPrice": 140,
    "attributes": [
      "Nyckelhålet",
      "MSC-märkt"
    ],
    "imgUrl": "https://handlaprivatkund.ica.se/images-v3/bf7a00ca-390e-4769-865f-dc369586872e/687bbecf-8259-43c8-9db0-e14431e5d649/500x500.jpg",
    "productInformation": "Torsken är en klassiker på våra middagsbord och med torskryggfiléerna från Royal Greenland är det besvärliga arbetet redan gjort. Det milda, vita, benfria köttet kan tillberedas på otaliga sätt och och passar både till moderna och traditionella rätter. Ryggfilé, eller loin som det också kallas, är det bästa delen på fisken. Det kan närmast jämföras med oxfiléen på oxen.",
    "countryText": "",
    "companyText": "Royal Greenland",
    "ingrediensText": "Torskrygg (fisk) (Gadus morhua). Vatten /skyddande glasering).",
    "storage": "Lägsta förvaringstemperatur -25°C Högsta förvaringstemperatur -18°C",
    "allergens": "Innehåller Fisk",
    "usage": "",
    "nutrition": [
      {
        "Näringsvärde": "Energi (kcal)",
        "100 Gram": "77 kcal"
      },
      {
        "Näringsvärde": "Energi (kJ)",
        "100 Gram": "325 kJ"
      },
      {
        "Näringsvärde": "Fett",
        "100 Gram": "0.5 g"
      },
      {
        "Näringsvärde": "Varav mättat fett",
        "100 Gram": "0.3 g"
      },
      {
        "Näringsvärde": "Kolhydrat",
        "100 Gram": "0 g"
      },
      {
        "Näringsvärde": "Varav sockerarter",
        "100 Gram": "0 g"
      },
      {
        "Näringsvärde": "Protein",
        "100 Gram": "18 g"
      },
      {
        "Näringsvärde": "Salt",
        "100 Gram": "0.2 g"
      }
    ],
    "nutritionUnitText": "Näringsvärde per 100 gram",
    "categories": {
      "mainCategory": "Fryst",
      "subCategories": [
        {
          "name": "Fryst fisk & Skaldjur",
          "subSubCategories": [
            "Fryst torsk & vitfisk"
          ]
        }
      ]
    }
  },
  {
    "name": "Stora skalade räkor 400g ICA",
    "weightText": "0.4 kg",
    "caPart": "",
    "weightValue": 0.4,
    "weightUnit": "kg",
    "comparePrice": "172,38 kr/kg",
    "currentPrice": 68.95,
    "attributes": [
      "Nyckelhålet",
      "MSC-märkt"
    ],
    "imgUrl": "https://handlaprivatkund.ica.se/images-v3/bf7a00ca-390e-4769-865f-dc369586872e/435421fb-73f9-4b07-84fc-773d21347504/500x500.jpg",
    "productInformation": "ICA Stora Skalade Räkor i kan du göra nästan vad du vill med! Allt ifrån en räkmacka (med precis så mycket räkor du vill ha på) till en retro räkcocktail, lägga på en pizza eller i pastasåsen. De gör vilken fisksoppa som helst glad och ligger fint i en avokadohalva ihop med mango, chili, lite olja och lime. Paella fixar de också, eller varför inte bara koka upp i olja med vitlök, chili, citron och persilja som en liten läcker minirätt? Glöm för all del inte brödet till, det är också ett utmärkt sätt att göra rent tallriken efteråt.",
    "countryText": "",
    "companyText": "ICA",
    "ingrediensText": "Ingredienser: Skalade RÄKOR (Pandalus borealis), salt. *Fångad med trålar i Nordostatlanten (Barents hav, Norska Havet, Spetsbergen och Björnön), fångstzon 27I, II.",
    "storage": "Lägsta förvaringstemperatur -30°C Högsta förvaringstemperatur -18°C",
    "allergens": "Kan innehålla Blötdjur Kan innehålla Fisk Innehåller Kräftdjur",
    "usage": "",
    "nutrition": [],
    "nutritionUnitText": "Näringsvärde per styck",
    "categories": {
      "mainCategory": "Fisk & Skaldjur",
      "subCategories": [
        {
          "name": "Skaldjur",
          "subSubCategories": [
            "Räkor",
            "Frysta räkor"
          ]
        }
      ]
    }
  },
  {
    "name": "Laxsida ca 1,2kg Miljömärkt ICA Gott Liv",
    "weightText": "Ca 1.2 kg",
    "caPart": "Ca",
    "weightValue": 1.2,
    "weightUnit": "kg",
    "comparePrice": "227,00 kr/kg",
    "currentPrice": 272.4,
    "attributes": [
      "Nyckelhålet"
    ],
    "imgUrl": "https://handlaprivatkund.ica.se/images-v3/bf7a00ca-390e-4769-865f-dc369586872e/6635ffa9-e3cf-4705-94be-db549d0988ee/500x500.jpg",
    "productInformation": "Laxsida är enkelt att tillaga i ugn eller på grillen. Krydda med dina favoritkryddor, slå in den i aluminiumfolie och servera med en matig sallad. ASC (Aquaculture Stewardship Council) är en internationell märkning för odlade fisk- och skaldjursprodukter. ASC granskar miljö- och sociala aspekter i fisk- och skaldjursodlingar så att de ska vara ansvarsfulla. \n \n Enstaka ben kan förekomma.",
    "countryText": "",
    "companyText": "ICA Gott Liv",
    "ingrediensText": "LAXFILÉ* (Salmo salar) med skinn. *Odlad i Norge.",
    "storage": "Lägsta förvaringstemperatur 0°C Högsta förvaringstemperatur 4°C",
    "allergens": "",
    "usage": "",
    "nutrition": [
      {
        "Näringsvärde": "Energi (kcal)",
        "100 Gram": "210 kcal"
      },
      {
        "Näringsvärde": "Energi (kJ)",
        "100 Gram": "881 kJ"
      },
      {
        "Näringsvärde": "Fett",
        "100 Gram": "14 g"
      },
      {
        "Näringsvärde": "Varav mättat fett",
        "100 Gram": "1.8 g"
      },
      {
        "Näringsvärde": "Kolhydrat",
        "100 Gram": "0 g"
      },
      {
        "Näringsvärde": "Varav sockerarter",
        "100 Gram": "0 g"
      },
      {
        "Näringsvärde": "Protein",
        "100 Gram": "21 g"
      },
      {
        "Näringsvärde": "Salt",
        "100 Gram": "0.1 g"
      }
    ],
    "nutritionUnitText": "Näringsvärde per 100 gram",
    "categories": {
      "mainCategory": "Jul",
      "subCategories": [
        {
          "name": "Julmat",
          "subSubCategories": [
            "Lax & Gravlaxsås"
          ]
        }
      ]
    }
  },
  {
    "name": "Torskfilé Fryst 400g ICA",
    "weightText": "0.4 kg",
    "caPart": "",
    "weightValue": 0.4,
    "weightUnit": "kg",
    "comparePrice": "212,38 kr/kg",
    "currentPrice": 84.95,
    "attributes": [],
    "imgUrl": "https://handlaprivatkund.ica.se/images-v3/bf7a00ca-390e-4769-865f-dc369586872e/e23ce864-061b-48b0-b249-a90bf1861fe1/500x500.jpg",
    "productInformation": "ICAs frysta torksfilé är bitar av torskfilé som du enkelt kan panera eller tillaga, varför inte servera en Fishtaco med panerade bitar av torskfilén.",
    "countryText": "",
    "companyText": "ICA",
    "ingrediensText": "Filébitar av torsk* (Gadus morhua). Enstaka ben kan förekomma. *Fångad i Nordostatlanten, fångstzon 27. Beroende på råvarutillgång varierar fångstområden och fångstmetoder för fisken. Dessa anges i ett kodsystem: A=Barents hav B=Norska havet 1=Fångad med trålar 2=Fångad med krokar och linor 3=Fångad med nät/garn 4=Fångad med notar. För aktuell information, se kod vid bäst före-datum.",
    "storage": "",
    "allergens": "",
    "usage": "",
    "nutrition": [
      {
        "Näringsvärde": "Energi (kcal)",
        "100 Gram": "78 kcal"
      },
      {
        "Näringsvärde": "Energi (kJ)",
        "100 Gram": "328 kJ"
      },
      {
        "Näringsvärde": "Fett",
        "100 Gram": "0.5 g"
      },
      {
        "Näringsvärde": "Varav mättat fett",
        "100 Gram": "0.5 g"
      },
      {
        "Näringsvärde": "Kolhydrat",
        "100 Gram": "0 g"
      },
      {
        "Näringsvärde": "Varav sockerarter",
        "100 Gram": "0 g"
      },
      {
        "Näringsvärde": "Protein",
        "100 Gram": "18 g"
      },
      {
        "Näringsvärde": "Salt",
        "100 Gram": "0.2 g"
      }
    ],
    "nutritionUnitText": "Näringsvärde per 100 gram",
    "categories": {
      "mainCategory": "Fisk & Skaldjur",
      "subCategories": [
        {
          "name": "Fisk",
          "subSubCategories": [
            "Torsk & Vitfisk",
            "Fryst Torsk & Vitfisk"
          ]
        }
      ]
    }
  },
  {
    "name": "Torskfiléer Fryst 600g ICA",
    "weightText": "0.6 kg",
    "caPart": "",
    "weightValue": 0.6,
    "weightUnit": "kg",
    "comparePrice": "230,00 kr/kg",
    "currentPrice": 138,
    "attributes": [],
    "imgUrl": "https://handlaprivatkund.ica.se/images-v3/bf7a00ca-390e-4769-865f-dc369586872e/31644299-204e-462e-8ce6-360f5ea69b76/500x500.jpg",
    "productInformation": "ICA Torskfiléer är frysta filéer som du kan både steka eller använda i soppa, gryta och gratäng. Brukar gå hem hos de allra minsta, varför inte testa att göra egna fiskpinnar av filéerna. Torskfiléerna fungerar i de flesta typer av fiskrätter. Vår torsk är givetvis MSC-märkt, vilket betyder att den har fiskats hållbart.",
    "countryText": "",
    "companyText": "ICA",
    "ingrediensText": "Renskuren filé av torsk * (Gadus morhua). Enstaka ben kan förekomma. *Fångad i Nordostatlanten, fångstzon 27. Beroende på råvarutillgång varierar fångstområden och fångtmetoder för fisken. Dessa anges i ett kodsystem: A=Barents hav B=Norska havet 1=Fångad med trålar 2=Fångad med krokar och linor 3=Fångad med nät/garn 4=Fångad med notar. För aktuell information, se kod vid bäst före-datum. Vikt: 600g netto (exklusive skyddande ishinna).",
    "storage": "",
    "allergens": "",
    "usage": "",
    "nutrition": [
      {
        "Näringsvärde": "Energi (kcal)",
        "100 Gram": "85 kcal"
      },
      {
        "Näringsvärde": "Energi (kJ)",
        "100 Gram": "359 kJ"
      },
      {
        "Näringsvärde": "Fett",
        "100 Gram": "0.5 g"
      },
      {
        "Näringsvärde": "Varav mättat fett",
        "100 Gram": "0.1 g"
      },
      {
        "Näringsvärde": "Kolhydrat",
        "100 Gram": "0 g"
      },
      {
        "Näringsvärde": "Varav sockerarter",
        "100 Gram": "0 g"
      },
      {
        "Näringsvärde": "Protein",
        "100 Gram": "18 g"
      },
      {
        "Näringsvärde": "Salt",
        "100 Gram": "0.2 g"
      }
    ],
    "nutritionUnitText": "Näringsvärde per 100 gram",
    "categories": {
      "mainCategory": "Fryst",
      "subCategories": [
        {
          "name": "Fryst fisk & Skaldjur",
          "subSubCategories": [
            "Fryst torsk & vitfisk"
          ]
        }
      ]
    }
  },
  {
    "name": "Fiskpinnar Fryst 15-p 450g ICA Basic",
    "weightText": "0.45 kg",
    "caPart": "",
    "weightValue": 0.45,
    "weightUnit": "kg",
    "comparePrice": "44,33 kr/kg",
    "currentPrice": 19.95,
    "attributes": [
      "MSC-märkt"
    ],
    "imgUrl": "https://handlaprivatkund.ica.se/images-v3/bf7a00ca-390e-4769-865f-dc369586872e/6a3cc46f-d0d5-4b53-bc48-ccd44c15df44/500x500.jpg",
    "productInformation": "ICA Basic fiskpinnar av fiskfärs istället för fiskfilé, tillverkade av fisk som lever upp till ICAs krav på kvalitet och hållbartfiske. Ett billigare middagsalternativ som passar gott i vardagen.",
    "countryText": "",
    "companyText": "ICA Basic",
    "ingrediensText": "FISK* 60%, VETEMJÖL, rapsolja, vatten, salt, lök, kryddor (paprika, mejram, timjan), jäst. *Använda fiskarter: Se märkning på förpackningens gavel (A=Alaska Pollock (Theragra chalcogramma), fiskad i Stilla Havet, fångstzon 61, 67, B=Sej (Pollachius virens) fiskad i Nordostatlanten, fångtstzon 27, C=Torsk (Gadus morhua), fiskad i Nordostatlanten och Baltiska havet, fångstzon 27, 27 IIId.",
    "storage": "Lägsta förvaringstemperatur -25°C Högsta förvaringstemperatur -25°C",
    "allergens": "Innehåller Vete Innehåller Fisk",
    "usage": "",
    "nutrition": [
      {
        "Näringsvärde": "Energi (kcal)",
        "100 Gram": "220 kcal"
      },
      {
        "Näringsvärde": "Energi (kJ)",
        "100 Gram": "900 kJ"
      },
      {
        "Näringsvärde": "Fett",
        "100 Gram": "11 g"
      },
      {
        "Näringsvärde": "Varav mättat fett",
        "100 Gram": "0.8 g"
      },
      {
        "Näringsvärde": "Kolhydrat",
        "100 Gram": "17 g"
      },
      {
        "Näringsvärde": "Varav sockerarter",
        "100 Gram": "0.5 g"
      },
      {
        "Näringsvärde": "Protein",
        "100 Gram": "14 g"
      },
      {
        "Näringsvärde": "Salt",
        "100 Gram": "0.6 g"
      }
    ],
    "nutritionUnitText": "Näringsvärde per 100 gram",
    "categories": {
      "mainCategory": "Fisk & Skaldjur",
      "subCategories": [
        {
          "name": "Färdiga fiskrätter",
          "subSubCategories": [
            "Fiskpinnar & Panerad fisk",
            "Fiskpinnar"
          ]
        }
      ]
    }
  },
  {
    "name": "Fiskpinnar frasiga Fryst 15-p 450g Findus",
    "weightText": "0.45 kg",
    "caPart": "",
    "weightValue": 0.45,
    "weightUnit": "kg",
    "comparePrice": "94,44 kr/kg",
    "currentPrice": 42.5,
    "attributes": [
      "Nyckelhålet",
      "MSC-märkt"
    ],
    "imgUrl": "https://handlaprivatkund.ica.se/images-v3/bf7a00ca-390e-4769-865f-dc369586872e/f521c51c-0728-4398-8d60-ac7ab044a151/500x500.jpg",
    "productInformation": "Fisk är en sund proteinkälla som är rik på omega 3 och har ett lågt innehåll av mättat fett. Findus Frasiga Fiskpinnar är inget undantag! Gjorda på renskurna filéer av MSC-märkt Alaska pollock och panering på Findus specialbakade bröd. Findus spröda fiskpinnar passar lika bra till potatis som i en smakrik fisktacos. Smaklig måltid!",
    "countryText": "",
    "companyText": "Findus",
    "ingrediensText": "Filéer av ALASKA POLLOCK* (FISK) 65 % (Theragra chalcogramma), VETEMJÖL, rapsolja, vatten, potatisstärkelse, salt, kryddor (paprika, gurkmeja), jäst. *Fiskad i nordöstra eller nordvästra Stilla havet. Trots stor noggrannhet med att ta bort alla fiskben kan det finnas ben kvar.",
    "storage": "FÖRVARING OCH MINSTA HÅLLBARHET: I frysutrymme (-18ºC eller kallare), se datummärkning. Bör alltid förvaras fryst. Bör ej frysas efter upptining. Lägsta förvaringstemperatur -25°C Högsta förvaringstemperatur -18°C",
    "allergens": "Innehåller Fisk Innehåller Spannmål som innehåller gluten",
    "usage": "",
    "nutrition": [
      {
        "Näringsvärde": "Energi (kcal)",
        "100 Gram": "191 kcal"
      },
      {
        "Näringsvärde": "Energi (kJ)",
        "100 Gram": "801 kJ"
      },
      {
        "Näringsvärde": "Fett",
        "100 Gram": "7.7 g"
      },
      {
        "Näringsvärde": "Varav mättat fett",
        "100 Gram": "0.6 g"
      },
      {
        "Näringsvärde": "Kolhydrat",
        "100 Gram": "17 g"
      },
      {
        "Näringsvärde": "Varav sockerarter",
        "100 Gram": "0.8 g"
      },
      {
        "Näringsvärde": "Fiber",
        "100 Gram": "0.7 g"
      },
      {
        "Näringsvärde": "Protein",
        "100 Gram": "13 g"
      },
      {
        "Näringsvärde": "Salt",
        "100 Gram": "0.7 g"
      }
    ],
    "nutritionUnitText": "Näringsvärde per 100 gram",
    "categories": {
      "mainCategory": "Fisk & Skaldjur",
      "subCategories": [
        {
          "name": "Färdiga fiskrätter",
          "subSubCategories": [
            "Fiskpinnar & Panerad fisk",
            "Fiskpinnar"
          ]
        }
      ]
    }
  },
  {
    "name": "Fish & Crisp Fish Nuggets 490g Findus",
    "weightText": "0.49 kg",
    "caPart": "",
    "weightValue": 0.49,
    "weightUnit": "kg",
    "comparePrice": "126,43 kr/kg",
    "currentPrice": 61.95,
    "attributes": [
      "MSC-märkt"
    ],
    "imgUrl": "https://handlaprivatkund.ica.se/images-v3/bf7a00ca-390e-4769-865f-dc369586872e/2b6ce0ab-f555-4535-9708-70a0624d5a89/500x500.jpg",
    "productInformation": "Information från leverantör \n GOTT & ENKELT!Fish Nuggets är fisk som hela familjen uppskattar. Förutom den goda smaken ger Fish Nuggets variation i veckans fiskmeny. Servera gärna med en god sås, eller varför inte som fisktacos? Ett gott och enkelt middagsval! Fish Nuggets är gjorda av Alaska pollock, som fiskats med stor omsorg i det kalla norra Stilla havet. De har lågt innehåll av mättat fett. Våra Fish Nuggets blir absolut krispigast om de tillagas i ugnen. Smaklig måltid!Kaptenens löfte Det finns en man som seglar på öppet hav och fångar den färskaste fisken; Kaptenen. Han får med sig färsk fisk som snabbfrysts för att bevara känslan av nyfångad fisk. FULLT SPÅRBAR FISK Med spårbarhet från hav till tallrik, är vi stolta över att veta var vår fisk kommer ifrån. Genom att skanna den här lilla båten kan du också lära dig allt om vårt hållbara fiske.",
    "countryText": "",
    "companyText": "Findus",
    "ingrediensText": "Alaska pollock* (FISK) 44 % (Theragra chalcogramma), VETEMJÖL, vatten, rapsolja, stärkelse (potatis, VETE), bakpulver (E450, E500), salt, rismjöl, druvsocker, majsmjöl, VETEGLUTEN, SKUMMJÖLKSPULVER. *Fiskad i nordöstra eller nordvästra Stilla havet. Trots stor noggrannhet med att ta bort alla fiskben kan det finnas ben kvar.",
    "storage": "I frysutrymme (-18ºC eller kallare), se datummärkning.Bör alltid förvaras fryst. Bör ej frysas efter upptining.",
    "allergens": "",
    "usage": "",
    "nutrition": [
      {
        "Näringsvärde": "Energi (kcal)",
        "100 Gram": "236 kcal"
      },
      {
        "Näringsvärde": "Energi (kJ)",
        "100 Gram": "989 kJ"
      },
      {
        "Näringsvärde": "Fett",
        "100 Gram": "12 g"
      },
      {
        "Näringsvärde": "Varav mättat fett",
        "100 Gram": "0.9 g"
      },
      {
        "Näringsvärde": "Kolhydrat",
        "100 Gram": "22 g"
      },
      {
        "Näringsvärde": "Varav sockerarter",
        "100 Gram": "0.6 g"
      },
      {
        "Näringsvärde": "Fiber",
        "100 Gram": "0.7 g"
      },
      {
        "Näringsvärde": "Protein",
        "100 Gram": "9.7 g"
      },
      {
        "Näringsvärde": "Salt",
        "100 Gram": "1 g"
      }
    ],
    "nutritionUnitText": "Näringsvärde per 100 gram",
    "categories": {
      "mainCategory": "Fryst",
      "subCategories": [
        {
          "name": "Fryst färdigmat",
          "subSubCategories": [
            "Frysta portionsrätter",
            "Fryst enportion"
          ]
        }
      ]
    }
  },
  {
    "name": "Torskfilé sprödbakad Fryst 4-p 360g Findus",
    "weightText": "0.36 kg",
    "caPart": "",
    "weightValue": 0.36,
    "weightUnit": "kg",
    "comparePrice": "172,08 kr/kg",
    "currentPrice": 61.95,
    "attributes": [
      "Nyckelhålet",
      "MSC-märkt"
    ],
    "imgUrl": "https://handlaprivatkund.ica.se/images-v3/bf7a00ca-390e-4769-865f-dc369586872e/eaf0c9e9-d312-4aa8-be6c-880c730a9435/500x500.jpg",
    "productInformation": "Panerad fisk är ett gott, sunt och enkelt middagsval! Våra Sprödbakade Torskfiléer är gjorda på renskuren torsk som har fiskats med stor omsorg i Nordostatlanten. Fisken har sedan fått ett krispigt täcke och tillagats med rapsolja. Väljer du Sprödbakade Torskfiléer till middag har du gjort ett smart val - de är en bra proteinkälla som innehåller omega-3. De har dessutom lågt innehåll av mättat fett. Våra Sprödbakade Torskfiléer smakar som allra bäst och får en härlig krispighet om de tillagas i ugnen. Smaklig måltid!",
    "countryText": "",
    "companyText": "Findus",
    "ingrediensText": "Renskurna filéer av TORSK* 56 % (Gadus morhua), VETEMJÖL, rapsolja, vatten, majsstärkelse, majsmjöl, salt, VETEFIBER, socker, druvsocker, vitlökspulver, kryddextrakt. *Fiskad i Nordostatlanten (Barents Hav, Norska Havet, Spetsbergen eller Björnön). Trots stor noggrannhet med att ta bort alla fiskben kan det finnas ben kvar.",
    "storage": "FÖRVARING OCH MINSTA HÅLLBARHET:I frysutrymme (-18ºC eller kallare), se datummärkning. Bör alltid förvaras fryst. Bör ej frysas efter upptining. Lägsta förvaringstemperatur -25°C Högsta förvaringstemperatur -18°C",
    "allergens": "Innehåller Fisk Innehåller Spannmål som innehåller gluten",
    "usage": "",
    "nutrition": [
      {
        "Näringsvärde": "Energi (kcal)",
        "100 Gram": "220 kcal"
      },
      {
        "Näringsvärde": "Energi (kJ)",
        "100 Gram": "922 kJ"
      },
      {
        "Näringsvärde": "Fett",
        "100 Gram": "9.5 g"
      },
      {
        "Näringsvärde": "Varav mättat fett",
        "100 Gram": "0.7 g"
      },
      {
        "Näringsvärde": "Kolhydrat",
        "100 Gram": "21 g"
      },
      {
        "Näringsvärde": "Varav sockerarter",
        "100 Gram": "0.7 g"
      },
      {
        "Näringsvärde": "Fiber",
        "100 Gram": "1.2 g"
      },
      {
        "Näringsvärde": "Protein",
        "100 Gram": "12 g"
      },
      {
        "Näringsvärde": "Salt",
        "100 Gram": "0.69 g"
      },
      {
        "Näringsvärde": "Selen",
        "100 Gram": "13 µg"
      }
    ],
    "nutritionUnitText": "Näringsvärde per 100 gram",
    "categories": {
      "mainCategory": "Fisk & Skaldjur",
      "subCategories": [
        {
          "name": "Färdiga fiskrätter",
          "subSubCategories": [
            "Fiskpinnar & Panerad fisk",
            "Panerad fisk"
          ]
        }
      ]
    }
  },
  {
    "name": "Caviar röd stenbitsrom 75g ICA",
    "weightText": "0.075 kg",
    "caPart": "",
    "weightValue": 0.075,
    "weightUnit": "kg",
    "comparePrice": "433,33 kr/kg",
    "currentPrice": 32.5,
    "attributes": [
      "MSC-märkt"
    ],
    "imgUrl": "https://handlaprivatkund.ica.se/images-v3/bf7a00ca-390e-4769-865f-dc369586872e/080c9822-cd19-4cc2-9075-31d0a9a32d65/500x500.jpg",
    "productInformation": "ICA Caviar Röd Stenbitsrom är röd, saltad stenbitsrom från sjuryggsfisk. Den är hållbart fiskad Nordostatlanten och MSC-märkt. Därför är den dubbelt så god när du toppar en toast Skagen eller en hemgjord sushi med den.",
    "countryText": "",
    "companyText": "ICA",
    "ingrediensText": "Saltad rom av STENBIT* (Cyclopterus lumpus) 87%, vatten, rapsolja, färgämne (E160a, E101, E120), sherry, konserveringsmedel (E211, E202), stabiliseringsmedel (E415), lökpulver, surhetsreglerande medel (E330). *Fångad med nät/garn i Nordostatlanten, fångstzon 27",
    "storage": "",
    "allergens": "",
    "usage": "",
    "nutrition": [
      {
        "Näringsvärde": "Energi (kcal)",
        "100 Gram": "90 kcal"
      },
      {
        "Näringsvärde": "Energi (kJ)",
        "100 Gram": "350 kJ"
      },
      {
        "Näringsvärde": "Fett",
        "100 Gram": "4.5 g"
      },
      {
        "Näringsvärde": "Varav mättat fett",
        "100 Gram": "1 g"
      },
      {
        "Näringsvärde": "Kolhydrat",
        "100 Gram": "0.5 g"
      },
      {
        "Näringsvärde": "Varav sockerarter",
        "100 Gram": "0 g"
      },
      {
        "Näringsvärde": "Protein",
        "100 Gram": "10 g"
      },
      {
        "Näringsvärde": "Salt",
        "100 Gram": "4.8 g"
      }
    ],
    "nutritionUnitText": "Näringsvärde per 100 gram",
    "categories": {
      "mainCategory": "Fisk & Skaldjur",
      "subCategories": [
        {
          "name": "Kaviar & Rom",
          "subSubCategories": [
            "Färsk rom"
          ]
        }
      ]
    }
  },
  {
    "name": "Kaviar randig 285g Kalles",
    "weightText": "0.285 kg",
    "caPart": "",
    "weightValue": 0.285,
    "weightUnit": "kg",
    "comparePrice": "121,05 kr/kg",
    "currentPrice": 34.5,
    "attributes": [
      "MSC-märkt"
    ],
    "imgUrl": "https://handlaprivatkund.ica.se/images-v3/bf7a00ca-390e-4769-865f-dc369586872e/c10b1589-5178-4208-b6da-b8f5bfefb98f/500x500.jpg",
    "productInformation": "Kalles Randiga 285g är en mild och krämig blandning av kaviar och färskost som blir randig på mackan. Kalles Randiga med cream cheese passar utmärkt som pålägg på mackan till frukosten, mellanmålet eller till kokta ägg! Kalles kaviar har varit hela Sveriges oersättliga favorit på frukostbordet sedan 1954. Kalles kaviar görs av utvald rom från torsk&sej som fiskas framför allt i Nordnorge (Norska Havet & Barents hav). Kalles kaviar tillverkas i Sverige, i den idylliska fiskorten Kungshamn på västkusten.Vill du ta del av Kalles värld eller inspireras av riktigt smarriga kaviarmackor - besök kalles.se. \n \n I produkten ingår totalt 23% rom.",
    "countryText": "",
    "companyText": "Kalles",
    "ingrediensText": "Kaviar (50%) (rökt sockersaltad rom från TORSKFISKAR, rapsolja, socker, vatten, salt, potatisflingor, tomatpuré, konserveringsmedel (kaliumsorbat, natriumbensoat), antioxidationsmedel (askorbinsyra)), färskOST (30%) (skumMJÖLK, GRÄDDE, rapsolja, modifierad stärkelse, stabiliseringsmedel (fruktkärnmjöl), mjölksyrakultur), vatten, inulin (fiber), skumMJÖLKSpulver, stabiliseringsmedel (xantangummi, fruktkärnmjöl), arom, färgämne (paprikaoleoresin)",
    "storage": "I kylskåp 2-8 °C",
    "allergens": "",
    "usage": "",
    "nutrition": [
      {
        "Näringsvärde": "Energi (kcal)",
        "100 Gram": "292 kcal"
      },
      {
        "Näringsvärde": "Energi (kJ)",
        "100 Gram": "1220 kJ"
      },
      {
        "Näringsvärde": "Fett",
        "100 Gram": "24 g"
      },
      {
        "Näringsvärde": "Varav mättat fett",
        "100 Gram": "4.6 g"
      },
      {
        "Näringsvärde": "Kolhydrat",
        "100 Gram": "10 g"
      },
      {
        "Näringsvärde": "Varav sockerarter",
        "100 Gram": "8.3 g"
      },
      {
        "Näringsvärde": "Protein",
        "100 Gram": "5.5 g"
      },
      {
        "Näringsvärde": "Salt",
        "100 Gram": "3.9 g"
      }
    ],
    "nutritionUnitText": "Näringsvärde per 100 gram",
    "categories": {
      "mainCategory": "Fisk & Skaldjur",
      "subCategories": [
        {
          "name": "Kaviar & Rom",
          "subSubCategories": [
            "Kaviar"
          ]
        }
      ]
    }
  },
  {
    "name": "Crispies Fryst 8-p 370g Findus",
    "weightText": "0.37 kg",
    "caPart": "",
    "weightValue": 0.37,
    "weightUnit": "kg",
    "comparePrice": "117,57 kr/kg",
    "currentPrice": 43.5,
    "attributes": [
      "Nyckelhålet",
      "MSC-märkt"
    ],
    "imgUrl": "https://handlaprivatkund.ica.se/images-v3/bf7a00ca-390e-4769-865f-dc369586872e/bf32c53e-abb2-4864-92d4-0d27730a84aa/500x500.jpg",
    "productInformation": "Panerad fisk är ett gott, sunt och enkelt middagsval! Våra Crispies är saftiga fiskbitar med extra spröd panering, gjorda på hållbart fiskad Alaska pollock. Väljer du Crispies till middag har du gjort ett smart val - de är en bra proteinkälla som är rik på omega-3 och har lågt innehåll av mättat fett. Våra Crispies blir absolut krispigast om de tillagas i ugnen. Smaklig måltid!",
    "countryText": "",
    "companyText": "Findus",
    "ingrediensText": "Fiskkött av Guldlax* 54 % (FISK) (Argentina silus), VETEMJÖL, rapsolja, vatten, majsstärkelse, salt, VETEFIBER, majsmjöl, druvsocker, socker, vitlökspulver, kryddextrakt. *Fiskad i Nordostatlanten (Färösockeln, Barents hav, Norska havet, Spetsbergen eller Björnön). Trots stor noggrannhet med att ta bort alla fiskben kan det finnas ben kvar.",
    "storage": "FÖRVARING OCH MINSTA HÅLLBARHET:I frysutrymme (-18ºC eller kallare), se datummärkning. Bör alltid förvaras fryst. Bör ej frysas efter upptining. Lägsta förvaringstemperatur -25°C Högsta förvaringstemperatur -18°C",
    "allergens": "Innehåller Fisk Innehåller Spannmål som innehåller gluten",
    "usage": "",
    "nutrition": [
      {
        "Näringsvärde": "Energi (kcal)",
        "100 Gram": "247 kcal"
      },
      {
        "Näringsvärde": "Energi (kJ)",
        "100 Gram": "1033 kJ"
      },
      {
        "Näringsvärde": "Fett",
        "100 Gram": "11 g"
      },
      {
        "Näringsvärde": "Varav mättat fett",
        "100 Gram": "0.9 g"
      },
      {
        "Näringsvärde": "Kolhydrat",
        "100 Gram": "22 g"
      },
      {
        "Näringsvärde": "Varav sockerarter",
        "100 Gram": "0.8 g"
      },
      {
        "Näringsvärde": "Fiber",
        "100 Gram": "1.8 g"
      },
      {
        "Näringsvärde": "Protein",
        "100 Gram": "14 g"
      },
      {
        "Näringsvärde": "Salt",
        "100 Gram": "0.76 g"
      }
    ],
    "nutritionUnitText": "Näringsvärde per 100 gram",
    "categories": {
      "mainCategory": "Fisk & Skaldjur",
      "subCategories": [
        {
          "name": "Färdiga fiskrätter",
          "subSubCategories": [
            "Fiskpinnar & Panerad fisk",
            "Panerad fisk"
          ]
        }
      ]
    }
  },
  {
    "name": "Fiskgratäng dillsås Fryst 350g ICA",
    "weightText": "0.35 kg",
    "caPart": "",
    "weightValue": 0.35,
    "weightUnit": "kg",
    "comparePrice": "88,43 kr/kg",
    "currentPrice": 30.95,
    "attributes": [
      "MSC-märkt"
    ],
    "imgUrl": "https://handlaprivatkund.ica.se/images-v3/bf7a00ca-390e-4769-865f-dc369586872e/de6b6b51-3e21-44d5-9383-4e2174056e01/500x500.jpg",
    "productInformation": "Fryst fiskgratäng med vit fisk täckt med dillsås och spritsat potatismos längs sidorna. En portion. Värm enkelt i ugn eller i mikrovågsugn.",
    "countryText": "",
    "companyText": "ICA",
    "ingrediensText": "Potatismos 50%: Vatten, potatismospulver (potatis, KÄRNMJÖLKSPULVER, MJÖLKPULVER, salt, GRÄDDPULVER, stabiliseringsmedel (E471), konserveringsmedel (E222 NATRIUMVÄTESULFIT), antioxidationsmedel (E300), kryddextrakt (svartpeppar)), SKUMMJÖLKSPULVER, smör (MJÖLK), salt, pepparextrakt. Fisk 26%: Renskurna filéer av ALASKA POLLOCK* (Theragra chalcogramma). Sås 24%: Vatten, SKUMMJÖLKSPULVER, modifierad majsstärkelse, GRÄDDPULVER, smör (MJÖLK), dill 0,4%, salt, citronpeppar (salt, svartpeppar, surhetsreglerande medel (E330), potatisstärkelse, socker, lök, citronextrakt), pepparextrakt, dillarom. Kan innehålla spår av räkor. *Fiskad med trål i Stilla Havet, fångstzon 67.",
    "storage": "Djupfryst. I frysutrymme (–18°C eller kallare). Bör ej frysas om efter upptining. Lägsta förvaringstemperatur -25°C Högsta förvaringstemperatur -18°C",
    "allergens": "Innehåller Mjölk Innehåller Svaveldioxid eller sulfit Innehåller Fisk Kan innehålla Kräftdjur",
    "usage": "",
    "nutrition": [
      {
        "Näringsvärde": "Energi (kcal)",
        "100 Gram": "110 kcal"
      },
      {
        "Näringsvärde": "Energi (kJ)",
        "100 Gram": "458 kJ"
      },
      {
        "Näringsvärde": "Fett",
        "100 Gram": "3.5 g"
      },
      {
        "Näringsvärde": "Varav mättat fett",
        "100 Gram": "2.3 g"
      },
      {
        "Näringsvärde": "Kolhydrat",
        "100 Gram": "11 g"
      },
      {
        "Näringsvärde": "Varav sockerarter",
        "100 Gram": "4 g"
      },
      {
        "Näringsvärde": "Protein",
        "100 Gram": "7.7 g"
      },
      {
        "Näringsvärde": "Salt",
        "100 Gram": "1.2 g"
      }
    ],
    "nutritionUnitText": "Näringsvärde per 100 gram",
    "categories": {
      "mainCategory": "Fryst",
      "subCategories": [
        {
          "name": "Fryst färdigmat",
          "subSubCategories": [
            "Frysta portionsrätter",
            "Fryst flerportion"
          ]
        }
      ]
    }
  },
  {
    "name": "Lax Färsk Gravad 150g Miljömärkt ICA",
    "weightText": "0.15 kg",
    "caPart": "",
    "weightValue": 0.15,
    "weightUnit": "kg",
    "comparePrice": "366,33 kr/kg",
    "currentPrice": 54.95,
    "attributes": [
      "Nyckelhålet",
      "Ursprungsland Sverige"
    ],
    "imgUrl": "https://images.ctfassets.net/l3dfc9zfaimi/qZc37LgTPPuZhIUMEbPJx/d4918e773827f51582d837109cfcb604/jul-25-produktdetaljbanner-insamlingen-desktop.jpg",
    "productInformation": "ICAs skivade gravade lax är gott på en smörgås, i en pasta eller på buffén. Variera efter tycke och smak - du hittar inspiration och recept på ica.se.",
    "countryText": "Sverige",
    "companyText": "ICA",
    "ingrediensText": "LAX* (Salmo salar), salt, socker, dill, vitpeppar. *Odlad i Norge.",
    "storage": "Lägsta förvaringstemperatur 0°C Högsta förvaringstemperatur 4°C",
    "allergens": "",
    "usage": "",
    "nutrition": [
      {
        "Näringsvärde": "Energi (kcal)",
        "100 Gram": "166 kcal"
      },
      {
        "Näringsvärde": "Energi (kJ)",
        "100 Gram": "694 kJ"
      },
      {
        "Näringsvärde": "Fett",
        "100 Gram": "8.7 g"
      },
      {
        "Näringsvärde": "Varav mättat fett",
        "100 Gram": "1.2 g"
      },
      {
        "Näringsvärde": "Kolhydrat",
        "100 Gram": "3.1 g"
      },
      {
        "Näringsvärde": "Varav sockerarter",
        "100 Gram": "1.3 g"
      },
      {
        "Näringsvärde": "Protein",
        "100 Gram": "18.8 g"
      },
      {
        "Näringsvärde": "Salt",
        "100 Gram": "3 g"
      }
    ],
    "nutritionUnitText": "",
    "categories": {
      "mainCategory": "Jul",
      "subCategories": [
        {
          "name": "Julens godaste varor",
          "subSubCategories": []
        }
      ]
    }
  },
  {
    "name": "Sejfilé bitar Fryst 400g ICA",
    "weightText": "0.4 kg",
    "caPart": "",
    "weightValue": 0.4,
    "weightUnit": "kg",
    "comparePrice": "122,38 kr/kg",
    "currentPrice": 48.95,
    "attributes": [],
    "imgUrl": "https://handlaprivatkund.ica.se/images-v3/bf7a00ca-390e-4769-865f-dc369586872e/c654f3ef-9cf4-4da5-afa6-c7ae6cd201aa/500x500.jpg",
    "productInformation": "ICAs frysta sej är en god matfisk som passar bra till grytor och gratänger. Se ICA.se för tips och recept.",
    "countryText": "",
    "companyText": "ICA",
    "ingrediensText": "Renskurna filéer av sej* (Pollachius virens). Enstaka ben kan förekomma. *Fångad i Nordostatlanten, fångstzon 27. Beroende på råvarutillgång varierar fångstområden och fångstmetoder för fisken. Dessa anges i ett kodsystem: A=Barents Hav B=Norska Havet 1=Trålar 2=Krokar och linor 3=Nät/garn 4=Ringnotar och sänkhåvar 5=Notar. För aktuell information, se kod vid bäst före-datum.",
    "storage": "",
    "allergens": "",
    "usage": "",
    "nutrition": [
      {
        "Näringsvärde": "Energi (kcal)",
        "100 Gram": "82 kcal"
      },
      {
        "Näringsvärde": "Energi (kJ)",
        "100 Gram": "344 kJ"
      },
      {
        "Näringsvärde": "Fett",
        "100 Gram": "0.5 g"
      },
      {
        "Näringsvärde": "Varav mättat fett",
        "100 Gram": "0 g"
      },
      {
        "Näringsvärde": "Kolhydrat",
        "100 Gram": "0 g"
      },
      {
        "Näringsvärde": "Varav sockerarter",
        "100 Gram": "0 g"
      },
      {
        "Näringsvärde": "Protein",
        "100 Gram": "19 g"
      },
      {
        "Näringsvärde": "Salt",
        "100 Gram": "0.2 g"
      }
    ],
    "nutritionUnitText": "Näringsvärde per 100 gram",
    "categories": {
      "mainCategory": "Fryst",
      "subCategories": [
        {
          "name": "Fryst fisk & Skaldjur",
          "subSubCategories": [
            "Fryst torsk & vitfisk"
          ]
        }
      ]
    }
  },
  {
    "name": "Fiskgratäng räksås Fryst 350g ICA",
    "weightText": "0.35 kg",
    "caPart": "",
    "weightValue": 0.35,
    "weightUnit": "kg",
    "comparePrice": "88,43 kr/kg",
    "currentPrice": 30.95,
    "attributes": [
      "MSC-märkt"
    ],
    "imgUrl": "https://handlaprivatkund.ica.se/images-v3/bf7a00ca-390e-4769-865f-dc369586872e/7fa77b22-0603-4d30-b9b4-ea6ae921a2a3/500x500.jpg",
    "productInformation": "Fryst fiskgratäng med vit fisk täckt med räksås och spritsat potatismos längs sidorna. En portion. Värm enkelt i ugn eller i mikrovågsugn.",
    "countryText": "",
    "companyText": "ICA",
    "ingrediensText": "POTATISMOS 50%: Vatten, potatismospulver (potatis, KÄRNMJÖLKSPULVER, MJÖLKPULVER, salt, GRÄDDPULVER, stabiliseringsmedel (E471), konserveringsmedel (E222 NATRIUMVÄTESULFIT), antioxidationsmedel (E300), kryddextrakt (svartpeppar)), SKUMMJÖLKSPULVER, smör (MJÖLK), salt, pepparextrakt. FISK 26%: Renskurna filéer av ALASKA POLLOCK* (Theragra chalcogramma). SÅS 21%: Vatten, SKUMMJÖLKPULVER, modifierad majsstärkelse, GRÄDDPULVER, smör (MJÖLK), dill 0,3%, räkkrydda (RÄKPULVER, salt, paprika), salt, citronpeppar (salt, svartpeppar, surhetsreglerande medel (E330), potatisstärkelse, socker, lök, citronextrakt), pepparextrakt, dillarom. RÄKOR 3%: RÄKOR** (Pandalus borealis) *Fiskad med trål i Stilla Havet, fångstzon 67. **Fiskade med trål i Nordvästatlanten, fångstzon 21.",
    "storage": "Djupfryst. I frysutrymme (–18°C eller kallare). Bör ej frysas om efter upptining. Lägsta förvaringstemperatur -25°C Högsta förvaringstemperatur -18°C",
    "allergens": "Innehåller Mjölk Innehåller Kräftdjur Innehåller Fisk Innehåller Svaveldioxid eller sulfit",
    "usage": "",
    "nutrition": [
      {
        "Näringsvärde": "Energi (kcal)",
        "100 Gram": "110 kcal"
      },
      {
        "Näringsvärde": "Energi (kJ)",
        "100 Gram": "457 kJ"
      },
      {
        "Näringsvärde": "Fett",
        "100 Gram": "3.5 g"
      },
      {
        "Näringsvärde": "Varav mättat fett",
        "100 Gram": "2.3 g"
      },
      {
        "Näringsvärde": "Kolhydrat",
        "100 Gram": "11 g"
      },
      {
        "Näringsvärde": "Varav sockerarter",
        "100 Gram": "3.6 g"
      },
      {
        "Näringsvärde": "Protein",
        "100 Gram": "8.1 g"
      },
      {
        "Näringsvärde": "Salt",
        "100 Gram": "1.2 g"
      }
    ],
    "nutritionUnitText": "Näringsvärde per 100 gram",
    "categories": {
      "mainCategory": "Fryst",
      "subCategories": [
        {
          "name": "Fryst färdigmat",
          "subSubCategories": [
            "Frysta portionsrätter",
            "Fryst enportion"
          ]
        }
      ]
    }
  },
  {
    "name": "Caviar röd storkorning stenbitsrom 80g Abba",
    "weightText": "0.08 kg",
    "caPart": "",
    "weightValue": 0.08,
    "weightUnit": "kg",
    "comparePrice": "449,38 kr/kg",
    "currentPrice": 35.95,
    "attributes": [
      "MSC-märkt"
    ],
    "imgUrl": "https://handlaprivatkund.ica.se/images-v3/bf7a00ca-390e-4769-865f-dc369586872e/c18778fd-f33e-4c9a-b012-8cdeee6e493a/500x500.jpg",
    "productInformation": "Rom från stenbit. Tillverkad i Kungshamn på bohuslänska västkusten. Produkten är MSC-märkt.",
    "countryText": "",
    "companyText": "Abba",
    "ingrediensText": "Saltad STENBITSROM* (88%), vatten, förtjockningsmedel (E415), konserveringsmedel (E211, E202), syra (E330), safflorextrakt, lökextrakt, färgämne (E120)",
    "storage": "I kylskåp max 8 °C. Öppnad förpackning konsumeras inom 14 dagar",
    "allergens": "",
    "usage": "",
    "nutrition": [
      {
        "Näringsvärde": "Energi (kcal)",
        "100 Gram": "90 kcal"
      },
      {
        "Näringsvärde": "Energi (kJ)",
        "100 Gram": "370 kJ"
      },
      {
        "Näringsvärde": "Fett",
        "100 Gram": "4 g"
      },
      {
        "Näringsvärde": "Varav mättat fett",
        "100 Gram": "0.9 g"
      },
      {
        "Näringsvärde": "Kolhydrat",
        "100 Gram": "2 g"
      },
      {
        "Näringsvärde": "Varav sockerarter",
        "100 Gram": "0 g"
      },
      {
        "Näringsvärde": "Protein",
        "100 Gram": "11 g"
      },
      {
        "Näringsvärde": "Salt",
        "100 Gram": "4.9 g"
      }
    ],
    "nutritionUnitText": "Näringsvärde per 100 gram",
    "categories": {
      "mainCategory": "Fisk & Skaldjur",
      "subCategories": [
        {
          "name": "Kaviar & Rom",
          "subSubCategories": [
            "Färsk rom"
          ]
        }
      ]
    }
  },
  {
    "name": "Torskfilér i bitar 375g Royal Greenland",
    "weightText": "0.375 kg",
    "caPart": "",
    "weightValue": 0.375,
    "weightUnit": "kg",
    "comparePrice": "231,87 kr/kg",
    "currentPrice": 86.95,
    "attributes": [
      "Nyckelhålet",
      "MSC-märkt"
    ],
    "imgUrl": "https://handlaprivatkund.ica.se/images-v3/bf7a00ca-390e-4769-865f-dc369586872e/bfc6ba17-d568-41fa-b270-c1401502d203/500x500.jpg",
    "productInformation": "Royal Greenlands MSC-certifierade torskfiléer i bitar är perfekta för grytor och fiskgratänger eller en läcker fisksoppa. Torsken är en klassiker på vårt middagsbord och med torskryggfiléerna från Royal Greenland är det besvärliga arbetet redan gjort.",
    "countryText": "",
    "companyText": "Royal Greenland",
    "ingrediensText": "INGREDIENSER: Torskfilé (FISK) (Gadus morhua), renskurna bitar av filé, 2-6 bitar. Fångade i Barents hav, Norska havet och farvattnen kring Svalbard och Björnön, Nordsjön med trålar, krokar och linor. Enstaka ben kan förekomma.",
    "storage": "Lägsta förvaringstemperatur -25°C Högsta förvaringstemperatur -18°C",
    "allergens": "Innehåller Fisk",
    "usage": "",
    "nutrition": [
      {
        "Näringsvärde": "Energi (kcal)",
        "100 Gram": "77 kcal"
      },
      {
        "Näringsvärde": "Energi (kJ)",
        "100 Gram": "325 kJ"
      },
      {
        "Näringsvärde": "Fett",
        "100 Gram": "0.5 g"
      },
      {
        "Näringsvärde": "Varav mättat fett",
        "100 Gram": "0.3 g"
      },
      {
        "Näringsvärde": "Kolhydrat",
        "100 Gram": "0 g"
      },
      {
        "Näringsvärde": "Varav sockerarter",
        "100 Gram": "0 g"
      },
      {
        "Näringsvärde": "Protein",
        "100 Gram": "18 g"
      },
      {
        "Näringsvärde": "Salt",
        "100 Gram": "0.2 g"
      }
    ],
    "nutritionUnitText": "Näringsvärde per 100 gram",
    "categories": {
      "mainCategory": "Fryst",
      "subCategories": [
        {
          "name": "Fryst fisk & Skaldjur",
          "subSubCategories": [
            "Fryst torsk & vitfisk"
          ]
        }
      ]
    }
  },
  {
    "name": "Lax i portionsbitar Fryst 2-p 280g KRAV ICA I love eco",
    "weightText": "0.28 kg",
    "caPart": "",
    "weightValue": 0.28,
    "weightUnit": "kg",
    "comparePrice": "349,82 kr/kg",
    "currentPrice": 97.95,
    "attributes": [
      "Nyckelhålet",
      "Ekologiskt",
      "KRAV"
    ],
    "imgUrl": "https://handlaprivatkund.ica.se/images-v3/bf7a00ca-390e-4769-865f-dc369586872e/004a7753-5bd6-496f-87a9-ddb5b5df16a5/500x500.jpg",
    "productInformation": "ICA I love eco Lax i portionsbitar är perfekta att ha i frysen för att snabbt plocka fram och göra en god middag. Vår lax är ekologisk odlad utanför Nordnorges kust och KRAV-märkt. Den är benfri och skuren i portionsbitar, så att du kan börja laga direkt. Stek, grilla, ugnsstek eller koka – lax kan du göra allt ifrån att grilla med sesamfrön eller ugnssteka till en asiatisk sallad till att lägga i en fiskgryta med saffran och räkor.",
    "countryText": "",
    "companyText": "ICA I love eco",
    "ingrediensText": "Laxfilé* (Salmo salar) utan skinn. *Odlad i Norge. Enstaka ben kan förekomma.",
    "storage": "Lägsta förvaringstemperatur -25°C Högsta förvaringstemperatur -18°C",
    "allergens": "Innehåller Fisk",
    "usage": "",
    "nutrition": [
      {
        "Näringsvärde": "Energi (kcal)",
        "100 Gram": "180 kcal"
      },
      {
        "Näringsvärde": "Energi (kJ)",
        "100 Gram": "750 kJ"
      },
      {
        "Näringsvärde": "Fett",
        "100 Gram": "12 g"
      },
      {
        "Näringsvärde": "Varav mättat fett",
        "100 Gram": "2.6 g"
      },
      {
        "Näringsvärde": "Kolhydrat",
        "100 Gram": "0 g"
      },
      {
        "Näringsvärde": "Varav sockerarter",
        "100 Gram": "0 g"
      },
      {
        "Näringsvärde": "Protein",
        "100 Gram": "18 g"
      }
    ],
    "nutritionUnitText": "Näringsvärde per 100 gram",
    "categories": {
      "mainCategory": "Fryst",
      "subCategories": [
        {
          "name": "Fryst fisk & Skaldjur",
          "subSubCategories": [
            "Fryst lax"
          ]
        }
      ]
    }
  },
  {
    "name": "Fiskgratäng räk & dillsås Fryst 600g Findus",
    "weightText": "0.6 kg",
    "caPart": "",
    "weightValue": 0.6,
    "weightUnit": "kg",
    "comparePrice": "89,92 kr/kg",
    "currentPrice": 53.95,
    "attributes": [
      "MSC-märkt"
    ],
    "imgUrl": "https://handlaprivatkund.ica.se/images-v3/bf7a00ca-390e-4769-865f-dc369586872e/dc963904-0600-4a47-aba1-46d7fae285c5/500x500.jpg",
    "productInformation": "En klassisk fiskgratäng med räk- och dillsås. Findus Fiskgratäng Räk- & dillsås är gjord på renskurna filéer av Alaska pollock samt ett fylligt potatismos. Fisken täcks sedan av en krämig sås på räkor och dill. En svårslagen kombination som passar utmärkt till vardagsmiddagen. Tillaga fiskgratängen enkelt i ugnen och njut av en god fiskmåltid!",
    "countryText": "",
    "companyText": "Findus",
    "ingrediensText": "Mos 48 %: Kokt Potatis, MJÖLKPULVER, solrosolja, ÄGGULA, SMÖR, salt, svartpeppar. Fisk 27 %: Renskurna filéer av ALASKA POLLOCK* (Theragra chalcogramma). Sås 25 %: SKUMMJÖLK, vatten, RÄKOR** 2,5 % (Pandalus borealis), stärkelse (VETE, majs, potatis), VISPGRÄDDE, solrosolja, vitt vin, lök, tomatpuré, dill 0,4 %, salt, morötter, citronjuice, FISKPULVER, vitlök, socker, RÄKEXTRAKT, lökpulver, naturlig arom, vitpeppar, lagerblad, svartpeppar. *Fiskad i nordöstra eller nordvästra Stilla havet. **Fiskad i Nordostatlanten (Barents hav, Norska havet, Spetsbergen eller Björnön).",
    "storage": "FÖRVARING OCH MINSTA HÅLLBARHETI frysutrymme (-18ºC eller kallare), se datummärkning. Bör alltid förvaras fryst. Bör ej frysas efter upptining. Lägsta förvaringstemperatur -25°C Högsta förvaringstemperatur -18°C",
    "allergens": "Innehåller Kräftdjur Innehåller Ägg Innehåller Spannmål som innehåller gluten Innehåller Fisk Innehåller Mjölk",
    "usage": "",
    "nutrition": [
      {
        "Näringsvärde": "Energi (kcal)",
        "100 Gram": "108 kcal"
      },
      {
        "Näringsvärde": "Energi (kJ)",
        "100 Gram": "455 kJ"
      },
      {
        "Näringsvärde": "Fett",
        "100 Gram": "3.5 g"
      },
      {
        "Näringsvärde": "Varav mättat fett",
        "100 Gram": "1.2 g"
      },
      {
        "Näringsvärde": "Kolhydrat",
        "100 Gram": "12 g"
      },
      {
        "Näringsvärde": "Varav sockerarter",
        "100 Gram": "1.9 g"
      },
      {
        "Näringsvärde": "Fiber",
        "100 Gram": "0.7 g"
      },
      {
        "Näringsvärde": "Protein",
        "100 Gram": "6.8 g"
      },
      {
        "Näringsvärde": "Salt",
        "100 Gram": "0.93 g"
      }
    ],
    "nutritionUnitText": "",
    "categories": {
      "mainCategory": "Fryst",
      "subCategories": [
        {
          "name": "Fryst färdigmat",
          "subSubCategories": [
            "Frysta portionsrätter",
            "Fryst flerportion"
          ]
        }
      ]
    }
  },
  {
    "name": "Ryggfilé av Torsk Fryst 3-p 420g ICA",
    "weightText": "0.42 kg",
    "caPart": "",
    "weightValue": 0.42,
    "weightUnit": "kg",
    "comparePrice": "283,33 kr/kg",
    "currentPrice": 119,
    "attributes": [],
    "imgUrl": "https://handlaprivatkund.ica.se/images-v3/bf7a00ca-390e-4769-865f-dc369586872e/34bfff0a-2274-4fc8-a282-5eecd76805ca/500x500.jpg",
    "productInformation": "ICA Ryggfilé av Torsk är den finaste delen av torsken som du både kan steka eller använda i soppa, gryta och gratäng. Men allra godast blir den nästan av att bara smörstekas. Vår torsk är givetvis MSC-märkt, vilket betyder att den har fiskats hållbart.",
    "countryText": "",
    "companyText": "ICA",
    "ingrediensText": "Renskurna filéer av TORSK * (Gadus morhua). Enstaka ben kan förekomma. * Fängad i Nordostatlanten, fängstzon 27. Beroande på rävarutillgäng varierar fängstomräden och fängstmetoder för fisken. Dessa anges i ett kodsystem: A = Barents hav B= Norska havet 1 = Fängad med trålar 2= Fängad med krokar och linor 3= Fängad med nät/garn 4= Fängad med notar. För aktuell information, se kod vid bäst före datum.",
    "storage": "",
    "allergens": "",
    "usage": "",
    "nutrition": [
      {
        "Näringsvärde": "Energi (kcal)",
        "100 Gram": "78 kcal"
      },
      {
        "Näringsvärde": "Energi (kJ)",
        "100 Gram": "328 kJ"
      },
      {
        "Näringsvärde": "Fett",
        "100 Gram": "0.5 g"
      },
      {
        "Näringsvärde": "Varav mättat fett",
        "100 Gram": "0.5 g"
      },
      {
        "Näringsvärde": "Kolhydrat",
        "100 Gram": "0 g"
      },
      {
        "Näringsvärde": "Varav sockerarter",
        "100 Gram": "0 g"
      },
      {
        "Näringsvärde": "Protein",
        "100 Gram": "18 g"
      },
      {
        "Näringsvärde": "Salt",
        "100 Gram": "0.2 g"
      }
    ],
    "nutritionUnitText": "Näringsvärde per 100 gram",
    "categories": {
      "mainCategory": "Fryst",
      "subCategories": [
        {
          "name": "Fryst fisk & Skaldjur",
          "subSubCategories": [
            "Fryst torsk & vitfisk"
          ]
        }
      ]
    }
  },
  {
    "name": "Fiskpinnar 450g ICA",
    "weightText": "0.45 kg",
    "caPart": "",
    "weightValue": 0.45,
    "weightUnit": "kg",
    "comparePrice": "67,78 kr/kg",
    "currentPrice": 30.5,
    "attributes": [
      "MSC-märkt"
    ],
    "imgUrl": "https://handlaprivatkund.ica.se/images-v3/bf7a00ca-390e-4769-865f-dc369586872e/eb78e19d-38d9-43c2-9cb3-27bd2400f9f5/500x500.jpg",
    "productInformation": "ICA Fiskpinnar är panerade bitar av vit fisk med mild smak och krispig yta. En riktig svensk klassiker – och de flesta barnens favoritfisk. Testa att servera med ett hemgjort potatismos och en kall dillsås.",
    "countryText": "",
    "companyText": "ICA",
    "ingrediensText": "ALASKA POLLOCK* (Theragra chalcogramma) 65%, ströbröd (VETEMJÖL, rapsolja, vatten, potatisstärkelse, salt, jäst, kryddor (paprika, gurkmeja)). Enstaka ben kan förekomma. *Fiskad med trålar i (A) nordvästra Stilla havet FAO 61 (Beringshavet/Okhotskhavet) eller i (B) nordöstra Stilla havet FAO 67 (Beringshavet/Alaskabukten). För aktuellt fångstområde, se bäst-före rutan.",
    "storage": "I frysutrymme (–18°C eller kallare). Bör ej frysas om efter upptining. Lägsta förvaringstemperatur -18°C Högsta förvaringstemperatur -18°C",
    "allergens": "Innehåller Fisk Innehåller Spannmål som innehåller gluten",
    "usage": "",
    "nutrition": [
      {
        "Näringsvärde": "Energi (kcal)",
        "100 Gram": "181 kcal"
      },
      {
        "Näringsvärde": "Energi (kJ)",
        "100 Gram": "759 kJ"
      },
      {
        "Näringsvärde": "Fett",
        "100 Gram": "7.9 g"
      },
      {
        "Näringsvärde": "Varav mättat fett",
        "100 Gram": "1 g"
      },
      {
        "Näringsvärde": "Kolhydrat",
        "100 Gram": "15 g"
      },
      {
        "Näringsvärde": "Varav sockerarter",
        "100 Gram": "1 g"
      },
      {
        "Näringsvärde": "Fiber",
        "100 Gram": "0.9 g"
      },
      {
        "Näringsvärde": "Protein",
        "100 Gram": "12 g"
      },
      {
        "Näringsvärde": "Salt",
        "100 Gram": "0.83 g"
      }
    ],
    "nutritionUnitText": "Näringsvärde per 100 gram",
    "categories": {
      "mainCategory": "Fisk & Skaldjur",
      "subCategories": [
        {
          "name": "Färdiga fiskrätter",
          "subSubCategories": [
            "Fiskpinnar & Panerad fisk",
            "Fiskpinnar"
          ]
        }
      ]
    }
  },
  {
    "name": "Surimisticks 200g ICA",
    "weightText": "0.2 kg",
    "caPart": "",
    "weightValue": 0.2,
    "weightUnit": "kg",
    "comparePrice": "84,75 kr/kg",
    "currentPrice": 16.95,
    "attributes": [
      "MSC-märkt"
    ],
    "imgUrl": "https://handlaprivatkund.ica.se/images-v3/bf7a00ca-390e-4769-865f-dc369586872e/edc1a44e-a45f-4d79-bf5b-503c824ced16/500x500.jpg",
    "productInformation": "",
    "countryText": "",
    "companyText": "ICA",
    "ingrediensText": "Fiskfärs 49% (ALASKA POLLOCK (Theragra chalcogramma), STILLA HAVSKUMMEL (Merluccius productus)), vatten, ÄGGVITA, VETESTÄRKELSE, potatisstärkelse, socker, salt, aromer (innehåller KRÄFTDJUR), ÄGG, färgämnen (E120, E160c) ärtstärkelse. Kan innehålla spår av soja.",
    "storage": "I frysutrymme (–18°C eller kallare). Bör ej frysas om efter upptining. Lägsta förvaringstemperatur -18°C Högsta förvaringstemperatur -18°C",
    "allergens": "Innehåller Kräftdjur Kan innehålla Sojabönor Innehåller Spannmål som innehåller gluten Innehåller Fisk Innehåller Ägg",
    "usage": "",
    "nutrition": [
      {
        "Näringsvärde": "Energi (kcal)",
        "100 Gram": "84 kcal"
      },
      {
        "Näringsvärde": "Energi (kJ)",
        "100 Gram": "357 kJ"
      },
      {
        "Näringsvärde": "Fett",
        "100 Gram": "0.6 g"
      },
      {
        "Näringsvärde": "Varav mättat fett",
        "100 Gram": "0.5 g"
      },
      {
        "Näringsvärde": "Kolhydrat",
        "100 Gram": "11 g"
      },
      {
        "Näringsvärde": "Varav sockerarter",
        "100 Gram": "5.4 g"
      },
      {
        "Näringsvärde": "Protein",
        "100 Gram": "8.8 g"
      },
      {
        "Näringsvärde": "Salt",
        "100 Gram": "1.7 g"
      }
    ],
    "nutritionUnitText": "Näringsvärde per 100 gram",
    "categories": {
      "mainCategory": "Fryst",
      "subCategories": [
        {
          "name": "Fryst fisk & Skaldjur",
          "subSubCategories": [
            "Frysta skaldjursdelikatesser"
          ]
        }
      ]
    }
  },
  {
    "name": "Rödspättafilé Fryst 400g ICA",
    "weightText": "0.4 kg",
    "caPart": "",
    "weightValue": 0.4,
    "weightUnit": "kg",
    "comparePrice": "204,88 kr/kg",
    "currentPrice": 81.95,
    "attributes": [
      "Nyckelhålet",
      "MSC-märkt"
    ],
    "imgUrl": "https://handlaprivatkund.ica.se/images-v3/bf7a00ca-390e-4769-865f-dc369586872e/28a88061-80c1-4e12-bc4f-c890d5e48b08/500x500.jpg",
    "productInformation": "ICA Rödspättafiléer är styckfrysta filéer som går snabbt att tina och är lätta att tillaga. De är tunna och passar både att panera och steka upp. En klassiker är förstås att servera den stekta spättafilén till kokt potatis och remouladsås, men du som är lite mer äventyrlig kan testa att servera med till exempel rödbeta, kapris och citron och få en underbar blandning av sött, salt och syrligt!",
    "countryText": "",
    "companyText": "ICA",
    "ingrediensText": "Renskurna filéer av RÖDSPÄTTA* (Pleuronectes platessa).Enstaka ben kan förekomma. *Fångad med trålar i Nordsjön,fångstzon 27,4. Vikt: 400g netto (exklusive skyddandeishinna).",
    "storage": "Lägsta förvaringstemperatur -25°C Högsta förvaringstemperatur -18°C",
    "allergens": "Innehåller Fisk",
    "usage": "",
    "nutrition": [
      {
        "Näringsvärde": "Energi (kcal)",
        "100 Gram": "70 kcal"
      },
      {
        "Näringsvärde": "Energi (kJ)",
        "100 Gram": "310 kJ"
      },
      {
        "Näringsvärde": "Fett",
        "100 Gram": "1.1 g"
      },
      {
        "Näringsvärde": "Varav mättat fett",
        "100 Gram": "0.5 g"
      },
      {
        "Näringsvärde": "Kolhydrat",
        "100 Gram": "0 g"
      },
      {
        "Näringsvärde": "Varav sockerarter",
        "100 Gram": "0 g"
      },
      {
        "Näringsvärde": "Protein",
        "100 Gram": "15 g"
      },
      {
        "Näringsvärde": "Salt",
        "100 Gram": "0.4 g"
      }
    ],
    "nutritionUnitText": "Näringsvärde per 100 gram",
    "categories": {
      "mainCategory": "Fisk & Skaldjur",
      "subCategories": [
        {
          "name": "Fisk",
          "subSubCategories": [
            "Rödspätta & Plattfisk",
            "Fryst Rödspätta & Plattfisk"
          ]
        }
      ]
    }
  },
  {
    "name": "Alaska pollock 600g ICA",
    "weightText": "0.6 kg",
    "caPart": "",
    "weightValue": 0.6,
    "weightUnit": "kg",
    "comparePrice": "116,58 kr/kg",
    "currentPrice": 69.95,
    "attributes": [
      "Nyckelhålet",
      "MSC-märkt"
    ],
    "imgUrl": "https://handlaprivatkund.ica.se/images-v3/bf7a00ca-390e-4769-865f-dc369586872e/ff6b2020-0cab-4553-8606-892ee4de6d03/500x500.jpg",
    "productInformation": "ICA Alaska pollock är en matfisk med mild smak som passar bra att steka och äta som den är eller använda i soppa, gryta och gratäng.",
    "countryText": "",
    "companyText": "ICA",
    "ingrediensText": "Ingredienser Renskurna filéer av ALASKA POLLOCK* (Theragra chalcogramma). *Fångad med trål i Stilla Havet, fångstzon 61, 67. Enstaka ben kan förekomma.",
    "storage": "Lägsta förvaringstemperatur -23°C Högsta förvaringstemperatur -18°C",
    "allergens": "Innehåller Fisk",
    "usage": "",
    "nutrition": [
      {
        "Näringsvärde": "Energi (kcal)",
        "100 Gram": "72 kcal"
      },
      {
        "Näringsvärde": "Energi (kJ)",
        "100 Gram": "307 kJ"
      },
      {
        "Näringsvärde": "Fett",
        "100 Gram": "0.4 g"
      },
      {
        "Näringsvärde": "Varav mättat fett",
        "100 Gram": "0 g"
      },
      {
        "Näringsvärde": "Kolhydrat",
        "100 Gram": "0 g"
      },
      {
        "Näringsvärde": "Varav sockerarter",
        "100 Gram": "0 g"
      },
      {
        "Näringsvärde": "Protein",
        "100 Gram": "17 g"
      },
      {
        "Näringsvärde": "Salt",
        "100 Gram": "0.4 g"
      }
    ],
    "nutritionUnitText": "Näringsvärde per 100 gram",
    "categories": {
      "mainCategory": "Fryst",
      "subCategories": [
        {
          "name": "Fryst fisk & Skaldjur",
          "subSubCategories": [
            "Fryst torsk & vitfisk"
          ]
        }
      ]
    }
  },
  {
    "name": "Stora räkor med skal 70/90 st/kg Fryst 500g ICA",
    "weightText": "0.5 kg",
    "caPart": "",
    "weightValue": 0.5,
    "weightUnit": "kg",
    "comparePrice": "157,90 kr/kg",
    "currentPrice": 78.95,
    "attributes": [
      "Nyckelhålet",
      "MSC-märkt"
    ],
    "imgUrl": "https://handlaprivatkund.ica.se/images-v3/bf7a00ca-390e-4769-865f-dc369586872e/733f1212-031a-46da-8190-3e3c222b6a79/500x500.jpg",
    "productInformation": "ICA Räkor med skal 70-90 st/kg är fina frysta MSC-märkta räkor som fiskats på ett hållbart sätt. Bästa sättet att tina dem är långsamt i kylskåpet så de behåller sin goda smak och konsistens. Slå gärna in dem i papper som suger upp vätskan. Du kan också tina dem i ett durkslag i rumstemperatur.",
    "countryText": "",
    "companyText": "ICA",
    "ingrediensText": "Kokta ISHAVSRÄKOR* med skal/skall (Pandalus borealis), salt. Kan innehålla spår/spor av fisk. Storlek/størrelse: 70-90 st/kg. *Fångade med trålar i Nordvästatlanten/Nordveslige atlanterhavet, fångstzon 21.",
    "storage": "Lägsta förvaringstemperatur -25°C Högsta förvaringstemperatur -18°C",
    "allergens": "Innehåller Kräftdjur Kan innehålla Fisk",
    "usage": "",
    "nutrition": [],
    "nutritionUnitText": "Näringsvärde per styck",
    "categories": {
      "mainCategory": "Fisk & Skaldjur",
      "subCategories": [
        {
          "name": "Skaldjur",
          "subSubCategories": [
            "Räkor",
            "Frysta räkor"
          ]
        }
      ]
    }
  },
  {
    "name": "Matjessill i bitar 200g Klädesholmen",
    "weightText": "0.125 kg",
    "caPart": "",
    "weightValue": 0.125,
    "weightUnit": "kg",
    "comparePrice": "151,60 kr/kg u. spad",
    "currentPrice": 18.95,
    "attributes": [],
    "imgUrl": "https://handlaprivatkund.ica.se/images-v3/bf7a00ca-390e-4769-865f-dc369586872e/b3bdc081-9fe3-4710-ada4-b734957693de/500x500.jpg",
    "productInformation": "Klädesholmen Matjessill i bitar 200g Plastförpackning.",
    "countryText": "",
    "companyText": "Klädesholmen",
    "ingrediensText": "INGREDIENSER: Kryddad SILL (125g)(Clupea harengus) i bitar (SILL, salt, socker, kryddor), vatten, socker, röd vinättika (rödvinsvinäger, ättika, vatten), ättika, kryddor, dill, konserveringsmedel (E211), kryddextrakt, arom.",
    "storage": "Förvaras kylt.",
    "allergens": "",
    "usage": "",
    "nutrition": [
      {
        "Näringsvärde": "Energi (kcal)",
        "100 Gram": "230 kcal"
      },
      {
        "Näringsvärde": "Energi (kJ)",
        "100 Gram": "950 kJ"
      },
      {
        "Näringsvärde": "Fett",
        "100 Gram": "14 g"
      },
      {
        "Näringsvärde": "Varav mättat fett",
        "100 Gram": "4 g"
      },
      {
        "Näringsvärde": "Kolhydrat",
        "100 Gram": "15 g"
      },
      {
        "Näringsvärde": "Varav sockerarter",
        "100 Gram": "15 g"
      },
      {
        "Näringsvärde": "Protein",
        "100 Gram": "12 g"
      },
      {
        "Näringsvärde": "Salt",
        "100 Gram": "6 g"
      }
    ],
    "nutritionUnitText": "Näringsvärde per 100 gram",
    "categories": {
      "mainCategory": "Fisk & Skaldjur",
      "subCategories": [
        {
          "name": "Sill & Ansjovis",
          "subSubCategories": [
            "Inlagd sill"
          ]
        }
      ]
    }
  },
  {
    "name": "Frasiga fiskfiléer Glutenfria 340g Findus",
    "weightText": "0.34 kg",
    "caPart": "",
    "weightValue": 0.34,
    "weightUnit": "kg",
    "comparePrice": "161,62 kr/kg",
    "currentPrice": 54.95,
    "attributes": [
      "Glutenfritt",
      "MSC-märkt"
    ],
    "imgUrl": "https://handlaprivatkund.ica.se/images-v3/bf7a00ca-390e-4769-865f-dc369586872e/fe3920b8-7987-48b9-a676-9678d189113a/500x500.jpg",
    "productInformation": "SUNT OCH GOTT! Panerad fisk är ett gott, sunt och enkelt middagsval som ska kunna ätas av alla! Våra Frasiga Fiskfiléer har en unik panering som är glutenfri. Blandningen av rismjöl och kikärtsmjöl ger paneringen en spröd krispighet. Frasiga Fiskfiléer är gjorda av Alaska pollock som fiskats med stor omsorg i det kalla norra Stilla havet. De är en bra proteinkälla som är rik på omega-3 och har lågt innehåll av mättat fett. Frasiga Fiskfiléer smakar allra bäst och behåller sin frasighet om de tilllagas i ugnen. Smaklig måltid!",
    "countryText": "",
    "companyText": "Findus",
    "ingrediensText": "Renskurna filéer av ALASKA POLLOCK* (FISK) 59 % (Theragra chalcogramma), rapsolja, rismjöl 9,7 %, majsstärkelse, vatten, kikärtsmjöl 4,4 %, majsmjöl, salt, potatisstärkelse, kryddor (paprika, peppar), druvsocker, lökpulver, kryddextrakt. *Fiskad i nordöstra eller nordvästra Stilla havet. Trots stor noggrannhet med att ta bort alla fiskben kan det finnas ben kvar.",
    "storage": "FÖRVARING OCH MINSTA HÅLLBARHET: I frysutrymme (-18ºC eller kallare), se datummärkning. Bör alltid förvaras fryst. Lägsta förvaringstemperatur -25°C Högsta förvaringstemperatur -18°C",
    "allergens": "Innehåller Fisk",
    "usage": "",
    "nutrition": [
      {
        "Näringsvärde": "Energi (kcal)",
        "100 Gram": "229 kcal"
      },
      {
        "Näringsvärde": "Energi (kJ)",
        "100 Gram": "959 kJ"
      },
      {
        "Näringsvärde": "Fett",
        "100 Gram": "12 g"
      },
      {
        "Näringsvärde": "Varav mättat fett",
        "100 Gram": "1 g"
      },
      {
        "Näringsvärde": "Kolhydrat",
        "100 Gram": "18 g"
      },
      {
        "Näringsvärde": "Varav sockerarter",
        "100 Gram": "0.5 g"
      },
      {
        "Näringsvärde": "Fiber",
        "100 Gram": "0.6 g"
      },
      {
        "Näringsvärde": "Protein",
        "100 Gram": "12 g"
      },
      {
        "Näringsvärde": "Salt",
        "100 Gram": "0.99 g"
      },
      {
        "Näringsvärde": "Selen",
        "100 Gram": "12 µg"
      }
    ],
    "nutritionUnitText": "",
    "categories": {
      "mainCategory": "Fisk & Skaldjur",
      "subCategories": [
        {
          "name": "Färdiga fiskrätter",
          "subSubCategories": [
            "Fiskpinnar & Panerad fisk",
            "Panerad fisk"
          ]
        }
      ]
    }
  },
  {
    "name": "Kaviar original 190g Kalles",
    "weightText": "0.19 kg",
    "caPart": "",
    "weightValue": 0.19,
    "weightUnit": "kg",
    "comparePrice": "150,00 kr/kg",
    "currentPrice": 28.5,
    "attributes": [
      "MSC-märkt"
    ],
    "imgUrl": "https://handlaprivatkund.ica.se/images-v3/bf7a00ca-390e-4769-865f-dc369586872e/e57664ab-ce1f-48d0-951a-ac0f713a048e/500x500.jpg",
    "productInformation": "Kalles Original 190g är en riktig klassiker på mackan. Kaviaren är gjord på mildrökt rom och passar utmärkt som pålägg på frukostmackan, mellanmålet eller till kokta ägg! Kalles kaviar har varit hela Sveriges oersättliga favorit på frukostbordet sedan 1954. Kalles kaviar görs av utvald rom från torsk&sej som fiskas framför allt i Nordnorge (Norska Havet & Barents hav). Kalles kaviar tillverkas i Sverige, i den idylliska fiskorten Kungshamn på västkusten. Vill du ta del av Kalles värld eller inspireras av riktigt smarriga kaviarmackor - besök kalles.se.",
    "countryText": "",
    "companyText": "Kalles",
    "ingrediensText": "Rökt sockersaltad rom från TORSKFISKAR (52%), rapsolja, socker, potatisflingor, tomatpuré, salt, konserveringsmedel (kaliumsorbat), antioxidationsmedel (askorbinsyra)",
    "storage": "I kylskåp 2-8 °C",
    "allergens": "",
    "usage": "",
    "nutrition": [
      {
        "Näringsvärde": "Energi (kcal)",
        "100 Gram": "401 kcal"
      },
      {
        "Näringsvärde": "Energi (kJ)",
        "100 Gram": "1679 kJ"
      },
      {
        "Näringsvärde": "Fett",
        "100 Gram": "34 g"
      },
      {
        "Näringsvärde": "Varav mättat fett",
        "100 Gram": "2.5 g"
      },
      {
        "Näringsvärde": "Kolhydrat",
        "100 Gram": "16 g"
      },
      {
        "Näringsvärde": "Varav sockerarter",
        "100 Gram": "12 g"
      },
      {
        "Näringsvärde": "Protein",
        "100 Gram": "8.7 g"
      },
      {
        "Näringsvärde": "Salt",
        "100 Gram": "6.3 g"
      }
    ],
    "nutritionUnitText": "Näringsvärde per 100 gram",
    "categories": {
      "mainCategory": "Fisk & Skaldjur",
      "subCategories": [
        {
          "name": "Kaviar & Rom",
          "subSubCategories": [
            "Kaviar"
          ]
        }
      ]
    }
  },
  {
    "name": "Lax Färsk Varmrökt 125g Miljömärkt ICA",
    "weightText": "0.125 kg",
    "caPart": "",
    "weightValue": 0.125,
    "weightUnit": "kg",
    "comparePrice": "455,60 kr/kg",
    "currentPrice": 56.95,
    "attributes": [
      "Nyckelhålet"
    ],
    "imgUrl": "https://handlaprivatkund.ica.se/images-v3/bf7a00ca-390e-4769-865f-dc369586872e/f3c7622f-8b5f-49aa-a575-7cb2dacc751c/500x500.jpg",
    "productInformation": "ICA Varmrökt lax görs på lax som kommer från en ASC-certifierad ansvarsfull odling.",
    "countryText": "",
    "companyText": "ICA",
    "ingrediensText": "LAXFILÉ* 99% (Salmo salar), salt.*Odlad i Norge.",
    "storage": "kylvara, 0 - +4°C",
    "allergens": "Innehåller Fisk",
    "usage": "Bäst före-datum gäller endast för oöppnad förpackning",
    "nutrition": [
      {
        "Näringsvärde": "Energi (kcal)",
        "100 Gram": "243 kcal"
      },
      {
        "Näringsvärde": "Energi (kJ)",
        "100 Gram": "1010 kJ"
      },
      {
        "Näringsvärde": "Fett",
        "100 Gram": "17 g"
      },
      {
        "Näringsvärde": "Varav mättat fett",
        "100 Gram": "2.6 g"
      },
      {
        "Näringsvärde": "Kolhydrat",
        "100 Gram": "0 g"
      },
      {
        "Näringsvärde": "Varav sockerarter",
        "100 Gram": "0 g"
      },
      {
        "Näringsvärde": "Protein",
        "100 Gram": "22 g"
      },
      {
        "Näringsvärde": "Salt",
        "100 Gram": "1.3 g"
      }
    ],
    "nutritionUnitText": "Näringsvärde per 100 gram",
    "categories": {
      "mainCategory": "Jul",
      "subCategories": [
        {
          "name": "Julmat",
          "subSubCategories": [
            "Lax & Gravlaxsås"
          ]
        }
      ]
    }
  },
  {
    "name": "Kaviar mildrökt 350g ICA",
    "weightText": "0.35 kg",
    "caPart": "",
    "weightValue": 0.35,
    "weightUnit": "kg",
    "comparePrice": "87,14 kr/kg",
    "currentPrice": 30.5,
    "attributes": [
      "MSC-märkt"
    ],
    "imgUrl": "https://handlaprivatkund.ica.se/images-v3/bf7a00ca-390e-4769-865f-dc369586872e/35ffddbd-2bf4-4629-a243-0c671318de5e/500x500.jpg",
    "productInformation": "",
    "countryText": "",
    "companyText": "ICA",
    "ingrediensText": "Sockersaltad rökt ROM FRÅN TORSKFISKAR* 52%, rapsolja, socker, vatten, potatisflingor, tomatpuré, salt, konserveringsmedel (E211), antioxidationsmedel (E300). *För exakt information se kod på tuben. T=torsk (Gadus morhua), S=sej (Pollachius virens), fiskeområde: A=Norska havet, B=Island Va, C=Färöarna Vb, D=Barents hav.",
    "storage": "Lägsta förvaringstemperatur 0°C Högsta förvaringstemperatur 8°C",
    "allergens": "",
    "usage": "",
    "nutrition": [
      {
        "Näringsvärde": "Energi (kcal)",
        "100 Gram": "420 kcal"
      },
      {
        "Näringsvärde": "Energi (kJ)",
        "100 Gram": "1750 kJ"
      },
      {
        "Näringsvärde": "Fett",
        "100 Gram": "37 g"
      },
      {
        "Näringsvärde": "Varav mättat fett",
        "100 Gram": "2.6 g"
      },
      {
        "Näringsvärde": "Kolhydrat",
        "100 Gram": "13 g"
      },
      {
        "Näringsvärde": "Varav sockerarter",
        "100 Gram": "12 g"
      },
      {
        "Näringsvärde": "Protein",
        "100 Gram": "9.3 g"
      },
      {
        "Näringsvärde": "Salt",
        "100 Gram": "5.3 g"
      }
    ],
    "nutritionUnitText": "Näringsvärde per 100 gram",
    "categories": {
      "mainCategory": "Fisk & Skaldjur",
      "subCategories": [
        {
          "name": "Kaviar & Rom",
          "subSubCategories": [
            "Kaviar"
          ]
        }
      ]
    }
  },
  {
    "name": "Kaviar mild 250g ICA",
    "weightText": "0.25 kg",
    "caPart": "",
    "weightValue": 0.25,
    "weightUnit": "kg",
    "comparePrice": "99,80 kr/kg",
    "currentPrice": 24.95,
    "attributes": [
      "MSC-märkt"
    ],
    "imgUrl": "https://handlaprivatkund.ica.se/images-v3/bf7a00ca-390e-4769-865f-dc369586872e/b14570b0-cce1-471a-9283-dae830cc0def/500x500.jpg",
    "productInformation": "",
    "countryText": "",
    "companyText": "ICA",
    "ingrediensText": "Sockersaltad rökt ROM FRÅN TORSKFISKAR* 52%, rapsolja, socker, vatten, potatisflingor, tomatpuré, salt, konserveringsmedel (E211), antioxidationsmedel (E300). *För exakt information se kod på tuben. T=torsk (Gadus morhua), S=sej (Pollachius virens), fiskeområde: A=Norska havet, B=Island Va, C=Färöarna Vb, D=Barents hav.",
    "storage": "",
    "allergens": "",
    "usage": "",
    "nutrition": [
      {
        "Näringsvärde": "Energi (kcal)",
        "100 Gram": "420 kcal"
      },
      {
        "Näringsvärde": "Energi (kJ)",
        "100 Gram": "1750 kJ"
      },
      {
        "Näringsvärde": "Fett",
        "100 Gram": "37 g"
      },
      {
        "Näringsvärde": "Varav mättat fett",
        "100 Gram": "2.6 g"
      },
      {
        "Näringsvärde": "Kolhydrat",
        "100 Gram": "13 g"
      },
      {
        "Näringsvärde": "Varav sockerarter",
        "100 Gram": "12 g"
      },
      {
        "Näringsvärde": "Protein",
        "100 Gram": "9.3 g"
      },
      {
        "Näringsvärde": "Salt",
        "100 Gram": "5.3 g"
      }
    ],
    "nutritionUnitText": "Näringsvärde per 100 gram",
    "categories": {
      "mainCategory": "Fisk & Skaldjur",
      "subCategories": [
        {
          "name": "Kaviar & Rom",
          "subSubCategories": [
            "Kaviar"
          ]
        }
      ]
    }
  },
  {
    "name": "Kräftstjärtar med dillsmak i lake 170g ICA",
    "weightText": "0.17 kg",
    "caPart": "",
    "weightValue": 0.17,
    "weightUnit": "kg",
    "comparePrice": "299,71 kr/kg u. spad",
    "currentPrice": 50.95,
    "attributes": [],
    "imgUrl": "https://handlaprivatkund.ica.se/images-v3/bf7a00ca-390e-4769-865f-dc369586872e/66656a82-e7a4-4902-a998-a0fdbf450547/500x500.jpg",
    "productInformation": "",
    "countryText": "",
    "companyText": "ICA",
    "ingrediensText": "KRÄFTSTJÄRTAR (Procambarus clarkii), vatten, salt, socker, konserveringsmedel (E211, E202), surhetsreglerande medel (E330, E331) dillarom. Kräftor fångade i sötvatten med tinor och fällor i Kina.",
    "storage": "",
    "allergens": "",
    "usage": "",
    "nutrition": [
      {
        "Näringsvärde": "Energi (kcal)",
        "100 Gram": "71 kcal"
      },
      {
        "Näringsvärde": "Energi (kJ)",
        "100 Gram": "296 kJ"
      },
      {
        "Näringsvärde": "Fett",
        "100 Gram": "0.5 g"
      },
      {
        "Näringsvärde": "Varav mättat fett",
        "100 Gram": "0.5 g"
      },
      {
        "Näringsvärde": "Kolhydrat",
        "100 Gram": "0.8 g"
      },
      {
        "Näringsvärde": "Varav sockerarter",
        "100 Gram": "0 g"
      },
      {
        "Näringsvärde": "Protein",
        "100 Gram": "16 g"
      },
      {
        "Näringsvärde": "Salt",
        "100 Gram": "2.4 g"
      }
    ],
    "nutritionUnitText": "Näringsvärde per 100 gram",
    "categories": {
      "mainCategory": "Fisk & Skaldjur",
      "subCategories": [
        {
          "name": "Skaldjur",
          "subSubCategories": [
            "Kräftor",
            "Kräftstjärtar i lake"
          ]
        }
      ]
    }
  },
  {
    "name": "Kaviar mild 300g Kalles",
    "weightText": "0.3 kg",
    "caPart": "",
    "weightValue": 0.3,
    "weightUnit": "kg",
    "comparePrice": "115,00 kr/kg",
    "currentPrice": 34.5,
    "attributes": [
      "MSC-märkt"
    ],
    "imgUrl": "https://handlaprivatkund.ica.se/images-v3/bf7a00ca-390e-4769-865f-dc369586872e/51117481-f99a-4ec9-8447-35f166f35b91/500x500.jpg",
    "productInformation": "Kalles Mild 300g är stor tub med en mildare variant av Kalles Original, perfekt för dig som verkligen älskar Kalles men vill ha en snällare kaviar. Kalles Mild passar utmärkt som pålägg på frukostmackan, som mellanmål eller på kokta ägg! Kalles kaviar har varit hela Sveriges oersättliga favorit på frukostbordet sedan 1954. Kalles kaviar görs av rom från torsk & sej som fiskas framför allt i Nordnorge (Norska Havet & Barents hav). Kalles kaviar tillverkas i Sverige, i den idylliska fiskorten Kungshamn på västkusten. Vill du ta del av Kalles värld eller inspireras av riktigt smarriga kaviarmackor - besök kalles.se.",
    "countryText": "",
    "companyText": "Kalles",
    "ingrediensText": "Rökt sockersaltad rom från TORSKFISKAR (41%), rapsolja, socker, vatten, potatisflingor, tomatpuré, salt, konserveringsmedel (kaliumsorbat), antioxidationsmedel (askorbinsyra)",
    "storage": "I kylskåp 2-8 °C",
    "allergens": "",
    "usage": "",
    "nutrition": [
      {
        "Näringsvärde": "Energi (kcal)",
        "100 Gram": "435 kcal"
      },
      {
        "Näringsvärde": "Energi (kJ)",
        "100 Gram": "1820 kJ"
      },
      {
        "Näringsvärde": "Fett",
        "100 Gram": "37 g"
      },
      {
        "Näringsvärde": "Varav mättat fett",
        "100 Gram": "2.7 g"
      },
      {
        "Näringsvärde": "Kolhydrat",
        "100 Gram": "18 g"
      },
      {
        "Näringsvärde": "Varav sockerarter",
        "100 Gram": "14 g"
      },
      {
        "Näringsvärde": "Protein",
        "100 Gram": "7 g"
      },
      {
        "Näringsvärde": "Salt",
        "100 Gram": "5.5 g"
      }
    ],
    "nutritionUnitText": "Näringsvärde per 100 gram",
    "categories": {
      "mainCategory": "Fisk & Skaldjur",
      "subCategories": [
        {
          "name": "Kaviar & Rom",
          "subSubCategories": [
            "Kaviar"
          ]
        }
      ]
    }
  },
  {
    "name": "Tångcaviar 70g ICA",
    "weightText": "0.07 kg",
    "caPart": "",
    "weightValue": 0.07,
    "weightUnit": "kg",
    "comparePrice": "292,86 kr/kg",
    "currentPrice": 20.5,
    "attributes": [],
    "imgUrl": "https://handlaprivatkund.ica.se/images-v3/bf7a00ca-390e-4769-865f-dc369586872e/17f7351d-703f-41a6-becf-2f8ff3a30fb6/500x500.jpg",
    "productInformation": "ICA Tångcaviar görs på extrakt av havstång och passar bra som topping på till exempel smörgåstårtan, i romsåsen eller som garnering av ägghalvorna.",
    "countryText": "",
    "companyText": "ICA",
    "ingrediensText": "Havstångsextrakt 83%, vatten, salt, kryddor (extrakt av cayenne, peppar, gurkmeja, lagerblad, purjolök), aromer (dill, dragon), surhetsreglerande medel (E330), stabiliseringsmedel (E415), konserveringsmedel (E211, E202), färgämne (E160c, E160a).",
    "storage": "",
    "allergens": "",
    "usage": "",
    "nutrition": [
      {
        "Näringsvärde": "Energi (kcal)",
        "100 Gram": "13 kcal"
      },
      {
        "Näringsvärde": "Energi (kJ)",
        "100 Gram": "54 kJ"
      },
      {
        "Näringsvärde": "Fett",
        "100 Gram": "0.5 g"
      },
      {
        "Näringsvärde": "Varav mättat fett",
        "100 Gram": "0 g"
      },
      {
        "Näringsvärde": "Kolhydrat",
        "100 Gram": "1 g"
      },
      {
        "Näringsvärde": "Varav sockerarter",
        "100 Gram": "0.5 g"
      },
      {
        "Näringsvärde": "Fiber",
        "100 Gram": "2.5 g"
      },
      {
        "Näringsvärde": "Protein",
        "100 Gram": "1 g"
      },
      {
        "Näringsvärde": "Salt",
        "100 Gram": "4 g"
      }
    ],
    "nutritionUnitText": "Näringsvärde per 100 gram",
    "categories": {
      "mainCategory": "Fisk & Skaldjur",
      "subCategories": [
        {
          "name": "Kaviar & Rom",
          "subSubCategories": [
            "Färsk rom"
          ]
        }
      ]
    }
  },
  {
    "name": "Pangasiusmalfilé Fryst 600g ICA",
    "weightText": "0.6 kg",
    "caPart": "",
    "weightValue": 0.6,
    "weightUnit": "kg",
    "comparePrice": "82,50 kr/kg",
    "currentPrice": 49.5,
    "attributes": [
      "Nyckelhålet"
    ],
    "imgUrl": "https://handlaprivatkund.ica.se/images-v3/bf7a00ca-390e-4769-865f-dc369586872e/28ddd36d-c584-44f2-a0ca-69154f5ce91b/500x500.jpg",
    "productInformation": "ICA Pangasiusmalfilé är en frysta fisk som också kallas hajmal och är en sötvattensfisk med vitt, fint kött. Den passar både att steka, panera och fritera. Antingen kan du smörsteka den och njuta precis som den är, eller kanske servera med lite hetta, lime och asiatiska smaker. Annars kan du alltid göra Englands nationalrätt fish and chips, med pommes, ärtmos, majonnäs och massor med maltvinäger. God save the fish!",
    "countryText": "",
    "companyText": "ICA",
    "ingrediensText": "Renskurna och urbenade filéer av PANGASIUSMAL* 90% (Pangasianodon hypophthalmus), vatten 9%, stabiliseringsmedel (E450, E451), salt. *Odlad i Vietnam. Enstaka ben kan förekomma.",
    "storage": "Lägsta förvaringstemperatur -25°C Högsta förvaringstemperatur -18°C",
    "allergens": "Innehåller Fisk",
    "usage": "",
    "nutrition": [
      {
        "Näringsvärde": "Energi (kcal)",
        "100 Gram": "70 kcal"
      },
      {
        "Näringsvärde": "Energi (kJ)",
        "100 Gram": "293 kJ"
      },
      {
        "Näringsvärde": "Fett",
        "100 Gram": "0.9 g"
      },
      {
        "Näringsvärde": "Varav mättat fett",
        "100 Gram": "0.5 g"
      },
      {
        "Näringsvärde": "Kolhydrat",
        "100 Gram": "0 g"
      },
      {
        "Näringsvärde": "Varav sockerarter",
        "100 Gram": "0 g"
      },
      {
        "Näringsvärde": "Protein",
        "100 Gram": "16 g"
      },
      {
        "Näringsvärde": "Salt",
        "100 Gram": "0.13 g"
      }
    ],
    "nutritionUnitText": "Näringsvärde per 100 gram",
    "categories": {
      "mainCategory": "Fisk & Skaldjur",
      "subCategories": [
        {
          "name": "Fisk",
          "subSubCategories": [
            "Övrig fisk",
            "Övrig fryst fisk"
          ]
        }
      ]
    }
  },
  {
    "name": "Laxfilé Färsk Back Loin Halv ca 180g Fröya",
    "weightText": "0.18 kg",
    "caPart": "",
    "weightValue": 0.18,
    "weightUnit": "kg",
    "comparePrice": "677,78 kr/kg",
    "currentPrice": 122,
    "attributes": [
      "Nyckelhålet"
    ],
    "imgUrl": "https://handlaprivatkund.ica.se/images-v3/bf7a00ca-390e-4769-865f-dc369586872e/0a95eeb5-1996-4af0-bd68-e599546b89cb/500x500.jpg",
    "productInformation": "Laxen sorteras och skärs för hand och bara de bästa av de skinn- och benfria bitarna görs till Frøya laxloin. Med en unik förpacknings- och kylningsprocess tar det bara två timmar från det att fisken är full av liv tills den är färdigförpackad och redo för snabb kylning till under 0 grader. På detta sätt uppnår Frøya lax sin unika kvalitet och som passar perfekt till sushi och sashimi bowls eller andra rätter då du äter laxen rå. Går även utmärkt att grilla eller steka. För recept och inspiration, besök: www.froyasalmon.com och www.fiskeriet.se.",
    "countryText": "",
    "companyText": "Fröya",
    "ingrediensText": "Färsk skinn- och benfri laxfilé (Salmo salar) (FISK). Odlad i Norge.",
    "storage": "",
    "allergens": "",
    "usage": "",
    "nutrition": [
      {
        "Näringsvärde": "Energi (kcal)",
        "100 Gram": "226 kcal"
      },
      {
        "Näringsvärde": "Energi (kJ)",
        "100 Gram": "938 kJ"
      },
      {
        "Näringsvärde": "Fett",
        "100 Gram": "16.3 g"
      },
      {
        "Näringsvärde": "Varav mättat fett",
        "100 Gram": "2.4 g"
      },
      {
        "Näringsvärde": "Kolhydrat",
        "100 Gram": "0 g"
      },
      {
        "Näringsvärde": "Varav sockerarter",
        "100 Gram": "0 g"
      },
      {
        "Näringsvärde": "Protein",
        "100 Gram": "19.7 g"
      },
      {
        "Näringsvärde": "Salt",
        "100 Gram": "0.1 g"
      }
    ],
    "nutritionUnitText": "Näringsvärde per 100 gram",
    "categories": {
      "mainCategory": "Fisk & Skaldjur",
      "subCategories": [
        {
          "name": "Fisk",
          "subSubCategories": [
            "Lax",
            "Färsk lax"
          ]
        }
      ]
    }
  },
  {
    "name": "Torskfiléer Fryst 1kg ICA",
    "weightText": "1 kg",
    "caPart": "",
    "weightValue": 1,
    "weightUnit": "kg",
    "comparePrice": "214,00 kr/kg",
    "currentPrice": 214,
    "attributes": [],
    "imgUrl": "https://handlaprivatkund.ica.se/images-v3/bf7a00ca-390e-4769-865f-dc369586872e/76bd8fb6-b30a-41bd-a991-0bf0b031056a/500x500.jpg",
    "productInformation": "ICA Torskfiléer kan du både steka eller använda i soppa, gryta och gratäng. Brukar gå hem hos de allra minsta och passar samtidigt i de flesta typer av fiskrätter. Vår torsk är givetvis MSC-märkt, vilket betyder att den har fiskats hållbart.",
    "countryText": "",
    "companyText": "ICA",
    "ingrediensText": "Renskurna filéer av torsk * (Gadus morhua). Enstaka ben kan förekomma. *Fångad i Nordostatlanten, fångstzon 27. Beroende på råvarutillgång varierar fångstområden och fångtmetoder för fisken. Dessa anges i ett kodsystem: A=Barents hav B=Norska havet 1=Fångad med trålar 2=Fångad med krokar och linor 3=Fångad med nät/garn 4=Fångad med notar. För aktuell information, se kod vid bäst före-datum. Vikt: 1000g netto (exklusive skyddande ishinna).",
    "storage": "",
    "allergens": "",
    "usage": "",
    "nutrition": [
      {
        "Näringsvärde": "Energi (kcal)",
        "100 Gram": "85 kcal"
      },
      {
        "Näringsvärde": "Energi (kJ)",
        "100 Gram": "359 kJ"
      },
      {
        "Näringsvärde": "Fett",
        "100 Gram": "0.5 g"
      },
      {
        "Näringsvärde": "Varav mättat fett",
        "100 Gram": "0.1 g"
      },
      {
        "Näringsvärde": "Kolhydrat",
        "100 Gram": "0 g"
      },
      {
        "Näringsvärde": "Varav sockerarter",
        "100 Gram": "0 g"
      },
      {
        "Näringsvärde": "Protein",
        "100 Gram": "18 g"
      },
      {
        "Näringsvärde": "Salt",
        "100 Gram": "0.2 g"
      }
    ],
    "nutritionUnitText": "Näringsvärde per 100 gram",
    "categories": {
      "mainCategory": "Fryst",
      "subCategories": [
        {
          "name": "Fryst fisk & Skaldjur",
          "subSubCategories": [
            "Fryst torsk & vitfisk"
          ]
        }
      ]
    }
  },
  {
    "name": "Kaviar 300g Klädesholmen",
    "weightText": "0.3 kg",
    "caPart": "",
    "weightValue": 0.3,
    "weightUnit": "kg",
    "comparePrice": "108,33 kr/kg",
    "currentPrice": 32.5,
    "attributes": [
      "MSC-märkt"
    ],
    "imgUrl": "https://handlaprivatkund.ica.se/images-v3/bf7a00ca-390e-4769-865f-dc369586872e/3c14dd1d-ea2f-41e4-9fe3-fabda850761a/500x500.jpg",
    "productInformation": "Kaviar 300g - Extra fyllig kaviar från Klädesholmen i Bohuslän. Torskrom traditionellt rökt med alspån.",
    "countryText": "",
    "companyText": "Klädesholmen",
    "ingrediensText": "Rökt sockersaltad FISKROM (TORSK (Gadhus morhua), SEJ (Pollachius Virens)) 52%, rapsolja, socker, vatten, potatisflingor, tomatpuré, salt, antioxidationsmedel (askorbinsyra), konserveringsmedel (natriumbensoat)",
    "storage": "",
    "allergens": "",
    "usage": "",
    "nutrition": [
      {
        "Näringsvärde": "Energi (kcal)",
        "100 Gram": "380 kcal"
      },
      {
        "Näringsvärde": "Energi (kJ)",
        "100 Gram": "1600 kJ"
      },
      {
        "Näringsvärde": "Fett",
        "100 Gram": "31 g"
      },
      {
        "Näringsvärde": "Varav mättat fett",
        "100 Gram": "2 g"
      },
      {
        "Näringsvärde": "Kolhydrat",
        "100 Gram": "18 g"
      },
      {
        "Näringsvärde": "Varav sockerarter",
        "100 Gram": "14 g"
      },
      {
        "Näringsvärde": "Protein",
        "100 Gram": "10 g"
      },
      {
        "Näringsvärde": "Salt",
        "100 Gram": "5.5 g"
      }
    ],
    "nutritionUnitText": "Näringsvärde per 100 gram",
    "categories": {
      "mainCategory": "Fisk & Skaldjur",
      "subCategories": [
        {
          "name": "Kaviar & Rom",
          "subSubCategories": [
            "Kaviar"
          ]
        }
      ]
    }
  },
  {
    "name": "Räkor Handskalade 500g Kosterfiskarn",
    "weightText": "0.24 kg",
    "caPart": "",
    "weightValue": 0.24,
    "weightUnit": "kg",
    "comparePrice": "395,63 kr/kg u. spad",
    "currentPrice": 94.95,
    "attributes": [],
    "imgUrl": "https://handlaprivatkund.ica.se/images-v3/bf7a00ca-390e-4769-865f-dc369586872e/b973f7b1-b080-4b68-9229-018df2e08009/500x500.jpg",
    "productInformation": "Latinskt namn: Pandalus Borealis",
    "countryText": "",
    "companyText": "Kosterfiskarn",
    "ingrediensText": "Ingredienser: RÄKOR (Pandalus borealis), vatten, salt, surhetsreglerande medel (E330), konserveringsmedel (E211, E202)",
    "storage": "",
    "allergens": "",
    "usage": "",
    "nutrition": [
      {
        "Näringsvärde": "Energi (kcal)",
        "Gram": "78 kcal"
      },
      {
        "Näringsvärde": "Energi (kJ)",
        "Gram": "327 kJ"
      },
      {
        "Näringsvärde": "Fett",
        "Gram": "1.1 g"
      },
      {
        "Näringsvärde": "Protein",
        "Gram": "16.8 g"
      }
    ],
    "nutritionUnitText": "Näringsvärde per styck",
    "categories": {
      "mainCategory": "Fisk & Skaldjur",
      "subCategories": [
        {
          "name": "Skaldjur",
          "subSubCategories": [
            "Räkor",
            "Räkor i lake"
          ]
        }
      ]
    }
  },
  {
    "name": "Kaviar lätt 190g Kalles",
    "weightText": "0.19 kg",
    "caPart": "",
    "weightValue": 0.19,
    "weightUnit": "kg",
    "comparePrice": "150,00 kr/kg",
    "currentPrice": 28.5,
    "attributes": [
      "MSC-märkt"
    ],
    "imgUrl": "https://handlaprivatkund.ica.se/images-v3/bf7a00ca-390e-4769-865f-dc369586872e/0433f7cb-a619-4090-a0af-ff57a7e03c06/500x500.jpg",
    "productInformation": "Kalles Lätt 190g är en lite lättare kaviar som innehåller 50% mindre socker än originalet. Kalles Lätt passar utmärkt som pålägg på mackan till frukost, som mellanmål eller på kokta ägg! Kalles kaviar har varit hela Sveriges oersättliga favorit på frukostbordet sedan 1954. Kalles kaviar görs av utvald rom från torsk & sej som fiskas framför allt i Nordnorge (Norska Havet & Barents hav). Kalles kaviar tillverkas i Sverige, i den idylliska fiskorten Kungshamn på västkusten. Vill du ta del av Kalles värld eller inspireras av riktigt smarriga kaviarmackor - besök kalles.se.",
    "countryText": "",
    "companyText": "Kalles",
    "ingrediensText": "Rökt sockersaltad rom från TORSKFISKAR (52%), rapsolja, vatten, inulin (fiber), socker, potatisflingor, tomatpuré, salt, stabiliseringsmedel (xantangummi, fruktkärnmjöl), konserveringsmedel (kaliumsorbat), sötningsmedel (steviolglykosider), antioxidationsmedel (askorbinsyra)",
    "storage": "I kylskåp 2-8 °C",
    "allergens": "",
    "usage": "",
    "nutrition": [
      {
        "Näringsvärde": "Energi (kcal)",
        "100 Gram": "260 kcal"
      },
      {
        "Näringsvärde": "Energi (kJ)",
        "100 Gram": "1088 kJ"
      },
      {
        "Näringsvärde": "Fett",
        "100 Gram": "19 g"
      },
      {
        "Näringsvärde": "Varav mättat fett",
        "100 Gram": "1.4 g"
      },
      {
        "Näringsvärde": "Kolhydrat",
        "100 Gram": "10 g"
      },
      {
        "Näringsvärde": "Varav sockerarter",
        "100 Gram": "5.8 g"
      },
      {
        "Näringsvärde": "Protein",
        "100 Gram": "8.8 g"
      },
      {
        "Näringsvärde": "Salt",
        "100 Gram": "6.5 g"
      }
    ],
    "nutritionUnitText": "Näringsvärde per 100 gram",
    "categories": {
      "mainCategory": "Fisk & Skaldjur",
      "subCategories": [
        {
          "name": "Kaviar & Rom",
          "subSubCategories": [
            "Kaviar"
          ]
        }
      ]
    }
  },
  {
    "name": "Kaviar dill 250g ICA",
    "weightText": "0.25 kg",
    "caPart": "",
    "weightValue": 0.25,
    "weightUnit": "kg",
    "comparePrice": "99,80 kr/kg",
    "currentPrice": 24.95,
    "attributes": [
      "MSC-märkt"
    ],
    "imgUrl": "https://handlaprivatkund.ica.se/images-v3/bf7a00ca-390e-4769-865f-dc369586872e/df7d9d26-15fd-4ae2-98d5-bff1a8f7f2c5/500x500.jpg",
    "productInformation": "",
    "countryText": "",
    "companyText": "ICA",
    "ingrediensText": "Sockersaltad rökt ROM FRÅN TORSKFISKAR* 52%, rapsolja, socker, vatten, potatisflingor, tomatpuré, salt, dill 0,5%, konserveringsmedel (E211), antioxidationsmedel (E300), dillarom. *För exakt information se kod på tuben. T=torsk (Gadus morhua), S=sej (Pollachius virens), fiskeområde: A=Norska havet, B=Island Va, C=Färöarna Vb, D=Barents hav.",
    "storage": "",
    "allergens": "",
    "usage": "",
    "nutrition": [
      {
        "Näringsvärde": "Energi (kcal)",
        "100 Gram": "420 kcal"
      },
      {
        "Näringsvärde": "Energi (kJ)",
        "100 Gram": "1750 kJ"
      },
      {
        "Näringsvärde": "Fett",
        "100 Gram": "37 g"
      },
      {
        "Näringsvärde": "Varav mättat fett",
        "100 Gram": "2.6 g"
      },
      {
        "Näringsvärde": "Kolhydrat",
        "100 Gram": "13 g"
      },
      {
        "Näringsvärde": "Varav sockerarter",
        "100 Gram": "12 g"
      },
      {
        "Näringsvärde": "Protein",
        "100 Gram": "9.3 g"
      },
      {
        "Näringsvärde": "Salt",
        "100 Gram": "5.3 g"
      }
    ],
    "nutritionUnitText": "Näringsvärde per 100 gram",
    "categories": {
      "mainCategory": "Fisk & Skaldjur",
      "subCategories": [
        {
          "name": "Kaviar & Rom",
          "subSubCategories": [
            "Kaviar"
          ]
        }
      ]
    }
  },
  {
    "name": "Lax Färsk Varmrökt Peppar 125g Miljömärkt ICA",
    "weightText": "0.125 kg",
    "caPart": "",
    "weightValue": 0.125,
    "weightUnit": "kg",
    "comparePrice": "455,60 kr/kg",
    "currentPrice": 56.95,
    "attributes": [
      "Nyckelhålet"
    ],
    "imgUrl": "https://handlaprivatkund.ica.se/images-v3/bf7a00ca-390e-4769-865f-dc369586872e/7e3886d6-3cbc-4652-b342-f058c0c0c0a9/500x500.jpg",
    "productInformation": "ASC-märkt varmrökt lax kryddad med svartpeppar. God på en sallad, i en pasta eller tillsammans med potatis och sås.",
    "countryText": "",
    "companyText": "ICA",
    "ingrediensText": "LAXFILÉ* 97% (Salmo salar), salt, svartpeppar 1,3%. *Odlad i Norge.",
    "storage": "kylvara 0 - +4°C",
    "allergens": "Innehåller Fisk",
    "usage": "Bäst före-datum gäller endast för oöppnad förpackning",
    "nutrition": [
      {
        "Näringsvärde": "Energi (kcal)",
        "100 Gram": "238 kcal"
      },
      {
        "Näringsvärde": "Energi (kJ)",
        "100 Gram": "991 kJ"
      },
      {
        "Näringsvärde": "Fett",
        "100 Gram": "17 g"
      },
      {
        "Näringsvärde": "Varav mättat fett",
        "100 Gram": "2.4 g"
      },
      {
        "Näringsvärde": "Kolhydrat",
        "100 Gram": "0 g"
      },
      {
        "Näringsvärde": "Varav sockerarter",
        "100 Gram": "0 g"
      },
      {
        "Näringsvärde": "Protein",
        "100 Gram": "21 g"
      },
      {
        "Näringsvärde": "Salt",
        "100 Gram": "1.3 g"
      }
    ],
    "nutritionUnitText": "Näringsvärde per 100 gram",
    "categories": {
      "mainCategory": "Fisk & Skaldjur",
      "subCategories": [
        {
          "name": "Fisk",
          "subSubCategories": [
            "Lax",
            "Rökt lax"
          ]
        }
      ]
    }
  },
  {
    "name": "Fish & Fun 352g Findus",
    "weightText": "0.352 kg",
    "caPart": "",
    "weightValue": 0.352,
    "weightUnit": "kg",
    "comparePrice": "129,26 kr/kg",
    "currentPrice": 45.5,
    "attributes": [
      "Nyckelhålet",
      "MSC-märkt"
    ],
    "imgUrl": "https://handlaprivatkund.ica.se/images-v3/bf7a00ca-390e-4769-865f-dc369586872e/d5e26839-a255-4eda-8c16-0dbbad08105f/500x500.jpg",
    "productInformation": "FINDUS FISH & FUN är extra krispiga och oemotståndligt goda, de är även enkla att tillaga och gör det roligt för barn att äta mer fisk. Vi har fiskat ansvarsfullt, fryst fisken snabbt och panerat den frasig. Findus breda fisksortiment ger variation i veckans fiskmeny.Smaklig måltid!",
    "countryText": "",
    "companyText": "Findus",
    "ingrediensText": "FISK* 51 %, VETEMJÖL, rapsolja, vatten, potatisstärkelse, kryddor (paprika, gurkmeja), salt, jäst. *För fiskart och ursprung, se kod efter datummärkning. 61-01A = Alaska Pollock (Theragra chalcogramma) fiskad i nordvästra Stilla havet. 67-01A = Alaska Pollock (Theragra chalcogramma) fiskad i nordöstra Stilla havet. 67-07DP = Stillahavskummel (Merluccius productus) fiskad i nordöstra Stilla havet.",
    "storage": "FÖRVARING OCH MINSTA HÅLLBARHET:I frysutrymme (-18°C eller kallare), se datummärkning.Bör alltid förvaras fryst. Bör ej frysas efter upptining.",
    "allergens": "",
    "usage": "",
    "nutrition": [],
    "nutritionUnitText": "Näringsvärde per 100 gram",
    "categories": {
      "mainCategory": "Fisk & Skaldjur",
      "subCategories": [
        {
          "name": "Färdiga fiskrätter",
          "subSubCategories": [
            "Fiskpinnar & Panerad fisk",
            "Panerad fisk"
          ]
        }
      ]
    }
  },
  {
    "name": "Kaviar orginal 250g KRAV Kalles",
    "weightText": "0.25 kg",
    "caPart": "",
    "weightValue": 0.25,
    "weightUnit": "kg",
    "comparePrice": "138,00 kr/kg",
    "currentPrice": 34.5,
    "attributes": [
      "MSC-märkt",
      "Ekologiskt",
      "KRAV"
    ],
    "imgUrl": "https://handlaprivatkund.ica.se/images-v3/bf7a00ca-390e-4769-865f-dc369586872e/aebea47e-a2bc-47cb-b654-7846bb758452/500x500.jpg",
    "productInformation": "Kalles Krav 250g är samma goda mildrökta kaviar som Kalles Original, men med endast KRAV-märkta ingredienser.Kalles Krav passar utmärkt att bre som pålägg på frukostmackan, på kokta ägg eller som mellanmål. Kalles kaviar har varit hela Sveriges oersättliga favorit på frukostbordet sedan 1954. Kalles kaviar görs av utvald MSC och KRAV-märkt rom från torsk (Gadus morhua) som fiskas framför allt i Nordnorge (Norska Havet & Barents hav). Kalles kaviar tillverkas i Sverige, i den idylliska fiskorten Kungshamn på västkusten.Vill du ta del av Kalles värld eller inspireras av riktigt smarriga kaviarmackor - besök kalles.se.",
    "countryText": "",
    "companyText": "Kalles",
    "ingrediensText": "Rökt sockersaltad TORSKrom* (52%), rapsolja*, socker*, potatisflingor*, tomatpuré*, salt, konserveringsmedel (kaliumsorbat), antioxidationsmedel (askorbinsyra). *KRAV-certifierad ingrediens.",
    "storage": "I kylskåp 2-8 °C",
    "allergens": "",
    "usage": "",
    "nutrition": [
      {
        "Näringsvärde": "Energi (kcal)",
        "100 Gram": "397 kcal"
      },
      {
        "Näringsvärde": "Energi (kJ)",
        "100 Gram": "1661 kJ"
      },
      {
        "Näringsvärde": "Fett",
        "100 Gram": "34 g"
      },
      {
        "Näringsvärde": "Varav mättat fett",
        "100 Gram": "2.5 g"
      },
      {
        "Näringsvärde": "Kolhydrat",
        "100 Gram": "15 g"
      },
      {
        "Näringsvärde": "Varav sockerarter",
        "100 Gram": "12 g"
      },
      {
        "Näringsvärde": "Protein",
        "100 Gram": "8.5 g"
      },
      {
        "Näringsvärde": "Salt",
        "100 Gram": "6.3 g"
      }
    ],
    "nutritionUnitText": "Näringsvärde per 100 gram",
    "categories": {
      "mainCategory": "Fisk & Skaldjur",
      "subCategories": [
        {
          "name": "Kaviar & Rom",
          "subSubCategories": [
            "Kaviar"
          ]
        }
      ]
    }
  },
  {
    "name": "Kaviar mildrökt 250g Pacific",
    "weightText": "0.25 kg",
    "caPart": "",
    "weightValue": 0.25,
    "weightUnit": "kg",
    "comparePrice": "83,80 kr/kg",
    "currentPrice": 20.95,
    "attributes": [],
    "imgUrl": "https://handlaprivatkund.ica.se/images-v3/bf7a00ca-390e-4769-865f-dc369586872e/9436a2a0-bc96-4f6b-8957-468f61f1470a/500x500.jpg",
    "productInformation": "Pacific kaviar är gjord på mildrökt rom. Gott både som smörgåspålägg och till ditt ägg.",
    "countryText": "",
    "companyText": "Pacific brand",
    "ingrediensText": "Sockersaltad rökt rom från TORSKFISKAR* 42%, rapsolja, socker, vatten, salt, tomatpuré, potatisflingor, konserveringsmedel (E211), antioxidationsmedel (E300), surhetsreglerande medel (E330). *Rom från SEJ (Pollachius virens) och TORSK (Gadus morhua) fiskad i Nordostatlanten fångstzon 27.",
    "storage": "",
    "allergens": "",
    "usage": "",
    "nutrition": [
      {
        "Näringsvärde": "Energi (kcal)",
        "100 Gram": "480 kcal"
      },
      {
        "Näringsvärde": "Energi (kJ)",
        "100 Gram": "1985 kJ"
      },
      {
        "Näringsvärde": "Fett",
        "100 Gram": "43 g"
      },
      {
        "Näringsvärde": "Varav mättat fett",
        "100 Gram": "2.9 g"
      },
      {
        "Näringsvärde": "Kolhydrat",
        "100 Gram": "14 g"
      },
      {
        "Näringsvärde": "Varav sockerarter",
        "100 Gram": "13 g"
      },
      {
        "Näringsvärde": "Protein",
        "100 Gram": "9.2 g"
      },
      {
        "Näringsvärde": "Salt",
        "100 Gram": "5.3 g"
      }
    ],
    "nutritionUnitText": "Näringsvärde per 100 gram",
    "categories": {
      "mainCategory": "Fisk & Skaldjur",
      "subCategories": [
        {
          "name": "Kaviar & Rom",
          "subSubCategories": [
            "Kaviar"
          ]
        }
      ]
    }
  },
  {
    "name": "Laxfilé Fryst 4-p 560g ICA",
    "weightText": "0.56 kg",
    "caPart": "",
    "weightValue": 0.56,
    "weightUnit": "kg",
    "comparePrice": "241,07 kr/kg",
    "currentPrice": 135,
    "attributes": [
      "Nyckelhålet"
    ],
    "imgUrl": "https://handlaprivatkund.ica.se/images-v3/bf7a00ca-390e-4769-865f-dc369586872e/d56d4ecd-8e67-4289-8060-b150a2120c30/500x500.jpg",
    "productInformation": "ICA Laxfilé Fryst är perfekta att ha i frysen för att snabbt plocka fram till en god middag. Lax är en perfekt start på en god middag, och kan varieras i evigheter. Stek den och servera med pressad potatis och brynt smör eller ugnsstek med sötstark sås och strössla på sesamfrön, så har du fått två helt olika slags rätter.. Det finns minst tusen till.",
    "countryText": "",
    "companyText": "ICA",
    "ingrediensText": "LAXFILÉ* i bit (Salmo salar). *Odlad i Norge.",
    "storage": "Lägsta förvaringstemperatur -25°C Högsta förvaringstemperatur -18°C",
    "allergens": "Innehåller Fisk",
    "usage": "",
    "nutrition": [
      {
        "Näringsvärde": "Energi (kcal)",
        "100 Gram": "225 kcal"
      },
      {
        "Näringsvärde": "Energi (kJ)",
        "100 Gram": "938 kJ"
      },
      {
        "Näringsvärde": "Fett",
        "100 Gram": "16 g"
      },
      {
        "Näringsvärde": "Varav mättat fett",
        "100 Gram": "3 g"
      },
      {
        "Näringsvärde": "Kolhydrat",
        "100 Gram": "0 g"
      },
      {
        "Näringsvärde": "Varav sockerarter",
        "100 Gram": "0 g"
      },
      {
        "Näringsvärde": "Protein",
        "100 Gram": "20 g"
      },
      {
        "Näringsvärde": "Salt",
        "100 Gram": "0.12 g"
      }
    ],
    "nutritionUnitText": "Näringsvärde per 100 gram",
    "categories": {
      "mainCategory": "Fryst",
      "subCategories": [
        {
          "name": "Fryst fisk & Skaldjur",
          "subSubCategories": [
            "Fryst lax"
          ]
        }
      ]
    }
  },
  {
    "name": "Laxfilé Färsk i bit 500g Miljömärkt ICA Gott Liv",
    "weightText": "0.5 kg",
    "caPart": "",
    "weightValue": 0.5,
    "weightUnit": "kg",
    "comparePrice": "304,00 kr/kg",
    "currentPrice": 152,
    "attributes": [
      "Nyckelhålet"
    ],
    "imgUrl": "https://handlaprivatkund.ica.se/images-v3/bf7a00ca-390e-4769-865f-dc369586872e/58c2812e-0888-494b-9f78-a45ccc12e8c1/500x500.jpg",
    "productInformation": "",
    "countryText": "",
    "companyText": "ICA Gott Liv",
    "ingrediensText": "INGREDIENSER: LAXFILÉ* (Salmo salar) med skinn. Enstaka ben kan förekomma. *Odlad i Norge.",
    "storage": "",
    "allergens": "",
    "usage": "",
    "nutrition": [
      {
        "Näringsvärde": "Energi (kcal)",
        "100 Gram": "181 kcal"
      },
      {
        "Näringsvärde": "Energi (kJ)",
        "100 Gram": "757 kJ"
      },
      {
        "Näringsvärde": "Fett",
        "100 Gram": "12 g"
      },
      {
        "Näringsvärde": "Varav mättat fett",
        "100 Gram": "2.6 g"
      },
      {
        "Näringsvärde": "Kolhydrat",
        "100 Gram": "0 g"
      },
      {
        "Näringsvärde": "Varav sockerarter",
        "100 Gram": "0 g"
      },
      {
        "Näringsvärde": "Protein",
        "100 Gram": "18.4 g"
      },
      {
        "Näringsvärde": "Salt",
        "100 Gram": "0.1 g"
      },
      {
        "Näringsvärde": "Vitamin D",
        "100 Gram": "8.85 µg",
        "% av DRI(*)": "178"
      }
    ],
    "nutritionUnitText": "Näringsvärde per 100 gram",
    "categories": {
      "mainCategory": "Fisk & Skaldjur",
      "subCategories": [
        {
          "name": "Fisk",
          "subSubCategories": [
            "Lax",
            "Färsk lax"
          ]
        }
      ]
    }
  },
  {
    "name": "Räkor i Lake 170g ICA",
    "weightText": "0.17 kg",
    "caPart": "",
    "weightValue": 0.17,
    "weightUnit": "kg",
    "comparePrice": "244,12 kr/kg u. spad",
    "currentPrice": 41.5,
    "attributes": [
      "MSC-märkt"
    ],
    "imgUrl": "https://handlaprivatkund.ica.se/images-v3/bf7a00ca-390e-4769-865f-dc369586872e/76e5faea-f196-474d-9233-bd804e28801e/500x500.jpg",
    "productInformation": "ICA Räkor i lake kan du göra nästan vad du vill med! Allt ifrån en räkmacka till en räkcocktail eller lägga på en pizza eller i pastasåsen. De gör vilken fisksoppa som helst glad och ligger också fint i en avokadohalva ihop med mango, chili, lite olja och lime. Paella fixar de också, eller varför inte bara koka upp i olja med vitlök, chili, citron och persilja som en liten läcker minirätt? Glöm för all del inte brödet till, det är också ett utmärkt sätt att göra rent tallriken efteråt.",
    "countryText": "",
    "companyText": "ICA",
    "ingrediensText": "RÄKOR* (Pandalus jordani), vatten, salt, socker, konserveringsmedel (E211, E202), surhetsreglerande medel (E330). *Räkorna fångade med trålar i Nordöstra Stilla havet FAO 67. Kan innehålla spår av fisk, blötdjur.",
    "storage": "",
    "allergens": "Kan innehålla spår av Fisk, Blötdjur.",
    "usage": "",
    "nutrition": [
      {
        "Näringsvärde": "Energi (kcal)",
        "100 Gram": "64 kcal"
      },
      {
        "Näringsvärde": "Energi (kJ)",
        "100 Gram": "272 kJ"
      },
      {
        "Näringsvärde": "Fett",
        "100 Gram": "0.9 g"
      },
      {
        "Näringsvärde": "Varav mättat fett",
        "100 Gram": "0.5 g"
      },
      {
        "Näringsvärde": "Kolhydrat",
        "100 Gram": "0.5 g"
      },
      {
        "Näringsvärde": "Varav sockerarter",
        "100 Gram": "0.5 g"
      },
      {
        "Näringsvärde": "Protein",
        "100 Gram": "14 g"
      },
      {
        "Näringsvärde": "Salt",
        "100 Gram": "2.25 g"
      }
    ],
    "nutritionUnitText": "Näringsvärde per 100 gram",
    "categories": {
      "mainCategory": "Jul",
      "subCategories": [
        {
          "name": "Julmat",
          "subSubCategories": [
            "Ägg, Räkor & Majonnäs"
          ]
        }
      ]
    }
  },
  {
    "name": "Panerad alaska pollock 400g ICA Basic",
    "weightText": "0.4 kg",
    "caPart": "",
    "weightValue": 0.4,
    "weightUnit": "kg",
    "comparePrice": "101,25 kr/kg",
    "currentPrice": 40.5,
    "attributes": [
      "MSC-märkt"
    ],
    "imgUrl": "https://handlaprivatkund.ica.se/images-v3/bf7a00ca-390e-4769-865f-dc369586872e/0b07ca35-4c6d-420a-a240-dfe02c52d02f/500x500.jpg",
    "productInformation": "ICA Basic Panerade fiskfiléer av Alaska pollock är krispiga i paneringen och tillverkade av hel filé av Alaska pollock, ett billigare middagsalternativ som passar gott i vardagen.",
    "countryText": "",
    "companyText": "ICA Basic",
    "ingrediensText": "Sammanfogade bitar av Alaska Pollock*, (Theragra chalcogramma) 59%, VETEMJÖL, rapsolja, vatten, VETEGLUTEN, rismjöl, modifierad VETESTÄRKELSE, potatisstärkelse, salt, dextros, jäst, vasslepulver (från MJÖLK), surhetsreglerande medel (E330), bakpulver, (E450, E500, E503), förtjockningsmedel (E415). *Fiskad med trål. Fångstzon 61 och 67. Enstaka ben kan förekomma.",
    "storage": "Lägsta förvaringstemperatur -30°C Högsta förvaringstemperatur -18°C",
    "allergens": "Innehåller Spannmål som innehåller gluten Innehåller Mjölk Innehåller Vete Innehåller Fisk",
    "usage": "",
    "nutrition": [
      {
        "Näringsvärde": "Energi (kcal)",
        "100 Gram": "228 kcal"
      },
      {
        "Näringsvärde": "Energi (kJ)",
        "100 Gram": "954 kJ"
      },
      {
        "Näringsvärde": "Fett",
        "100 Gram": "10 g"
      },
      {
        "Näringsvärde": "Varav mättat fett",
        "100 Gram": "0.8 g"
      },
      {
        "Näringsvärde": "Kolhydrat",
        "100 Gram": "19 g"
      },
      {
        "Näringsvärde": "Varav sockerarter",
        "100 Gram": "0.5 g"
      },
      {
        "Näringsvärde": "Protein",
        "100 Gram": "15 g"
      },
      {
        "Näringsvärde": "Salt",
        "100 Gram": "0.69 g"
      }
    ],
    "nutritionUnitText": "Näringsvärde per 100 gram",
    "categories": {
      "mainCategory": "Fisk & Skaldjur",
      "subCategories": [
        {
          "name": "Färdiga fiskrätter",
          "subSubCategories": [
            "Fiskpinnar & Panerad fisk",
            "Panerad fisk"
          ]
        }
      ]
    }
  },
  {
    "name": "Janssons frestelse Fryst 600g Dafgårds",
    "weightText": "0.6 kg",
    "caPart": "",
    "weightValue": 0.6,
    "weightUnit": "kg",
    "comparePrice": "72,50 kr/kg",
    "currentPrice": 43.5,
    "attributes": [],
    "imgUrl": "https://handlaprivatkund.ica.se/images-v3/bf7a00ca-390e-4769-865f-dc369586872e/07fd0cbf-6d53-442c-992c-cf8af1f788b1/500x500.jpg",
    "productInformation": "Grädda i ugnen och servera.",
    "countryText": "",
    "companyText": "Dafgårds",
    "ingrediensText": "Potatis, GRÄDDE, stekt lök (stekt i raps-och solrosolja), kryddad sillfilé [SILL* 4,8% (Clupea harengus), vatten, socker, salt, ättika, kryddor], ansjovis [SKARPSILL* 1,3% (Sprattus sprattus), socker, salt, ättika, kryddor], antioxidationsmedel E223 (SULFIT), potatisstärkelse, kryddor. Total fiskmängd: 6,1%. *Fångstzon: FAO 27.",
    "storage": "Lägsta förvaringstemperatur -24°C Högsta förvaringstemperatur -18°C",
    "allergens": "Innehåller Fisk Innehåller Mjölk Innehåller Svaveldioxid eller sulfit Innehåller Laktos",
    "usage": "",
    "nutrition": [
      {
        "Näringsvärde": "Energi (kcal)",
        "100 Gram": "176 kcal"
      },
      {
        "Näringsvärde": "Energi (kJ)",
        "100 Gram": "736 kJ"
      },
      {
        "Näringsvärde": "Fett",
        "100 Gram": "13 g"
      },
      {
        "Näringsvärde": "Varav mättat fett",
        "100 Gram": "7.4 g"
      },
      {
        "Näringsvärde": "Kolhydrat",
        "100 Gram": "11 g"
      },
      {
        "Näringsvärde": "Varav sockerarter",
        "100 Gram": "2 g"
      },
      {
        "Näringsvärde": "Fiber",
        "100 Gram": "1.3 g"
      },
      {
        "Näringsvärde": "Protein",
        "100 Gram": "2.7 g"
      },
      {
        "Näringsvärde": "Salt",
        "100 Gram": "0.86 g"
      }
    ],
    "nutritionUnitText": "",
    "categories": {
      "mainCategory": "Fisk & Skaldjur",
      "subCategories": [
        {
          "name": "Färdiga fiskrätter",
          "subSubCategories": [
            "Fiskpinnar & Panerad fisk",
            "Färdigkryddad fisk"
          ]
        }
      ]
    }
  },
  {
    "name": "Matjessill klassisk 215g Abba",
    "weightText": "0.125 kg",
    "caPart": "",
    "weightValue": 0.125,
    "weightUnit": "kg",
    "comparePrice": "175,60 kr/kg u. spad",
    "currentPrice": 21.95,
    "attributes": [],
    "imgUrl": "https://handlaprivatkund.ica.se/images-v3/bf7a00ca-390e-4769-865f-dc369586872e/95f9f659-78e2-46ea-8cb8-99a70a194276/500x500.jpg",
    "productInformation": "Abba Klassisk Matjessill har en klassiskt kryddig smak och är en favorit i vårt sortiment. Klassisk matjes innehåller sill (Clupea harengus) av högsta kvalitet som fiskas i Nordostatlanten och som enbart kommer från livskraftiga bestånd. Sillen får mogna i tunnor med en kryddlag i vårt bergrum i Kungshamn på bohuslänska västkusten tills att den smakar som allra bäst och är redo att njutas av! Matjessill har en given plats vid midsommarfirandet eller äts som den är tillsammans med färsk potatis, gräddfil, gräslök och lite brynt smör. Den här matjesburken är märkt med symbolen lågt klimatavtryck, vill du veta mer? Läs mer på abba.se",
    "countryText": "",
    "companyText": "Abba",
    "ingrediensText": "SILL i bitar, socker, salt, ättika, dill, kryddor (bl.a. kanel, muskotblomma, padoukträ), naturlig arom (innehåller lök), röd padoukextrakt, konserveringsmedel (natriumbensoat, kaliumsorbat).",
    "storage": "I kylskåp max 8 °C",
    "allergens": "",
    "usage": "",
    "nutrition": [
      {
        "Näringsvärde": "Energi (kcal)",
        "100 Gram": "226 kcal"
      },
      {
        "Näringsvärde": "Energi (kJ)",
        "100 Gram": "947 kJ"
      },
      {
        "Näringsvärde": "Fett",
        "100 Gram": "12 g"
      },
      {
        "Näringsvärde": "Varav mättat fett",
        "100 Gram": "3.3 g"
      },
      {
        "Näringsvärde": "Kolhydrat",
        "100 Gram": "18 g"
      },
      {
        "Näringsvärde": "Varav sockerarter",
        "100 Gram": "17 g"
      },
      {
        "Näringsvärde": "Protein",
        "100 Gram": "11 g"
      },
      {
        "Näringsvärde": "Salt",
        "100 Gram": "6.1 g"
      }
    ],
    "nutritionUnitText": "Näringsvärde per 100 gram",
    "categories": {
      "mainCategory": "Fisk & Skaldjur",
      "subCategories": [
        {
          "name": "Sill & Ansjovis",
          "subSubCategories": [
            "Inlagd sill"
          ]
        }
      ]
    }
  },
  {
    "name": "Fiskpinnar glutenfri 360g Findus",
    "weightText": "0.36 kg",
    "caPart": "",
    "weightValue": 0.36,
    "weightUnit": "kg",
    "comparePrice": "120,83 kr/kg",
    "currentPrice": 43.5,
    "attributes": [
      "Glutenfritt",
      "Nyckelhålet",
      "MSC-märkt"
    ],
    "imgUrl": "https://handlaprivatkund.ica.se/images-v3/bf7a00ca-390e-4769-865f-dc369586872e/d4456222-05e1-443d-8472-53f6c3d5cef2/500x500.jpg",
    "productInformation": "Våra GLUTENFRIA FISKPINNAR har en spröd glutenfri panering av rismjöl och kikärtsmjöl.",
    "countryText": "",
    "companyText": "Findus",
    "ingrediensText": "Filéer av Alaska pollock* 65 % (FISK) (Theragra chalcogramma), rapsolja, mjöl (ris, kikärts), vatten, stärkelse (potatis, majs, ärt), ris semolina, salt, potatisflingor, ärtfiber. *Fiskad i nordöstra eller nordvästra Stilla havet.",
    "storage": "FÖRVARING OCH MINSTA HÅLLBARHET:I frysutrymme (-18°C eller kallare), se datummärkning.Bör alltid förvaras fryst. Bör ej frysas efter upptining. Lägsta förvaringstemperatur -25°C Högsta förvaringstemperatur -18°C",
    "allergens": "Innehåller Fisk",
    "usage": "",
    "nutrition": [
      {
        "Näringsvärde": "Energi (kcal)",
        "100 Gram": "198 kcal"
      },
      {
        "Näringsvärde": "Energi (kJ)",
        "100 Gram": "831 kJ"
      },
      {
        "Näringsvärde": "Fett",
        "100 Gram": "9 g"
      },
      {
        "Näringsvärde": "Varav mättat fett",
        "100 Gram": "0.8 g"
      },
      {
        "Näringsvärde": "Kolhydrat",
        "100 Gram": "16 g"
      },
      {
        "Näringsvärde": "Varav sockerarter",
        "100 Gram": "0.5 g"
      },
      {
        "Näringsvärde": "Fiber",
        "100 Gram": "0.6 g"
      },
      {
        "Näringsvärde": "Protein",
        "100 Gram": "13 g"
      },
      {
        "Näringsvärde": "Salt",
        "100 Gram": "0.86 g"
      }
    ],
    "nutritionUnitText": "Näringsvärde per 100 gram",
    "categories": {
      "mainCategory": "Fisk & Skaldjur",
      "subCategories": [
        {
          "name": "Färdiga fiskrätter",
          "subSubCategories": [
            "Fiskpinnar & Panerad fisk",
            "Fiskpinnar"
          ]
        }
      ]
    }
  },
  {
    "name": "Inlagd sill 240g Abba",
    "weightText": "0.12 kg",
    "caPart": "",
    "weightValue": 0.12,
    "weightUnit": "kg",
    "comparePrice": "212,50 kr/kg u. spad",
    "currentPrice": 25.5,
    "attributes": [],
    "imgUrl": "https://handlaprivatkund.ica.se/images-v3/bf7a00ca-390e-4769-865f-dc369586872e/55ba2d99-0685-4231-9bad-3df907fa436b/500x500.jpg",
    "productInformation": "Abba Inlagd Sill är en av våra storsäljande sillsorter med utvalda bitar sill med klassisk kryddning som morot, kryddpeppar och lök. En klassiker som passar till allt! Den här produkten innehåller sill (Clupea harengus) av högsta kvalitet som fiskas i Nordostatlanten och som enbart kommer från livskraftiga bestånd. Sillen lagras i vårt bergrum i Kungshamn på bohuslänska västkusten innan vi lägger in den med utvalda kryddor och smaksättningar för att du ska kunna njuta av din favorit. Sill passar lika bra till jul, påsk och midsommar som till en god snabblagad lunch eller middag eller varför inte brunch? Den här sillburken är märkt med symbolen lågt klimatavtryck, vill du veta mer? Läs mer på abba.se",
    "countryText": "",
    "companyText": "Abba",
    "ingrediensText": "SILL i bitar, lök (22%), socker, morot (4%), salt, ättika, kryddor (svartpeppar, kryddpeppar), naturlig arom (innehåller kanel), syra (ättiksyra), konserveringsmedel (natriumbensoat, kaliumsorbat).",
    "storage": "I kylskåp max 8 °C. Öppnad förpackning konsumeras inom 14 dagar",
    "allergens": "",
    "usage": "",
    "nutrition": [
      {
        "Näringsvärde": "Energi (kcal)",
        "100 Gram": "239 kcal"
      },
      {
        "Näringsvärde": "Energi (kJ)",
        "100 Gram": "999 kJ"
      },
      {
        "Näringsvärde": "Fett",
        "100 Gram": "13 g"
      },
      {
        "Näringsvärde": "Varav mättat fett",
        "100 Gram": "3.4 g"
      },
      {
        "Näringsvärde": "Kolhydrat",
        "100 Gram": "20 g"
      },
      {
        "Näringsvärde": "Varav sockerarter",
        "100 Gram": "19 g"
      },
      {
        "Näringsvärde": "Protein",
        "100 Gram": "11 g"
      },
      {
        "Näringsvärde": "Salt",
        "100 Gram": "3.4 g"
      }
    ],
    "nutritionUnitText": "Näringsvärde per 100 gram",
    "categories": {
      "mainCategory": "Fisk & Skaldjur",
      "subCategories": [
        {
          "name": "Sill & Ansjovis",
          "subSubCategories": [
            "Inlagd sill"
          ]
        }
      ]
    }
  },
  {
    "name": "Lax Färsk Varmrökt Citron 125g Miljömärkt ICA",
    "weightText": "0.125 kg",
    "caPart": "",
    "weightValue": 0.125,
    "weightUnit": "kg",
    "comparePrice": "455,60 kr/kg",
    "currentPrice": 56.95,
    "attributes": [
      "Nyckelhålet"
    ],
    "imgUrl": "https://handlaprivatkund.ica.se/images-v3/bf7a00ca-390e-4769-865f-dc369586872e/83ff6725-60e3-4b65-aa88-9c20230a6e0f/500x500.jpg",
    "productInformation": "ASC-märkt varmrökt lax kryddad med citron. God på en sallad, i en pasta eller tillsammans med potatis och sås.",
    "countryText": "",
    "companyText": "ICA",
    "ingrediensText": "LAXFILÉ* 97% (Salmo salar), salt, citronzest 2%. *Odlad i Norge.",
    "storage": "kylvara 0 - +4°C",
    "allergens": "Innehåller Fisk",
    "usage": "Bäst före-datum gäller endast för oöppnad förpackning",
    "nutrition": [
      {
        "Näringsvärde": "Energi (kcal)",
        "100 Gram": "233 kcal"
      },
      {
        "Näringsvärde": "Energi (kJ)",
        "100 Gram": "969 kJ"
      },
      {
        "Näringsvärde": "Fett",
        "100 Gram": "17 g"
      },
      {
        "Näringsvärde": "Varav mättat fett",
        "100 Gram": "2.4 g"
      },
      {
        "Näringsvärde": "Kolhydrat",
        "100 Gram": "0 g"
      },
      {
        "Näringsvärde": "Varav sockerarter",
        "100 Gram": "0 g"
      },
      {
        "Näringsvärde": "Protein",
        "100 Gram": "20 g"
      },
      {
        "Näringsvärde": "Salt",
        "100 Gram": "1.125 g"
      }
    ],
    "nutritionUnitText": "Näringsvärde per 100 gram",
    "categories": {
      "mainCategory": "Fisk & Skaldjur",
      "subCategories": [
        {
          "name": "Fisk",
          "subSubCategories": [
            "Lax",
            "Rökt lax"
          ]
        }
      ]
    }
  },
  {
    "name": "Musslor i vatten 200g ICA",
    "weightText": "0.2 kg",
    "caPart": "",
    "weightValue": 0.2,
    "weightUnit": "kg",
    "comparePrice": "134,75 kr/kg u. spad",
    "currentPrice": 26.95,
    "attributes": [],
    "imgUrl": "https://handlaprivatkund.ica.se/images-v3/bf7a00ca-390e-4769-865f-dc369586872e/e2693683-fd31-464a-ba3d-5db6979adf02/500x500.jpg",
    "productInformation": "Naturella musslor med bra konsistens. Perfekt i en skaldjursgryta eller i en god pastarätt.",
    "countryText": "",
    "companyText": "ICA",
    "ingrediensText": "Ingredienser: MUSSLOR* (Mytilus chilensis), vatten, salt, surhetsreglerande medel (E330). *Odlade i Chile.",
    "storage": "Oöppnad förpakning förvaras toort, ej över normal rumstemperatur. Öppnad förpackning förvaras i kylskåp (max +8°C). Lägsta förvaringstemperatur 20°C Högsta förvaringstemperatur 25°C",
    "allergens": "",
    "usage": "",
    "nutrition": [
      {
        "Näringsvärde": "Energi (kcal)",
        "100 Gram": "106 kcal"
      },
      {
        "Näringsvärde": "Energi (kJ)",
        "100 Gram": "445 kJ"
      },
      {
        "Näringsvärde": "Fett",
        "100 Gram": "2.7 g"
      },
      {
        "Näringsvärde": "Varav mättat fett",
        "100 Gram": "0.6 g"
      },
      {
        "Näringsvärde": "Kolhydrat",
        "100 Gram": "3.4 g"
      },
      {
        "Näringsvärde": "Varav sockerarter",
        "100 Gram": "0 g"
      },
      {
        "Näringsvärde": "Protein",
        "100 Gram": "17 g"
      },
      {
        "Näringsvärde": "Salt",
        "100 Gram": "1.5 g"
      }
    ],
    "nutritionUnitText": "",
    "categories": {
      "mainCategory": "Fisk & Skaldjur",
      "subCategories": [
        {
          "name": "Skaldjur",
          "subSubCategories": [
            "Musslor",
            "Musslor i lake"
          ]
        }
      ]
    }
  },
  {
    "name": "Fish nuggets 480g Pacific brand",
    "weightText": "0.48 kg",
    "caPart": "",
    "weightValue": 0.48,
    "weightUnit": "kg",
    "comparePrice": "73,96 kr/kg",
    "currentPrice": 35.5,
    "attributes": [
      "MSC-märkt"
    ],
    "imgUrl": "https://handlaprivatkund.ica.se/images-v3/bf7a00ca-390e-4769-865f-dc369586872e/f0dc1c85-f03d-4b73-acc7-4ccca54c3457/500x500.jpg",
    "productInformation": "Pacific fish nuggets är krispiga i paneringen och gjorda av alaska pollock. En bra produkt som kan varieras med många olika tillbehör, se ICA.se för tips och recept.",
    "countryText": "",
    "companyText": "Pacific brand",
    "ingrediensText": "Fiskfärs av ALASKA POLLOCK*, (Gadus chalcogramma) 45%, VETEMJÖL, rismjöl, majsmjöl, vatten vegetabilisk oljor (raps, solros) i varierande proportion, VETESTÄRKELSE, VETEFIBER, majsstärkelse, potatisstärkelse, VETEPROTEIN, jäst, citronfiber, druvsocker, vinäger, bakpulver (E450), förtjockningsmedel (E461, E464), antioxidationsmedel (E331), naturlig arom, salt & svartpeppar. *Fiskad med trål i nordvästra Stilla havet, FAO 61.",
    "storage": "Djupfryst. I frysutrymme (–18°C eller kallare). Bör ej frysas om efter upptining. Lägsta förvaringstemperatur -25°C Högsta förvaringstemperatur -18°C",
    "allergens": "Innehåller Fisk Innehåller Spannmål som innehåller gluten",
    "usage": "",
    "nutrition": [
      {
        "Näringsvärde": "Energi (kcal)",
        "100 Gram": "208 kcal"
      },
      {
        "Näringsvärde": "Energi (kJ)",
        "100 Gram": "874 kJ"
      },
      {
        "Näringsvärde": "Fett",
        "100 Gram": "7.4 g"
      },
      {
        "Näringsvärde": "Varav mättat fett",
        "100 Gram": "0.8 g"
      },
      {
        "Näringsvärde": "Kolhydrat",
        "100 Gram": "26 g"
      },
      {
        "Näringsvärde": "Varav sockerarter",
        "100 Gram": "0.7 g"
      },
      {
        "Näringsvärde": "Fiber",
        "100 Gram": "0.4 g"
      },
      {
        "Näringsvärde": "Protein",
        "100 Gram": "9.1 g"
      },
      {
        "Näringsvärde": "Salt",
        "100 Gram": "0.8 g"
      }
    ],
    "nutritionUnitText": "Näringsvärde per 100 gram",
    "categories": {
      "mainCategory": "Fisk & Skaldjur",
      "subCategories": [
        {
          "name": "Färdiga fiskrätter",
          "subSubCategories": [
            "Fiskpinnar & Panerad fisk",
            "Panerad fisk"
          ]
        }
      ]
    }
  },
  {
    "name": "Laxtärningar Fryst 300g ICA",
    "weightText": "0.3 kg",
    "caPart": "",
    "weightValue": 0.3,
    "weightUnit": "kg",
    "comparePrice": "273,17 kr/kg",
    "currentPrice": 81.95,
    "attributes": [],
    "imgUrl": "https://handlaprivatkund.ica.se/images-v3/bf7a00ca-390e-4769-865f-dc369586872e/db502a17-8493-4808-bc83-8138e0f47379/500x500.jpg",
    "productInformation": "ICA Laxtärningar är frysta bitar som gör det enkelt att laga en snabb middag. De här bitarna passar perfekt både till grytor och soppor, men kan också användas i pastasås eller till nudlar. Eller varför inte en fisktaco! Förpackningen kan du dessutom återförsluta om du inte använder alltihop på en gång!",
    "countryText": "",
    "companyText": "ICA",
    "ingrediensText": "Tärningar av laxfilé* (Salmo salar). Enstaka ben kan förekomma. *Odlad i Norge.",
    "storage": "",
    "allergens": "",
    "usage": "",
    "nutrition": [
      {
        "Näringsvärde": "Energi (kcal)",
        "100 Gram": "223 kcal"
      },
      {
        "Näringsvärde": "Energi (kJ)",
        "100 Gram": "927 kJ"
      },
      {
        "Näringsvärde": "Fett",
        "100 Gram": "16 g"
      },
      {
        "Näringsvärde": "Varav mättat fett",
        "100 Gram": "2.3 g"
      },
      {
        "Näringsvärde": "Kolhydrat",
        "100 Gram": "0 g"
      },
      {
        "Näringsvärde": "Varav sockerarter",
        "100 Gram": "0 g"
      },
      {
        "Näringsvärde": "Protein",
        "100 Gram": "20 g"
      },
      {
        "Näringsvärde": "Salt",
        "100 Gram": "0.12 g"
      }
    ],
    "nutritionUnitText": "Näringsvärde per 100 gram",
    "categories": {
      "mainCategory": "Fryst",
      "subCategories": [
        {
          "name": "Fryst fisk & Skaldjur",
          "subSubCategories": [
            "Fryst lax"
          ]
        }
      ]
    }
  },
  {
    "name": "Skärgårdssill 220g Abba",
    "weightText": "0.11 kg",
    "caPart": "",
    "weightValue": 0.11,
    "weightUnit": "kg",
    "comparePrice": "231,82 kr/kg u. spad",
    "currentPrice": 25.5,
    "attributes": [],
    "imgUrl": "https://handlaprivatkund.ica.se/images-v3/bf7a00ca-390e-4769-865f-dc369586872e/232f2e19-1eed-40ac-b7b1-8309f4abfe26/500x500.jpg",
    "productInformation": "",
    "countryText": "",
    "companyText": "Abba",
    "ingrediensText": "SILL i bitar, rapsolja, socker, GRÄDDFIL (5,5%), lök, salt, vatten, tångcaviar (3%) (tångextrakt, vatten, salt, kryddextrakt (bl.a. cayennepeppar), arom (bl.a. dill), syra (citronsyra), stabiliseringsmedel (xanthangummi), konserveringsmedel (kaliumsorbat, natriumbensoat), färgämne (paprikaoleoresin)), ÄGGula, skumMJÖLK, gräslök, ättika, svartpepparextrakt, syra (ättiksyra, mjölksyra, citronsyra), konserveringsmedel (natriumbensoat, kaliumsorbat), förtjockningsmedel (xantangummi).",
    "storage": "I kylskåp max 8 °C. Öppnad produkt smakar bäst inom 14 dagar",
    "allergens": "",
    "usage": "",
    "nutrition": [
      {
        "Näringsvärde": "Energi (kcal)",
        "100 Gram": "260 kcal"
      },
      {
        "Näringsvärde": "Energi (kJ)",
        "100 Gram": "1082 kJ"
      },
      {
        "Näringsvärde": "Fett",
        "100 Gram": "19 g"
      },
      {
        "Näringsvärde": "Varav mättat fett",
        "100 Gram": "3.4 g"
      },
      {
        "Näringsvärde": "Kolhydrat",
        "100 Gram": "14 g"
      },
      {
        "Näringsvärde": "Varav sockerarter",
        "100 Gram": "13 g"
      },
      {
        "Näringsvärde": "Protein",
        "100 Gram": "8.4 g"
      },
      {
        "Näringsvärde": "Salt",
        "100 Gram": "4.3 g"
      }
    ],
    "nutritionUnitText": "Näringsvärde per 100 gram",
    "categories": {
      "mainCategory": "Fisk & Skaldjur",
      "subCategories": [
        {
          "name": "Sill & Ansjovis",
          "subSubCategories": [
            "Inlagd sill"
          ]
        }
      ]
    }
  },
  {
    "name": "Senapssill 230g Abba",
    "weightText": "0.11 kg",
    "caPart": "",
    "weightValue": 0.11,
    "weightUnit": "kg",
    "comparePrice": "231,82 kr/kg u. spad",
    "currentPrice": 25.5,
    "attributes": [],
    "imgUrl": "https://handlaprivatkund.ica.se/images-v3/bf7a00ca-390e-4769-865f-dc369586872e/41d11236-f27f-4168-9f03-0273c6447531/500x500.jpg",
    "productInformation": "Abba Senapssill är en krämig senapssill med utvalda bitar sill och massor av smak från senap och senapsfrön. En mild och rund senapssmak som älskas av många! Den här produkten innehåller sill (Clupea harengus) av högsta kvalitet som fiskas i Nordostatlanten och som enbart kommer från livskraftiga bestånd. Sillen lagras i vårt bergrum i Kungshamn på bohuslänska västkusten innan den blandas med den goda, krämiga såsen för att du ska kunna njuta av din favorit. Sill passar lika bra till jul, påsk och midsommar som till en god snabblagad lunch eller middag eller varför inte brunch? Den här sillburken är märkt med symbolen lågt klimatavtryck, vill du veta mer? Läs mer på abba.se",
    "countryText": "",
    "companyText": "Abba",
    "ingrediensText": "SILL i bitar, socker, vatten, rapsolja, SENAP (12%) (vatten, SENAPsfrö, socker, ättika, salt, kryddor (bl.a. koriander, kanel)), salt, SENAPsfrö, syra (ättiksyra), konserveringsmedel (natriumbensoat, kaliumsorbat), förtjockningsmedel (xantangummi), färgämne (betakaroten, sockerkulör (E150c)). Kan innehålla spår av GLUTEN.",
    "storage": "I kylskåp max 8 °C. Öppnad produkt smakar bäst inom 14 dagar",
    "allergens": "",
    "usage": "",
    "nutrition": [
      {
        "Näringsvärde": "Energi (kcal)",
        "100 Gram": "249 kcal"
      },
      {
        "Näringsvärde": "Energi (kJ)",
        "100 Gram": "1039 kJ"
      },
      {
        "Näringsvärde": "Fett",
        "100 Gram": "16 g"
      },
      {
        "Näringsvärde": "Varav mättat fett",
        "100 Gram": "3 g"
      },
      {
        "Näringsvärde": "Kolhydrat",
        "100 Gram": "17 g"
      },
      {
        "Näringsvärde": "Varav sockerarter",
        "100 Gram": "16 g"
      },
      {
        "Näringsvärde": "Protein",
        "100 Gram": "8.5 g"
      },
      {
        "Näringsvärde": "Salt",
        "100 Gram": "3.7 g"
      }
    ],
    "nutritionUnitText": "Näringsvärde per 100 gram",
    "categories": {
      "mainCategory": "Fisk & Skaldjur",
      "subCategories": [
        {
          "name": "Sill & Ansjovis",
          "subSubCategories": [
            "Inlagd sill"
          ]
        }
      ]
    }
  },
  {
    "name": "Rom röd finkornig 80g Abba",
    "weightText": "0.08 kg",
    "caPart": "",
    "weightValue": 0.08,
    "weightUnit": "kg",
    "comparePrice": "399,38 kr/kg",
    "currentPrice": 31.95,
    "attributes": [
      "MSC-märkt"
    ],
    "imgUrl": "https://handlaprivatkund.ica.se/images-v3/bf7a00ca-390e-4769-865f-dc369586872e/e6c3a0c0-426d-43c4-911d-1c3e414a5f81/500x500.jpg",
    "productInformation": "Abba Finkornig rom är en röd caviar med små fina romkorn som är ett prisvärt alternativ till löjrom och stenbitsrom och passar perfekt som lyxigt tillbehör till förrätten, såsen eller varför inte chipsen? Finkornig rom består av rom från sill (Clupea harengus) av högsta kvalitet som fiskas i Nordostatlanten och som enbart kommer från livskraftiga bestånd. Romen lagras sedan i vårt bergrum i Kungshamn på bohuslänska västkusten innan den hamnar i förpackningen. Vad ska du laga för mat idag? Varför inte göra en snabb pizza med Västerbottensost®, crème fraiche som toppas med röd caviar och finhackad gräslök?",
    "countryText": "",
    "companyText": "Abba",
    "ingrediensText": "Saltad SILLrom (90%), vatten, safflorextrakt, förtjockningsmedel (E415), konserveringsmedel (E202, E211), socker, syra (E330), färgämne (E120), naturlig lökarom.",
    "storage": "I kylskåp max 8 °C. Öppnad förpackning konsumeras inom 14 dagar",
    "allergens": "",
    "usage": "",
    "nutrition": [
      {
        "Näringsvärde": "Energi (kcal)",
        "100 Gram": "67 kcal"
      },
      {
        "Näringsvärde": "Energi (kJ)",
        "100 Gram": "280 kJ"
      },
      {
        "Näringsvärde": "Fett",
        "100 Gram": "1.4 g"
      },
      {
        "Näringsvärde": "Varav mättat fett",
        "100 Gram": "0 g"
      },
      {
        "Näringsvärde": "Kolhydrat",
        "100 Gram": "2.3 g"
      },
      {
        "Näringsvärde": "Varav sockerarter",
        "100 Gram": "0 g"
      },
      {
        "Näringsvärde": "Protein",
        "100 Gram": "11 g"
      },
      {
        "Näringsvärde": "Salt",
        "100 Gram": "5.3 g"
      }
    ],
    "nutritionUnitText": "Näringsvärde per 100 gram",
    "categories": {
      "mainCategory": "Jul",
      "subCategories": [
        {
          "name": "Julmat",
          "subSubCategories": [
            "Lutfisk, Caviar & Röror"
          ]
        }
      ]
    }
  },
  {
    "name": "Kaviar Orökt 165g Ejderns",
    "weightText": "0.165 kg",
    "caPart": "",
    "weightValue": 0.165,
    "weightUnit": "kg",
    "comparePrice": "184,85 kr/kg",
    "currentPrice": 30.5,
    "attributes": [
      "MSC-märkt"
    ],
    "imgUrl": "https://handlaprivatkund.ica.se/images-v3/bf7a00ca-390e-4769-865f-dc369586872e/2e736d94-4f7a-4b1b-8a84-320306b2f9ee/500x500.jpg",
    "productInformation": "Ejderns orökta smörgåskaviar 165g är en klassisk kaviar som funnits i nästan 100 år på marknaden. Kaviaren består till största delen av orökt torskrom vilket ger den en alldeles speciellt kraftfull romsmak. Tack vare den höga romhalten är Ejderns orökta kaviar dessutom en mager kaviar med låg fetthalt. Ejderns orökta smörgåskaviar är som gjort för att bre direkt på mackan som pålägg till frukost, mellanmål eller på kokta ägg! Ejderns kaviar görs av utvald rom från torsk (Gadus morhua) som fiskas framför allt vid Nordnorge (Norska Havet & Barents hav).",
    "countryText": "",
    "companyText": "Ejderns",
    "ingrediensText": "Sockersaltad TORSKrom (79%), socker, potatisflingor, lök, tomatpuré, rapsolja, syra (mjölksyra), konserveringsmedel (natriumbensoat), kryddor, salt",
    "storage": "I kylskåp 2-8 °C",
    "allergens": "",
    "usage": "",
    "nutrition": [
      {
        "Näringsvärde": "Energi (kcal)",
        "100 Gram": "160 kcal"
      },
      {
        "Näringsvärde": "Energi (kJ)",
        "100 Gram": "668 kJ"
      },
      {
        "Näringsvärde": "Fett",
        "100 Gram": "1.3 g"
      },
      {
        "Näringsvärde": "Varav mättat fett",
        "100 Gram": "0.2 g"
      },
      {
        "Näringsvärde": "Kolhydrat",
        "100 Gram": "24 g"
      },
      {
        "Näringsvärde": "Varav sockerarter",
        "100 Gram": "18 g"
      },
      {
        "Näringsvärde": "Protein",
        "100 Gram": "13 g"
      },
      {
        "Näringsvärde": "Salt",
        "100 Gram": "9 g"
      }
    ],
    "nutritionUnitText": "Näringsvärde per 100 gram",
    "categories": {
      "mainCategory": "Fisk & Skaldjur",
      "subCategories": [
        {
          "name": "Kaviar & Rom",
          "subSubCategories": [
            "Kaviar"
          ]
        }
      ]
    }
  },
  {
    "name": "Kräftstjärtar i lake 170g Miljömärkt ICA Basic",
    "weightText": "0.17 kg",
    "caPart": "",
    "weightValue": 0.17,
    "weightUnit": "kg",
    "comparePrice": "240,88 kr/kg u. spad",
    "currentPrice": 40.95,
    "attributes": [],
    "imgUrl": "https://handlaprivatkund.ica.se/images-v3/bf7a00ca-390e-4769-865f-dc369586872e/57e2f407-23e9-4995-91be-d0de7177cd29/500x500.jpg",
    "productInformation": "",
    "countryText": "",
    "companyText": "ICA Basic",
    "ingrediensText": "INGREDIENSER: KRÄFTSTJÄRTAR* (Procambarus clarkii), vatten, salt, socker, konserveringsmedel (E202, E211), surhetsreglerande medel (E330, E331), dillarom. *Fångad i sötvatten med tinor och fällor i Kina.",
    "storage": "",
    "allergens": "",
    "usage": "",
    "nutrition": [
      {
        "Näringsvärde": "Energi (kcal)",
        "100 Gram": "71 kcal"
      },
      {
        "Näringsvärde": "Energi (kJ)",
        "100 Gram": "296 kJ"
      },
      {
        "Näringsvärde": "Fett",
        "100 Gram": "0.5 g"
      },
      {
        "Näringsvärde": "Varav mättat fett",
        "100 Gram": "0.5 g"
      },
      {
        "Näringsvärde": "Kolhydrat",
        "100 Gram": "0.8 g"
      },
      {
        "Näringsvärde": "Varav sockerarter",
        "100 Gram": "0 g"
      },
      {
        "Näringsvärde": "Protein",
        "100 Gram": "16 g"
      },
      {
        "Näringsvärde": "Salt",
        "100 Gram": "2.4 g"
      }
    ],
    "nutritionUnitText": "Näringsvärde per 100 gram",
    "categories": {
      "mainCategory": "Fisk & Skaldjur",
      "subCategories": [
        {
          "name": "Skaldjur",
          "subSubCategories": [
            "Kräftor",
            "Kräftstjärtar i lake"
          ]
        }
      ]
    }
  },
  {
    "name": "Kaviar guld 250g Kalles",
    "weightText": "0.25 kg",
    "caPart": "",
    "weightValue": 0.25,
    "weightUnit": "kg",
    "comparePrice": "138,00 kr/kg",
    "currentPrice": 34.5,
    "attributes": [
      "MSC-märkt"
    ],
    "imgUrl": "https://handlaprivatkund.ica.se/images-v3/bf7a00ca-390e-4769-865f-dc369586872e/857cf6cf-6c5c-4ec6-b1ac-7244863ad92d/500x500.jpg",
    "productInformation": "Kalles Guld är en extra välrökt kaviar med mer rom, viket ger mer ännu mer smak och karaktär. Den har rökts hela 7 gånger längre än Kalles Original. Kalles Guld är perfekt att ta fram till mellanmålet och passar lika bra som pålägg på mackan som på ägget. Kalles kaviar har varit hela Sveriges oersättliga favorit på frukostbordet sedan 1954. Kalles kaviar görs av utvald rom från torsk (Gadus morhua) som fiskas framför allt i Nordnorge (Norska Havet & Barents hav). Kalles kaviar tillverkas i Sverige, i den idylliska fiskorten Kungshamn på västkusten. Vill du ta del av Kalles värld eller inspireras av riktigt smarriga kaviarmackor - besök kalles.se.",
    "countryText": "",
    "companyText": "Kalles",
    "ingrediensText": "Rökt sockersaltad TORSKrom (55%), rapsolja, socker, tomatpuré, potatisflingor, konserveringsmedel (kaliumsorbat, natriumbensoat), antioxidationsmedel (askorbinsyra)",
    "storage": "I kylskåp 2-8 °C",
    "allergens": "",
    "usage": "",
    "nutrition": [
      {
        "Näringsvärde": "Energi (kcal)",
        "100 Gram": "412 kcal"
      },
      {
        "Näringsvärde": "Energi (kJ)",
        "100 Gram": "1724 kJ"
      },
      {
        "Näringsvärde": "Fett",
        "100 Gram": "35 g"
      },
      {
        "Näringsvärde": "Varav mättat fett",
        "100 Gram": "2.5 g"
      },
      {
        "Näringsvärde": "Kolhydrat",
        "100 Gram": "15 g"
      },
      {
        "Näringsvärde": "Varav sockerarter",
        "100 Gram": "13 g"
      },
      {
        "Näringsvärde": "Protein",
        "100 Gram": "8.8 g"
      },
      {
        "Näringsvärde": "Salt",
        "100 Gram": "6.3 g"
      }
    ],
    "nutritionUnitText": "Näringsvärde per 100 gram",
    "categories": {
      "mainCategory": "Fisk & Skaldjur",
      "subCategories": [
        {
          "name": "Kaviar & Rom",
          "subSubCategories": [
            "Kaviar"
          ]
        }
      ]
    }
  },
  {
    "name": "Räkor handskalade i lake 500g ICA",
    "weightText": "0.5 kg",
    "caPart": "",
    "weightValue": 0.5,
    "weightUnit": "kg",
    "comparePrice": "294,00 kr/kg u. spad",
    "currentPrice": 147,
    "attributes": [
      "MSC-märkt"
    ],
    "imgUrl": "https://handlaprivatkund.ica.se/images-v3/bf7a00ca-390e-4769-865f-dc369586872e/e2ce4af6-e4f5-45cf-95f8-6f26c312886c/500x500.jpg",
    "productInformation": "Handskalade räkor perfekta till sallad, räkmacka, pastarätter eller bara ätas som de är!",
    "countryText": "",
    "companyText": "ICA",
    "ingrediensText": "RÄKOR (Pandalus borealis), vatten, salt, konserveringsmedel(E211, E202), surhetsreglerande medel (E330), socker",
    "storage": "",
    "allergens": "",
    "usage": "",
    "nutrition": [
      {
        "Näringsvärde": "Energi (kcal)",
        "100 Gram": "76 kcal"
      },
      {
        "Näringsvärde": "Energi (kJ)",
        "100 Gram": "322 kJ"
      },
      {
        "Näringsvärde": "Fett",
        "100 Gram": "0.8 g"
      },
      {
        "Näringsvärde": "Varav mättat fett",
        "100 Gram": "0.5 g"
      },
      {
        "Näringsvärde": "Kolhydrat",
        "100 Gram": "1 g"
      },
      {
        "Näringsvärde": "Varav sockerarter",
        "100 Gram": "0.5 g"
      },
      {
        "Näringsvärde": "Protein",
        "100 Gram": "16 g"
      },
      {
        "Näringsvärde": "Salt",
        "100 Gram": "2.5 g"
      }
    ],
    "nutritionUnitText": "Näringsvärde per 100 gram",
    "categories": {
      "mainCategory": "Jul",
      "subCategories": [
        {
          "name": "Julmat",
          "subSubCategories": [
            "Ägg, Räkor & Majonnäs"
          ]
        }
      ]
    }
  },
  {
    "name": "Drottkaviar rökt 150g Ejderns",
    "weightText": "0.15 kg",
    "caPart": "",
    "weightValue": 0.15,
    "weightUnit": "kg",
    "comparePrice": "203,33 kr/kg",
    "currentPrice": 30.5,
    "attributes": [
      "MSC-märkt"
    ],
    "imgUrl": "https://handlaprivatkund.ica.se/images-v3/bf7a00ca-390e-4769-865f-dc369586872e/823823d1-d6a9-4a1b-9ad0-73a90c3fcf1e/500x500.jpg",
    "productInformation": "Ejderns Drottkaviar 150g är en riktig klassiker och den tillverkas av extra fin sockersaltad torskrom. Rommen får ligga och mogna i plasttunnor under några månader för att sedan rökas extra länge och blandas med olja och övriga ingredienser. Den speciella rökningen ger produkten dess karaktär och smak. Ejderns Drottningkaviar passar utmärkt till att bre direkt på mackan som pålägg till frukost, mellanmål eller på kokta ägg! Ejderns kaviar görs av utvald rom från torsk (Gadus morhua) som fiskas framför allt vid Nordnorge (Norska Havet & Barents hav).",
    "countryText": "",
    "companyText": "Ejderns",
    "ingrediensText": "Rökt sockersaltad TORSKrom (51%), rapsolja, socker, tomatpuré, salt, potatisflingor, konserveringsmedel (natriumbensoat), antioxidationsmedel (askorbinsyra)",
    "storage": "I kylskåp 2-8 °C",
    "allergens": "",
    "usage": "",
    "nutrition": [
      {
        "Näringsvärde": "Energi (kcal)",
        "100 Gram": "413 kcal"
      },
      {
        "Näringsvärde": "Energi (kJ)",
        "100 Gram": "1729 kJ"
      },
      {
        "Näringsvärde": "Fett",
        "100 Gram": "36 g"
      },
      {
        "Näringsvärde": "Varav mättat fett",
        "100 Gram": "2.6 g"
      },
      {
        "Näringsvärde": "Kolhydrat",
        "100 Gram": "15 g"
      },
      {
        "Näringsvärde": "Varav sockerarter",
        "100 Gram": "13 g"
      },
      {
        "Näringsvärde": "Protein",
        "100 Gram": "8.2 g"
      },
      {
        "Näringsvärde": "Salt",
        "100 Gram": "6.3 g"
      }
    ],
    "nutritionUnitText": "Näringsvärde per 100 gram",
    "categories": {
      "mainCategory": "Fisk & Skaldjur",
      "subCategories": [
        {
          "name": "Kaviar & Rom",
          "subSubCategories": [
            "Kaviar"
          ]
        }
      ]
    }
  },
  {
    "name": "Tigerräka råa 400g Pandalus",
    "weightText": "0.4 kg",
    "caPart": "",
    "weightValue": 0.4,
    "weightUnit": "kg",
    "comparePrice": "335,00 kr/kg",
    "currentPrice": 134,
    "attributes": [
      "Nyckelhålet"
    ],
    "imgUrl": "https://handlaprivatkund.ica.se/images-v3/bf7a00ca-390e-4769-865f-dc369586872e/49cd90f8-5855-47ee-a5a7-8d8f0db6f970/500x500.jpg",
    "productInformation": "",
    "countryText": "",
    "companyText": "Pandalus",
    "ingrediensText": "Råa, skalade och frysta Tigerräkor ( Penaeus monodon) (Kräftdjur) , vatten, salt. Styckfrysta, ASC certifierade.",
    "storage": "Lägsta förvaringstemperatur -25°C Högsta förvaringstemperatur -18°C",
    "allergens": "Innehåller Kräftdjur",
    "usage": "",
    "nutrition": [
      {
        "Näringsvärde": "Energi (kcal)",
        "100 Gram": "52 kcal"
      },
      {
        "Näringsvärde": "Energi (kJ)",
        "100 Gram": "261 kJ"
      },
      {
        "Näringsvärde": "Fett",
        "100 Gram": "0.11 g"
      },
      {
        "Näringsvärde": "Varav mättat fett",
        "100 Gram": "0.04 g"
      },
      {
        "Näringsvärde": "Kolhydrat",
        "100 Gram": "0 g"
      },
      {
        "Näringsvärde": "Varav sockerarter",
        "100 Gram": "0 g"
      },
      {
        "Näringsvärde": "Fiber",
        "100 Gram": "0 g"
      },
      {
        "Näringsvärde": "Protein",
        "100 Gram": "15.1 g"
      },
      {
        "Näringsvärde": "Salt",
        "100 Gram": "0.3 g"
      }
    ],
    "nutritionUnitText": "Näringsvärde per 100 gram",
    "categories": {
      "mainCategory": "Fisk & Skaldjur",
      "subCategories": [
        {
          "name": "Skaldjur",
          "subSubCategories": [
            "Räkor",
            "Frysta räkor"
          ]
        }
      ]
    }
  },
  {
    "name": "Lax Färsk Kallrökt Skivad 150g Miljömärkt ICA Basic",
    "weightText": "0.15 kg",
    "caPart": "",
    "weightValue": 0.15,
    "weightUnit": "kg",
    "comparePrice": "319,67 kr/kg",
    "currentPrice": 47.95,
    "attributes": [
      "Nyckelhålet"
    ],
    "imgUrl": "https://handlaprivatkund.ica.se/images-v3/bf7a00ca-390e-4769-865f-dc369586872e/5e2402ef-0e95-4611-83b6-9741208d4baf/500x500.jpg",
    "productInformation": "Mindre fint putsade skivor av kallrökt lax. Passar utmärkt till röran, pastan eller salladen. \n \n Enstaka ben kan förekomma",
    "countryText": "",
    "companyText": "ICA Basic",
    "ingrediensText": "LAX* (Salmo salar) 97%, salt. *Odlad i Norge",
    "storage": "Kylvara. Förvaras vid högst +4°C Lägsta förvaringstemperatur 0°C Högsta förvaringstemperatur 4°C",
    "allergens": "",
    "usage": "",
    "nutrition": [
      {
        "Näringsvärde": "Energi (kcal)",
        "100 Gram": "149 kcal"
      },
      {
        "Näringsvärde": "Energi (kJ)",
        "100 Gram": "623 kJ"
      },
      {
        "Näringsvärde": "Fett",
        "100 Gram": "7.5 g"
      },
      {
        "Näringsvärde": "Varav mättat fett",
        "100 Gram": "1 g"
      },
      {
        "Näringsvärde": "Kolhydrat",
        "100 Gram": "0 g"
      },
      {
        "Näringsvärde": "Varav sockerarter",
        "100 Gram": "0 g"
      },
      {
        "Näringsvärde": "Protein",
        "100 Gram": "20.3 g"
      },
      {
        "Näringsvärde": "Salt",
        "100 Gram": "3.22 g"
      }
    ],
    "nutritionUnitText": "Näringsvärde per 100 gram",
    "categories": {
      "mainCategory": "Jul",
      "subCategories": [
        {
          "name": "Julmat",
          "subSubCategories": [
            "Lax & Gravlaxsås"
          ]
        }
      ]
    }
  },
  {
    "name": "Löksill 240g Abba",
    "weightText": "0.12 kg",
    "caPart": "",
    "weightValue": 0.12,
    "weightUnit": "kg",
    "comparePrice": "212,50 kr/kg u. spad",
    "currentPrice": 25.5,
    "attributes": [
      "MSC-märkt"
    ],
    "imgUrl": "https://handlaprivatkund.ica.se/images-v3/bf7a00ca-390e-4769-865f-dc369586872e/c8e70b7e-c2eb-42d7-8c3a-feaaa2c1e12c/500x500.jpg",
    "productInformation": "Abba Löksill är en storsäljare med utvalda bitar sill i en klar lag smaksatt med både gul lök, vårlök och svartpeppar. En favorit att räkna med! Den här produkten innehåller sill (Clupea harengus) av högsta kvalitet som fiskas i Nordsjön och som enbart kommer från livskraftiga bestånd. Sillen lagras i vårt bergrum i Kungshamn på bohuslänska västkusten innan vi lägger in den med utvalda kryddor och smaksättningar för att du ska kunna njuta av din favorit. Sill passar lika bra till jul, påsk och midsommar som till en god snabblagad lunch eller middag eller varför inte brunch? Den här sillburken är märkt med symbolen lågt klimatavtryck, vill du veta mer? Läs mer på abba.se",
    "countryText": "",
    "companyText": "Abba",
    "ingrediensText": "SILL i bitar, socker, lök (22%), salt, salladslök, ättika, kryddor (svartpeppar, kryddpeppar, rosépeppar), naturlig arom (innehåller kanel), syra (ättiksyra), konserveringsmedel (natriumbensoat, kaliumsorbat).",
    "storage": "I kylskåp max 8 °C. Öppnad produkt smakar bäst inom 14 dagar",
    "allergens": "",
    "usage": "",
    "nutrition": [
      {
        "Näringsvärde": "Energi (kcal)",
        "100 Gram": "243 kcal"
      },
      {
        "Näringsvärde": "Energi (kJ)",
        "100 Gram": "1016 kJ"
      },
      {
        "Näringsvärde": "Fett",
        "100 Gram": "13 g"
      },
      {
        "Näringsvärde": "Varav mättat fett",
        "100 Gram": "3.4 g"
      },
      {
        "Näringsvärde": "Kolhydrat",
        "100 Gram": "20 g"
      },
      {
        "Näringsvärde": "Varav sockerarter",
        "100 Gram": "20 g"
      },
      {
        "Näringsvärde": "Protein",
        "100 Gram": "11 g"
      },
      {
        "Näringsvärde": "Salt",
        "100 Gram": "3.3 g"
      }
    ],
    "nutritionUnitText": "Näringsvärde per 100 gram",
    "categories": {
      "mainCategory": "Fisk & Skaldjur",
      "subCategories": [
        {
          "name": "Sill & Ansjovis",
          "subSubCategories": [
            "Inlagd sill"
          ]
        }
      ]
    }
  },
  {
    "name": "Räkor med skal 70/90 Fryst 1kg Royal Greenland",
    "weightText": "1 kg",
    "caPart": "",
    "weightValue": 1,
    "weightUnit": "kg",
    "comparePrice": "145,00 kr/kg",
    "currentPrice": 145,
    "attributes": [
      "Nyckelhålet",
      "MSC-märkt"
    ],
    "imgUrl": "https://handlaprivatkund.ica.se/images-v3/bf7a00ca-390e-4769-865f-dc369586872e/c3c62c9c-eda9-4009-9221-c337af9f52e0/500x500.jpg",
    "productInformation": "Skala räkorna och njut av den milt sälta smaken på räkmackan, i röror, i sallader eller naturella med en aiolidipp och en bit gott bröd! Trålade, nordvästatlanten zon 21",
    "countryText": "",
    "companyText": "Royal Greenland",
    "ingrediensText": "INGREDIENSER: Räkor (KRÄFTDJUR) (Pandalus borealis), salt. Vatten (skyddande gla-sering). Kan innehålla spår av fisk.",
    "storage": "Lägsta förvaringstemperatur -25°C Högsta förvaringstemperatur -18°C",
    "allergens": "Kan innehålla Fisk Innehåller Kräftdjur",
    "usage": "",
    "nutrition": [
      {
        "Näringsvärde": "Energi (kcal)",
        "100 Gram": "95 kcal"
      },
      {
        "Näringsvärde": "Energi (kJ)",
        "100 Gram": "401 kJ"
      },
      {
        "Näringsvärde": "Fett",
        "100 Gram": "1.2 g"
      },
      {
        "Näringsvärde": "Varav mättat fett",
        "100 Gram": "0.2 g"
      },
      {
        "Näringsvärde": "Kolhydrat",
        "100 Gram": "0 g"
      },
      {
        "Näringsvärde": "Varav sockerarter",
        "100 Gram": "0 g"
      },
      {
        "Näringsvärde": "Protein",
        "100 Gram": "21 g"
      },
      {
        "Näringsvärde": "Salt",
        "100 Gram": "1.4 g"
      }
    ],
    "nutritionUnitText": "Näringsvärde per 100 gram",
    "categories": {
      "mainCategory": "Fisk & Skaldjur",
      "subCategories": [
        {
          "name": "Skaldjur",
          "subSubCategories": [
            "Räkor",
            "Frysta räkor"
          ]
        }
      ]
    }
  },
  {
    "name": "Torskfilé kedjepack 375g Royal Greenland",
    "weightText": "0.375 kg",
    "caPart": "",
    "weightValue": 0.375,
    "weightUnit": "kg",
    "comparePrice": "277,33 kr/kg",
    "currentPrice": 104,
    "attributes": [
      "Nyckelhålet",
      "MSC-märkt"
    ],
    "imgUrl": "https://handlaprivatkund.ica.se/images-v3/bf7a00ca-390e-4769-865f-dc369586872e/bb3086ae-fe76-49fc-bcef-197c4654534d/500x500.jpg",
    "productInformation": "",
    "countryText": "",
    "companyText": "Royal Greenland",
    "ingrediensText": "Torskfiléer (FISK) (Gadus morhua). Vatten (skyddande glasering).",
    "storage": "Lägsta förvaringstemperatur -25°C Högsta förvaringstemperatur -18°C",
    "allergens": "",
    "usage": "",
    "nutrition": [
      {
        "Näringsvärde": "Energi (kcal)",
        "100 Gram": "77 kcal"
      },
      {
        "Näringsvärde": "Energi (kJ)",
        "100 Gram": "325 kJ"
      },
      {
        "Näringsvärde": "Fett",
        "100 Gram": "0.5 g"
      },
      {
        "Näringsvärde": "Varav mättat fett",
        "100 Gram": "0.3 g"
      },
      {
        "Näringsvärde": "Kolhydrat",
        "100 Gram": "0 g"
      },
      {
        "Näringsvärde": "Varav sockerarter",
        "100 Gram": "0 g"
      },
      {
        "Näringsvärde": "Protein",
        "100 Gram": "18 g"
      },
      {
        "Näringsvärde": "Salt",
        "100 Gram": "0.2 g"
      }
    ],
    "nutritionUnitText": "Näringsvärde per 100 gram",
    "categories": {
      "mainCategory": "Fryst",
      "subCategories": [
        {
          "name": "Fryst fisk & Skaldjur",
          "subSubCategories": [
            "Fryst torsk & vitfisk"
          ]
        }
      ]
    }
  },
  {
    "name": "Kaviar ägg randig 285g Kalles",
    "weightText": "0.285 kg",
    "caPart": "",
    "weightValue": 0.285,
    "weightUnit": "kg",
    "comparePrice": "121,05 kr/kg",
    "currentPrice": 34.5,
    "attributes": [
      "MSC-märkt"
    ],
    "imgUrl": "https://handlaprivatkund.ica.se/images-v3/bf7a00ca-390e-4769-865f-dc369586872e/f0f80644-1ec2-4cbc-a2e4-00ee496cf015/500x500.jpg",
    "productInformation": "Kalles Randiga med ägg 285g är en mild och krämig blandning av kaviar, färskost och finhackade ägg. En rolig kaviar med ränder av cream cheese. Kalles Randiga med ägg passar utmärkt som pålägg på mackan till frukosten eller mellanmålet! Kalles kaviar har varit hela Sveriges oersättliga favorit på frukostbordet sedan 1954. Kalles kaviar görs av utvald rom från torsk & sej som fiskas framför allt i Nordnorge (Norska Havet & Barents hav). Kalles kaviar tillverkas i Sverige, i den idylliska fiskorten Kungshamn på västkusten. Vill du ta del av Kalles värld eller inspireras av riktigt smarriga kaviarmackor - besök kalles.se. \n \n I produkten ingår totalt 17% fiskrom.",
    "countryText": "",
    "companyText": "Kalles",
    "ingrediensText": "Kaviar (38%) (rökt sockersaltad rom från TORSKFISKAR, rapsolja, vatten, socker, salt, potatisflingor, tomatpuré, konserveringsmedel (kaliumsorbat, natriumbensoat), antioxidationsmedel (askorbinsyra)), kokt ÄGG (25%), färskOST (22%) (skumMJÖLK, GRÄDDE, rapsolja, modifierad stärkelse, stabiliseringsmedel (fruktkärnmjöl), mjölksyrakultur), rapsolja, inulin (fiber), vatten, skumMJÖLKspulver, arom, stabiliseringsmedel (xantangummi, fruktkärnmjöl), färgämnen (betakaroten, paprikaoleoresin)",
    "storage": "I kylskåp 2-8 °C",
    "allergens": "",
    "usage": "",
    "nutrition": [
      {
        "Näringsvärde": "Energi (kcal)",
        "100 Gram": "308 kcal"
      },
      {
        "Näringsvärde": "Energi (kJ)",
        "100 Gram": "1289 kJ"
      },
      {
        "Näringsvärde": "Fett",
        "100 Gram": "27 g"
      },
      {
        "Näringsvärde": "Varav mättat fett",
        "100 Gram": "4.5 g"
      },
      {
        "Näringsvärde": "Kolhydrat",
        "100 Gram": "7.9 g"
      },
      {
        "Näringsvärde": "Varav sockerarter",
        "100 Gram": "6.4 g"
      },
      {
        "Näringsvärde": "Protein",
        "100 Gram": "7.4 g"
      },
      {
        "Näringsvärde": "Salt",
        "100 Gram": "3.4 g"
      }
    ],
    "nutritionUnitText": "Näringsvärde per 100 gram",
    "categories": {
      "mainCategory": "Fisk & Skaldjur",
      "subCategories": [
        {
          "name": "Kaviar & Rom",
          "subSubCategories": [
            "Kaviar"
          ]
        }
      ]
    }
  },
  {
    "name": "Mästarmatjessill 215g Abba",
    "weightText": "0.125 kg",
    "caPart": "",
    "weightValue": 0.125,
    "weightUnit": "kg",
    "comparePrice": "175,60 kr/kg u. spad",
    "currentPrice": 21.95,
    "attributes": [],
    "imgUrl": "https://handlaprivatkund.ica.se/images-v3/bf7a00ca-390e-4769-865f-dc369586872e/0eb6fb4e-6a2c-4fbc-8e78-e86dc659bfb1/500x500.jpg",
    "productInformation": "Abba Mästarmatjes är en matjessill med mild kryddig smak och är den mildaste och mest köpta i vårt sortiment. Mästarmatjes innehåller sill (Clupea harengus) av högsta kvalitet som fiskas i Nordostatlanten och som enbart kommer från livskraftiga bestånd. Sillen får mogna i tunnor med en kryddlag i vårt bergrum i Kungshamn på bohuslänska västkusten tills att den smakar som allra bäst och är redo att njutas av! Matjessill har en given plats vid midsommarfirandet eller äts som den är tillsammans med färsk potatis, gräddfil, gräslök och lite brynt smör. Den här matjesburken är märkt med symbolen lågt klimatavtryck, vill du veta mer? Läs mer på abba.se",
    "countryText": "",
    "companyText": "Abba",
    "ingrediensText": "SILL i bitar, socker, salt, ättika, kryddor (bl.a. kanel, muskotblomma, padoukträ), dill, vitvinsvinäger, naturlig arom (innehåller lök), röd padoukextrakt, konserveringsmedel (natriumbensoat, kaliumsorbat).",
    "storage": "I kylskåp max 8 °C",
    "allergens": "",
    "usage": "",
    "nutrition": [
      {
        "Näringsvärde": "Energi (kcal)",
        "100 Gram": "231 kcal"
      },
      {
        "Näringsvärde": "Energi (kJ)",
        "100 Gram": "966 kJ"
      },
      {
        "Näringsvärde": "Fett",
        "100 Gram": "12 g"
      },
      {
        "Näringsvärde": "Varav mättat fett",
        "100 Gram": "3.3 g"
      },
      {
        "Näringsvärde": "Kolhydrat",
        "100 Gram": "19 g"
      },
      {
        "Näringsvärde": "Varav sockerarter",
        "100 Gram": "18 g"
      },
      {
        "Näringsvärde": "Protein",
        "100 Gram": "11 g"
      },
      {
        "Näringsvärde": "Salt",
        "100 Gram": "6.1 g"
      }
    ],
    "nutritionUnitText": "Näringsvärde per 100 gram",
    "categories": {
      "mainCategory": "Fisk & Skaldjur",
      "subCategories": [
        {
          "name": "Sill & Ansjovis",
          "subSubCategories": [
            "Inlagd sill"
          ]
        }
      ]
    }
  },
  {
    "name": "Steksill 395g Abba",
    "weightText": "0.175 kg",
    "caPart": "",
    "weightValue": 0.175,
    "weightUnit": "kg",
    "comparePrice": "225,71 kr/kg u. spad",
    "currentPrice": 39.5,
    "attributes": [],
    "imgUrl": "https://handlaprivatkund.ica.se/images-v3/bf7a00ca-390e-4769-865f-dc369586872e/b1f23506-2459-4e0e-bd5b-568360a778c1/500x500.jpg",
    "productInformation": "Abba Steksill är vårt bästa knep när du vill laga stekt sill tillsammans med kokt potatis och skirat smör. Den här produkten består av en urvattnad saltsill (Clupea harengus) av högsta kvalitet som fiskas i Nordostatlanten och som enbart kommer från livskraftiga bestånd. Sillen lagras i vårt bergrum i Kungshamn på bohuslänska västkusten för att få den rätta konsistensen innan vi förpackar den. Den här sillförpackningen är märkt med symbolen lågt klimatavtryck, vill du veta mer? Läs mer på abba.se",
    "countryText": "",
    "companyText": "Abba",
    "ingrediensText": "SILLfiléer med skinn, salt, ättika, konserveringsmedel (natriumbensoat).",
    "storage": "I kylskåp max 8 °C",
    "allergens": "",
    "usage": "",
    "nutrition": [
      {
        "Näringsvärde": "Energi (kcal)",
        "100 Gram": "193 kcal"
      },
      {
        "Näringsvärde": "Energi (kJ)",
        "100 Gram": "803 kJ"
      },
      {
        "Näringsvärde": "Fett",
        "100 Gram": "14 g"
      },
      {
        "Näringsvärde": "Varav mättat fett",
        "100 Gram": "3.8 g"
      },
      {
        "Näringsvärde": "Kolhydrat",
        "100 Gram": "0.7 g"
      },
      {
        "Näringsvärde": "Varav sockerarter",
        "100 Gram": "0 g"
      },
      {
        "Näringsvärde": "Protein",
        "100 Gram": "15 g"
      },
      {
        "Näringsvärde": "Salt",
        "100 Gram": "7.2 g"
      }
    ],
    "nutritionUnitText": "Näringsvärde per 100 gram",
    "categories": {
      "mainCategory": "Fisk & Skaldjur",
      "subCategories": [
        {
          "name": "Sill & Ansjovis",
          "subSubCategories": [
            "Inlagd sill"
          ]
        }
      ]
    }
  },
  {
    "name": "Torsk persilje & citronsmör Fryst 2-p 300g ICA",
    "weightText": "0.3 kg",
    "caPart": "",
    "weightValue": 0.3,
    "weightUnit": "kg",
    "comparePrice": "273,17 kr/kg",
    "currentPrice": 81.95,
    "attributes": [
      "MSC-märkt"
    ],
    "imgUrl": "https://handlaprivatkund.ica.se/images-v3/bf7a00ca-390e-4769-865f-dc369586872e/f487f82b-66e3-4218-8f73-e0accbe04d35/500x500.jpg",
    "productInformation": "ICA Torsk med persilje- och citron smör 2-p är genvägen till en lyckad fisk varje gång, tillagas i ångpåse i micro eller i ugn. Enkelt och gott!",
    "countryText": "",
    "companyText": "ICA",
    "ingrediensText": "Renskuren TORSKRYGG* (Gadus morhua) 83%, vatten, smör (MJÖLK) 3,4%, citronjuice 1%, persilja 0,85%, salt, risstärkelse, emulgeringsmedel (solroslecitin), svartpeppar, citronextrakt. *Fångad med trålar i Nordostatlanten, fångstzon 27. Enstaka ben kan förekomma.",
    "storage": "Lägsta förvaringstemperatur -25°C Högsta förvaringstemperatur -18°C",
    "allergens": "Innehåller Fisk Innehåller Mjölk",
    "usage": "",
    "nutrition": [],
    "nutritionUnitText": "Näringsvärde per styck",
    "categories": {
      "mainCategory": "Fisk & Skaldjur",
      "subCategories": [
        {
          "name": "Färdiga fiskrätter",
          "subSubCategories": [
            "Fiskpinnar & Panerad fisk",
            "Färdigkryddad fisk"
          ]
        }
      ]
    }
  },
  {
    "name": "Brantevikssill 245g Abba",
    "weightText": "0.105 kg",
    "caPart": "",
    "weightValue": 0.105,
    "weightUnit": "kg",
    "comparePrice": "242,86 kr/kg u. spad",
    "currentPrice": 25.5,
    "attributes": [],
    "imgUrl": "https://handlaprivatkund.ica.se/images-v3/bf7a00ca-390e-4769-865f-dc369586872e/9868ad95-b551-4670-8fb9-03e6a6502781/500x500.jpg",
    "productInformation": "Abba Brantevikssill är en premiumsill av högsta kvalitet som innehåller små, utvalda bitar sill och mer av den goda smaken runtomkring. Vår Brantevik är smaksatt med finhackad lök och dill, krossade kryddor som peppar och lagerblad och lite honung för att balansera smaken! Den här produkten innehåller sill (Clupea harengus) av högsta kvalitet som fiskas i Nordostatlanten och som enbart kommer från livskraftiga bestånd. Sillen lagras i vårt bergrum i Kungshamn på bohuslänska västkusten innan vi lägger in den med utvalda kryddor och smaksättningar för att du ska kunna njuta av din favorit. Sill passar lika bra till jul, påsk och midsommar som till en god snabblagad lunch eller middag eller varför inte brunch? Den här sillburken är märkt med symbolen lågt klimatavtryck, vill du veta mer? Läs mer på abba.se",
    "countryText": "",
    "companyText": "Abba",
    "ingrediensText": "SILL i bitar, socker, rödlök (22%), salt, citronskal, vitvinsvinäger, ättika, honung, torkad rödlök (0,7%), dill, dillextrakt, kryddor (kryddpeppar, svartpeppar, vitpeppar, krossade lagerblad), naturlig arom (innehåller kanel, gummi arabicum), syra (ättiksyra), konserveringsmedel (natriumbensoat, kaliumsorbat).",
    "storage": "I kylskåp max 8 °C. Öppnad produkt smakar bäst inom 14 dagar",
    "allergens": "",
    "usage": "",
    "nutrition": [
      {
        "Näringsvärde": "Energi (kcal)",
        "100 Gram": "243 kcal"
      },
      {
        "Näringsvärde": "Energi (kJ)",
        "100 Gram": "1020 kJ"
      },
      {
        "Näringsvärde": "Fett",
        "100 Gram": "9.8 g"
      },
      {
        "Näringsvärde": "Varav mättat fett",
        "100 Gram": "2.6 g"
      },
      {
        "Näringsvärde": "Kolhydrat",
        "100 Gram": "30 g"
      },
      {
        "Näringsvärde": "Varav sockerarter",
        "100 Gram": "28 g"
      },
      {
        "Näringsvärde": "Protein",
        "100 Gram": "8.3 g"
      },
      {
        "Näringsvärde": "Salt",
        "100 Gram": "3.4 g"
      }
    ],
    "nutritionUnitText": "Näringsvärde per 100 gram",
    "categories": {
      "mainCategory": "Fisk & Skaldjur",
      "subCategories": [
        {
          "name": "Sill & Ansjovis",
          "subSubCategories": [
            "Inlagd sill"
          ]
        }
      ]
    }
  },
  {
    "name": "Caviarmix röd rom av sill och lodda 75g ICA",
    "weightText": "0.075 kg",
    "caPart": "",
    "weightValue": 0.075,
    "weightUnit": "kg",
    "comparePrice": "340,00 kr/kg",
    "currentPrice": 25.5,
    "attributes": [
      "MSC-märkt"
    ],
    "imgUrl": "https://handlaprivatkund.ica.se/images-v3/bf7a00ca-390e-4769-865f-dc369586872e/b896dbf5-a7dc-49fe-ba05-96b502c86788/500x500.jpg",
    "productInformation": "Caviarmixen passar bra som dekoration av förrätter. Rommen blir en trevlig färgklick på en god Toast Skagen med räkor, dill och citron.",
    "countryText": "",
    "companyText": "ICA",
    "ingrediensText": "Saltad fiskrom 85% av SILL* (Clupea harengus) och LODDA* (Mallotus villosus), vatten, rapsolja, sherry, färgämne (E160a, E120, E101), konserveringsmedel (E202, E211), surhetsreglerande medel (E330), förtjockningsmedel (E415), lökpulver. *Sill fångad med trål och lodda fångad med ringnot i Nordostatlanten, fångstzon 27.",
    "storage": "",
    "allergens": "",
    "usage": "",
    "nutrition": [
      {
        "Näringsvärde": "Energi (kcal)",
        "100 Gram": "55 kcal"
      },
      {
        "Näringsvärde": "Energi (kJ)",
        "100 Gram": "232 kJ"
      },
      {
        "Näringsvärde": "Fett",
        "100 Gram": "2.6 g"
      },
      {
        "Näringsvärde": "Varav mättat fett",
        "100 Gram": "0.5 g"
      },
      {
        "Näringsvärde": "Kolhydrat",
        "100 Gram": "1.8 g"
      },
      {
        "Näringsvärde": "Varav sockerarter",
        "100 Gram": "0.5 g"
      },
      {
        "Näringsvärde": "Protein",
        "100 Gram": "6.2 g"
      },
      {
        "Näringsvärde": "Salt",
        "100 Gram": "4.5 g"
      }
    ],
    "nutritionUnitText": "Näringsvärde per 100 gram",
    "categories": {
      "mainCategory": "Fisk & Skaldjur",
      "subCategories": [
        {
          "name": "Kaviar & Rom",
          "subSubCategories": [
            "Färsk rom"
          ]
        }
      ]
    }
  },
  {
    "name": "Räkor stora skalade Frysta 200g ICA",
    "weightText": "0.2 kg",
    "caPart": "",
    "weightValue": 0.2,
    "weightUnit": "kg",
    "comparePrice": "244,75 kr/kg",
    "currentPrice": 48.95,
    "attributes": [
      "Nyckelhålet",
      "MSC-märkt"
    ],
    "imgUrl": "https://handlaprivatkund.ica.se/images-v3/bf7a00ca-390e-4769-865f-dc369586872e/4d98c13b-3858-4f8e-ac78-d59f07f1f159/500x500.jpg",
    "productInformation": "ICAs Stora räkor med skal fina frysta MSC-märkta räkor som fiskats på ett hållbart sätt. Bästa sättet att tina dem är långsamt i kylskåpet så de behåller sin goda smak och konsistens. Slå gärna in dem i papper som suger upp vätskan. Du kan också tina dem i ett durkslag i rumstemperatur. Storlek: 44–66 st/hg.",
    "countryText": "",
    "companyText": "ICA",
    "ingrediensText": "Skalade RÄKOR (Pandalus borealis), salt. *Fångad med trålar i Nordostatlanten (Barents hav, Norska Havet, Spetsbergen och Björnön), fångstzon 27I, II.",
    "storage": "Lägsta förvaringstemperatur -30°C Högsta förvaringstemperatur -18°C",
    "allergens": "Innehåller Kräftdjur Kan innehålla Fisk Kan innehålla Blötdjur",
    "usage": "",
    "nutrition": [],
    "nutritionUnitText": "Näringsvärde per styck",
    "categories": {
      "mainCategory": "Jul",
      "subCategories": [
        {
          "name": "Julmat",
          "subSubCategories": [
            "Ägg, Räkor & Majonnäs"
          ]
        }
      ]
    }
  },
  {
    "name": "Räkor Stora i Lake 170g ICA",
    "weightText": "0.17 kg",
    "caPart": "",
    "weightValue": 0.17,
    "weightUnit": "kg",
    "comparePrice": "285,29 kr/kg u. spad",
    "currentPrice": 48.5,
    "attributes": [
      "MSC-märkt"
    ],
    "imgUrl": "https://handlaprivatkund.ica.se/images-v3/bf7a00ca-390e-4769-865f-dc369586872e/be0d4048-8c4b-4444-9aae-a1582e8cdcba/500x500.jpg",
    "productInformation": "ICA Räkor i lake kan du göra nästan vad du vill med! Allt ifrån en räkmacka till en räkcocktail eller lägga på en pizza eller i pastasåsen. De gör vilken fisksoppa som helst glad och ligger också fint i en avokadohalva ihop med mango, chili, lite olja och lime. Paella fixar de också, eller varför inte bara koka upp i olja med vitlök, chili, citron och persilja som en liten läcker minirätt? Glöm för all del inte brödet till, det är också ett utmärkt sätt att göra rent tallriken efteråt.",
    "countryText": "",
    "companyText": "ICA",
    "ingrediensText": "RÄKOR* (Pandalus borealis), vatten, salt, socker, konserveringsmedel (E211, E202), surhetsreglerande medel (E330). *Räkor fångade med trålar i Nordvästatlanten FAO 21 och Nordostatlanten FAO 27. Kan innehålla spår av fisk, blötdjur.",
    "storage": "",
    "allergens": "Kan innehålla spår av Fisk, Blötdjur.",
    "usage": "",
    "nutrition": [
      {
        "Näringsvärde": "Energi (kcal)",
        "100 Gram": "64 kcal"
      },
      {
        "Näringsvärde": "Energi (kJ)",
        "100 Gram": "272 kJ"
      },
      {
        "Näringsvärde": "Fett",
        "100 Gram": "0.9 g"
      },
      {
        "Näringsvärde": "Varav mättat fett",
        "100 Gram": "0.5 g"
      },
      {
        "Näringsvärde": "Kolhydrat",
        "100 Gram": "0.5 g"
      },
      {
        "Näringsvärde": "Varav sockerarter",
        "100 Gram": "0.5 g"
      },
      {
        "Näringsvärde": "Protein",
        "100 Gram": "14 g"
      },
      {
        "Näringsvärde": "Salt",
        "100 Gram": "2.25 g"
      }
    ],
    "nutritionUnitText": "Näringsvärde per 100 gram",
    "categories": {
      "mainCategory": "Jul",
      "subCategories": [
        {
          "name": "Julmat",
          "subSubCategories": [
            "Ägg, Räkor & Majonnäs"
          ]
        }
      ]
    }
  },
  {
    "name": "Torskrygg med dillsmör 2-p Fryst 300g ICA",
    "weightText": "0.3 kg",
    "caPart": "",
    "weightValue": 0.3,
    "weightUnit": "kg",
    "comparePrice": "273,17 kr/kg",
    "currentPrice": 81.95,
    "attributes": [
      "MSC-märkt"
    ],
    "imgUrl": "https://handlaprivatkund.ica.se/images-v3/bf7a00ca-390e-4769-865f-dc369586872e/61009e0a-414f-4c90-a6aa-a656b5269ed7/500x500.jpg",
    "productInformation": "ICA Torsk med dillsmör 2-p är genvägen till en lyckad fisk varje gång, tillagas i ångpåse i micro eller i ugn. Enkelt och gott!",
    "countryText": "",
    "companyText": "ICA",
    "ingrediensText": "Ingredienser: Renskuren TORSKRYGG* (Gadus morhua) 83%, vatten, smör (MJÖLK) 3,4%, citronjuice, dill 0,5%, salt, persilja, risstärkelse, emulgeringsmedel (solroslecitin), svartpeppar, citronextrakt. *Fångad med trålar i Nordostatlanten, fångstzon 27. Enstaka ben kan förekomma.",
    "storage": "Lägsta förvaringstemperatur -25°C Högsta förvaringstemperatur -18°C",
    "allergens": "Innehåller Fisk Innehåller Mjölk",
    "usage": "",
    "nutrition": [],
    "nutritionUnitText": "Näringsvärde per styck",
    "categories": {
      "mainCategory": "Fisk & Skaldjur",
      "subCategories": [
        {
          "name": "Färdiga fiskrätter",
          "subSubCategories": [
            "Fiskpinnar & Panerad fisk",
            "Färdigkryddad fisk"
          ]
        }
      ]
    }
  },
  {
    "name": "Varmrökt lax 150g ICA Basic",
    "weightText": "0.15 kg",
    "caPart": "",
    "weightValue": 0.15,
    "weightUnit": "kg",
    "comparePrice": "323,33 kr/kg",
    "currentPrice": 48.5,
    "attributes": [
      "Nyckelhålet"
    ],
    "imgUrl": "https://handlaprivatkund.ica.se/images-v3/bf7a00ca-390e-4769-865f-dc369586872e/a62224a1-f217-4e6f-88c2-c90bcb1c2285/500x500.jpg",
    "productInformation": "ICA Basic Varmrökt salladslax kommer i bitar av varierande storlek. Vi kallar den för svinnsmart eftersom den görs på filébitar som till exempel gått sönder eller är för små eller stora för att använda i andra produkter. Laxbitarna passar utmärkt i salladen eller pastan.",
    "countryText": "",
    "companyText": "ICA Basic",
    "ingrediensText": "LAXFILÉ (Salmo salar)*, salt. *Odlad i Norge.",
    "storage": "Kylvara, 0 - +4°C",
    "allergens": "",
    "usage": "Bäst-före-datum gäller endast för oöppnad förpackning \n \n Enstaka ben kan förekomma",
    "nutrition": [
      {
        "Näringsvärde": "Energi (kcal)",
        "100 Gram": "219 kcal"
      },
      {
        "Näringsvärde": "Energi (kJ)",
        "100 Gram": "912 kJ"
      },
      {
        "Näringsvärde": "Fett",
        "100 Gram": "15 g"
      },
      {
        "Näringsvärde": "Varav mättat fett",
        "100 Gram": "2.3 g"
      },
      {
        "Näringsvärde": "Kolhydrat",
        "100 Gram": "0 g"
      },
      {
        "Näringsvärde": "Varav sockerarter",
        "100 Gram": "0 g"
      },
      {
        "Näringsvärde": "Protein",
        "100 Gram": "21 g"
      },
      {
        "Näringsvärde": "Salt",
        "100 Gram": "1.5 g"
      }
    ],
    "nutritionUnitText": "Näringsvärde per 100 gram",
    "categories": {
      "mainCategory": "Fisk & Skaldjur",
      "subCategories": [
        {
          "name": "Fisk",
          "subSubCategories": [
            "Lax",
            "Rökt lax"
          ]
        }
      ]
    }
  },
  {
    "name": "Blåmusslor Fryst 450g ICA",
    "weightText": "0.45 kg",
    "caPart": "",
    "weightValue": 0.45,
    "weightUnit": "kg",
    "comparePrice": "88,78 kr/kg",
    "currentPrice": 39.95,
    "attributes": [
      "Nyckelhålet"
    ],
    "imgUrl": "https://handlaprivatkund.ica.se/images-v3/bf7a00ca-390e-4769-865f-dc369586872e/aed26409-dc4d-4c6a-9a49-658114bb907b/500x500.jpg",
    "productInformation": "ICAs Blåmusslor är förkokta, sjud musslorna i vin eller piffa upp vardsagspastan. Recept på en klassisk Moule mariniére finns på baksidan av förpackningen. Prova gärna!",
    "countryText": "",
    "companyText": "ICA",
    "ingrediensText": "Chilensk BLÅMUSSLA/BLÅSKJELL* med skal (Mytilus chilensis). *Odlade/oppdrett i Chile.",
    "storage": "Lägsta förvaringstemperatur -40°C Högsta förvaringstemperatur -18°C",
    "allergens": "Innehåller Blötdjur",
    "usage": "",
    "nutrition": [],
    "nutritionUnitText": "Näringsvärde per styck",
    "categories": {
      "mainCategory": "Fryst",
      "subCategories": [
        {
          "name": "Fryst fisk & Skaldjur",
          "subSubCategories": [
            "Frysta skaldjursdelikatesser"
          ]
        }
      ]
    }
  },
  {
    "name": "Räkor med skal 70/90 Frysta 500g Royal Greenland",
    "weightText": "0.5 kg",
    "caPart": "",
    "weightValue": 0.5,
    "weightUnit": "kg",
    "comparePrice": "167,90 kr/kg",
    "currentPrice": 83.95,
    "attributes": [
      "Nyckelhålet",
      "MSC-märkt"
    ],
    "imgUrl": "https://handlaprivatkund.ica.se/images-v3/bf7a00ca-390e-4769-865f-dc369586872e/3c562472-c436-41bb-b42e-9c66880b8357/500x500.jpg",
    "productInformation": "Den grönländska räkan är extra saftig och söt, köttet har en behaglig konsistens och färgen är vackert rosa. Det kalla vattnet i det arktiska området gör att räkorna växer väldigt långsamt, vilket gör att smaken får gott om tid att utvecklas ordentligt - intensiv, fräsch och söt med ett inslag av havssalt. Räkorna fångas i de rena och iskalla vattnen runt om Grönland. Efter fångsten sorterasräkorna omedelbart efter storlek, varefter de kokas, packeteras och fryses ner på mindre än tre timmar. Den snabba och skonsamma hanteringen säkrar att räkorna bevarar sin naturliga smak, konsistens och fräschör.",
    "countryText": "",
    "companyText": "Royal Greenland",
    "ingrediensText": "RÄKOR (Pandalus borealis), salt.Räkorna är glaserade med vat-ten som en skyddande förpack-ning för att säkra kvaliteten. Kaninnehålla spår av FISK.",
    "storage": "Lägsta förvaringstemperatur -25°C Högsta förvaringstemperatur -18°C",
    "allergens": "Kan innehålla Fisk Innehåller Kräftdjur",
    "usage": "",
    "nutrition": [
      {
        "Näringsvärde": "Energi (kcal)",
        "100 Gram": "106 kcal"
      },
      {
        "Näringsvärde": "Energi (kJ)",
        "100 Gram": "447 kJ"
      },
      {
        "Näringsvärde": "Fett",
        "100 Gram": "1.5 g"
      },
      {
        "Näringsvärde": "Varav mättat fett",
        "100 Gram": "0.3 g"
      },
      {
        "Näringsvärde": "Kolhydrat",
        "100 Gram": "0 g"
      },
      {
        "Näringsvärde": "Varav sockerarter",
        "100 Gram": "0 g"
      },
      {
        "Näringsvärde": "Protein",
        "100 Gram": "23 g"
      },
      {
        "Näringsvärde": "Salt",
        "100 Gram": "1.75 g"
      }
    ],
    "nutritionUnitText": "Näringsvärde per 100 gram",
    "categories": {
      "mainCategory": "Fisk & Skaldjur",
      "subCategories": [
        {
          "name": "Skaldjur",
          "subSubCategories": [
            "Räkor",
            "Frysta räkor"
          ]
        }
      ]
    }
  },
  {
    "name": "Fiskgratäng med dillsås Fryst 600g ICA",
    "weightText": "0.6 kg",
    "caPart": "",
    "weightValue": 0.6,
    "weightUnit": "kg",
    "comparePrice": "69,92 kr/kg",
    "currentPrice": 41.95,
    "attributes": [
      "MSC-märkt"
    ],
    "imgUrl": "https://handlaprivatkund.ica.se/images-v3/bf7a00ca-390e-4769-865f-dc369586872e/e6aa7bb8-f7a1-4ce4-8f2c-aef596f2edcb/500x500.jpg",
    "productInformation": "Fryst fiskgratäng med vit fisk täckt med dillsås och spritsat potatismos längs sidorna. 2-3 portioner. Värm enkelt i ugn eller i mikrovågsugn.",
    "countryText": "",
    "companyText": "ICA",
    "ingrediensText": "POTATISMOS 51%: Vatten, potatismospulver (potatis, KÄRNMJÖLKSPULVER, MJÖLKPULVER, salt, GRÄDDPULVER, stabiliseringsmedel (E471), konserveringsmedel (E222 NATRIUMVÄTESULFIT), antioxidationsmedel (E300), kryddextrakt (svartpeppar)), SKUMMJÖLKSPULVER, smör (MJÖLK), salt, pepparextrakt. FISK 28%: Renskurna filéer av ALASKA POLLOCK* (Theragra chalcogramma). SÅS 21%: Vatten, SKUMMJÖLKSPULVER, modifierad majsstärkelse, smör (MJÖLK), GRÄDDPULVER, dill 0,5%, salt, citronpeppar (salt, svartpeppar, surhetsreglerande medel (E330), potatisstärkelse, socker, lök, citronextrakt), pepparextrakt, dillarom. Kan innehålla spår av räkor. *Fiskad med trål i Stilla Havet, fångstzon 67.",
    "storage": "I frysutrymme (-18°C eller kallare). Bör ej frysas om efter upptining. Lägsta förvaringstemperatur -25°C Högsta förvaringstemperatur -18°C",
    "allergens": "Innehåller Svaveldioxid eller sulfit Innehåller Fisk Innehåller Mjölk Kan innehålla Kräftdjur",
    "usage": "",
    "nutrition": [
      {
        "Näringsvärde": "Energi (kcal)",
        "100 Gram": "108 kcal"
      },
      {
        "Näringsvärde": "Energi (kJ)",
        "100 Gram": "454 kJ"
      },
      {
        "Näringsvärde": "Fett",
        "100 Gram": "3.4 g"
      },
      {
        "Näringsvärde": "Varav mättat fett",
        "100 Gram": "2.2 g"
      },
      {
        "Näringsvärde": "Kolhydrat",
        "100 Gram": "11 g"
      },
      {
        "Näringsvärde": "Varav sockerarter",
        "100 Gram": "3.8 g"
      },
      {
        "Näringsvärde": "Protein",
        "100 Gram": "7.7 g"
      },
      {
        "Näringsvärde": "Salt",
        "100 Gram": "1.2 g"
      }
    ],
    "nutritionUnitText": "",
    "categories": {
      "mainCategory": "Fryst",
      "subCategories": [
        {
          "name": "Fryst färdigmat",
          "subSubCategories": [
            "Frysta portionsrätter",
            "Fryst flerportion"
          ]
        }
      ]
    }
  },
  {
    "name": "Sill ansjoviskryddad 245g Abba",
    "weightText": "0.13 kg",
    "caPart": "",
    "weightValue": 0.13,
    "weightUnit": "kg",
    "comparePrice": "196,15 kr/kg u. spad",
    "currentPrice": 25.5,
    "attributes": [],
    "imgUrl": "https://handlaprivatkund.ica.se/images-v3/bf7a00ca-390e-4769-865f-dc369586872e/c30db3d9-10be-4b88-beb4-e42f0e8b1fce/500x500.jpg",
    "productInformation": "Abba Ansjoviskryddad sill är som det låter en sill i klar lag med utvalda bitar sill smaksatt med kryddor man ofta förknippar med ?ansjovis? så som muskotblomma, kanel och peppar. Den här produkten innehåller sill (Clupea harengus) av högsta kvalitet som fiskas i Nordostatlanten och som enbart kommer från livskraftiga bestånd. Sillen lagras i vårt bergrum i Kungshamn på bohuslänska västkusten innan vi lägger in den med utvalda kryddor och smaksättningar för att du ska kunna njuta av din favorit. Sill passar lika bra till jul, påsk och midsommar som till en god snabblagad lunch eller middag eller varför inte brunch? Den här sillburken är märkt med symbolen lågt klimatavtryck, vill du veta mer? Läs mer på abba.se",
    "countryText": "",
    "companyText": "Abba",
    "ingrediensText": "SILL i bitar, socker, salt, ättika, kryddor (bl.a kanel, padoukträ, nejlika, muskotblomma), konserveringsmedel (natriumbensoat, kaliumsorbat), arom, röd padoukextrakt, naturlig arom. Produkten innehåller ej ansjovis.",
    "storage": "I kylskåp max 8 °C. Öppnad produkt smakar bäst inom 14 dagar",
    "allergens": "",
    "usage": "",
    "nutrition": [
      {
        "Näringsvärde": "Energi (kcal)",
        "100 Gram": "212 kcal"
      },
      {
        "Näringsvärde": "Energi (kJ)",
        "100 Gram": "890 kJ"
      },
      {
        "Näringsvärde": "Fett",
        "100 Gram": "10 g"
      },
      {
        "Näringsvärde": "Varav mättat fett",
        "100 Gram": "2.6 g"
      },
      {
        "Näringsvärde": "Kolhydrat",
        "100 Gram": "20 g"
      },
      {
        "Näringsvärde": "Varav sockerarter",
        "100 Gram": "20 g"
      },
      {
        "Näringsvärde": "Protein",
        "100 Gram": "11 g"
      },
      {
        "Näringsvärde": "Salt",
        "100 Gram": "7 g"
      }
    ],
    "nutritionUnitText": "Näringsvärde per 100 gram",
    "categories": {
      "mainCategory": "Fisk & Skaldjur",
      "subCategories": [
        {
          "name": "Sill & Ansjovis",
          "subSubCategories": [
            "Inlagd sill"
          ]
        }
      ]
    }
  },
  {
    "name": "Lax Färsk Varmrökt Paprika & Peppar 125g Miljömärkt ICA",
    "weightText": "0.125 kg",
    "caPart": "",
    "weightValue": 0.125,
    "weightUnit": "kg",
    "comparePrice": "455,60 kr/kg",
    "currentPrice": 56.95,
    "attributes": [
      "Nyckelhålet"
    ],
    "imgUrl": "https://handlaprivatkund.ica.se/images-v3/bf7a00ca-390e-4769-865f-dc369586872e/15b3c888-36b1-444e-be99-c32fa1fe4957/500x500.jpg",
    "productInformation": "ASC-märkt varmrökt lax kryddad med paprika och peppar. God på en sallad, i en pasta eller tillsammans med potatis och sås.",
    "countryText": "",
    "companyText": "ICA",
    "ingrediensText": "LAX* 97% (Salmo salar), kryddor 2% (paprika, vitpeppar, svartpeppar), salt. *Odlad i Norge.",
    "storage": "kylvara 0 - +4°C",
    "allergens": "Innehåller Fisk",
    "usage": "Bäst före-datum gäller endast för oöppnad förpackning",
    "nutrition": [
      {
        "Näringsvärde": "Energi (kcal)",
        "100 Gram": "224.6 kcal"
      },
      {
        "Näringsvärde": "Energi (kJ)",
        "100 Gram": "935.8 kJ"
      },
      {
        "Näringsvärde": "Fett",
        "100 Gram": "15 g"
      },
      {
        "Näringsvärde": "Varav mättat fett",
        "100 Gram": "2.2 g"
      },
      {
        "Näringsvärde": "Kolhydrat",
        "100 Gram": "0 g"
      },
      {
        "Näringsvärde": "Varav sockerarter",
        "100 Gram": "0 g"
      },
      {
        "Näringsvärde": "Protein",
        "100 Gram": "22.4 g"
      },
      {
        "Näringsvärde": "Salt",
        "100 Gram": "1.35 g"
      }
    ],
    "nutritionUnitText": "Näringsvärde per 100 gram",
    "categories": {
      "mainCategory": "Fisk & Skaldjur",
      "subCategories": [
        {
          "name": "Fisk",
          "subSubCategories": [
            "Lax",
            "Rökt lax"
          ]
        }
      ]
    }
  },
  {
    "name": "Laxburgare 220g ICA",
    "weightText": "0.22 kg",
    "caPart": "",
    "weightValue": 0.22,
    "weightUnit": "kg",
    "comparePrice": "167,95 kr/kg",
    "currentPrice": 36.95,
    "attributes": [
      "Nyckelhålet"
    ],
    "imgUrl": "https://handlaprivatkund.ica.se/images-v3/bf7a00ca-390e-4769-865f-dc369586872e/4ec44330-af56-48e9-85c7-31117653ae56/500x500.jpg",
    "productInformation": "Laxburgare med smak av koriander och mild chili. Stek i stekpanna och servera tillsammans med en god salsa på mango, chili, rödlök, färsk limejuice och koriander.",
    "countryText": "",
    "companyText": "ICA",
    "ingrediensText": "INGREDIENSER: LAX (Salmo salar) 80%, potatis, ÄGG, lökpulver, limejuice, koriander, chili, kryddor.",
    "storage": "",
    "allergens": "Innehåller Ägg Innehåller Fisk Kan innehålla Kräftdjur",
    "usage": "",
    "nutrition": [
      {
        "Näringsvärde": "Energi (kcal)",
        "100 Gram": "160 kcal"
      },
      {
        "Näringsvärde": "Energi (kJ)",
        "100 Gram": "650 kJ"
      },
      {
        "Näringsvärde": "Fett",
        "100 Gram": "11 g"
      },
      {
        "Näringsvärde": "Varav mättat fett",
        "100 Gram": "1.6 g"
      },
      {
        "Näringsvärde": "Kolhydrat",
        "100 Gram": "4.8 g"
      },
      {
        "Näringsvärde": "Varav sockerarter",
        "100 Gram": "0 g"
      },
      {
        "Näringsvärde": "Protein",
        "100 Gram": "10 g"
      },
      {
        "Näringsvärde": "Salt",
        "100 Gram": "0.4 g"
      }
    ],
    "nutritionUnitText": "Näringsvärde per 100 gram",
    "categories": {
      "mainCategory": "Fisk & Skaldjur",
      "subCategories": [
        {
          "name": "Färdiga fiskrätter",
          "subSubCategories": [
            "Fiskburgare"
          ]
        }
      ]
    }
  },
  {
    "name": "Sushilax Färsk Laxloin 180g Miljömärkt ICA Asia",
    "weightText": "0.18 kg",
    "caPart": "",
    "weightValue": 0.18,
    "weightUnit": "kg",
    "comparePrice": "561,11 kr/kg",
    "currentPrice": 101,
    "attributes": [
      "Nyckelhålet"
    ],
    "imgUrl": "https://handlaprivatkund.ica.se/images-v3/bf7a00ca-390e-4769-865f-dc369586872e/f8f4c232-3681-43a4-b1de-375c68e0bd56/500x500.jpg",
    "productInformation": "ICA Asia Sushilax är färsk, ASC-märkt norsk lax. Färdigskuren fisk som passar till sushi, sashimi eller poké bowls.",
    "countryText": "",
    "companyText": "ICA Asia",
    "ingrediensText": "INGREDIENSER: LAX* (Salmo salar). *Odlad i Norge.",
    "storage": "",
    "allergens": "",
    "usage": "",
    "nutrition": [
      {
        "Näringsvärde": "Energi (kcal)",
        "100 Gram": "210 kcal"
      },
      {
        "Näringsvärde": "Energi (kJ)",
        "100 Gram": "878 kJ"
      },
      {
        "Näringsvärde": "Fett",
        "100 Gram": "14 g"
      },
      {
        "Näringsvärde": "Varav mättat fett",
        "100 Gram": "1.9 g"
      },
      {
        "Näringsvärde": "Kolhydrat",
        "100 Gram": "0.7 g"
      },
      {
        "Näringsvärde": "Varav sockerarter",
        "100 Gram": "0 g"
      },
      {
        "Näringsvärde": "Protein",
        "100 Gram": "20 g"
      },
      {
        "Näringsvärde": "Salt",
        "100 Gram": "0.1 g"
      }
    ],
    "nutritionUnitText": "Näringsvärde per 100 gram",
    "categories": {
      "mainCategory": "Fisk & Skaldjur",
      "subCategories": [
        {
          "name": "Fisk",
          "subSubCategories": [
            "Lax",
            "Färsk lax"
          ]
        }
      ]
    }
  },
  {
    "name": "Inlagd sill 500g Abba",
    "weightText": "0.25 kg",
    "caPart": "",
    "weightValue": 0.25,
    "weightUnit": "kg",
    "comparePrice": "179,80 kr/kg u. spad",
    "currentPrice": 44.95,
    "attributes": [],
    "imgUrl": "https://handlaprivatkund.ica.se/images-v3/bf7a00ca-390e-4769-865f-dc369586872e/55398eca-faaa-4186-b99c-5358d7c17823/500x500.jpg",
    "productInformation": "Abba Inlagd sill 500g är en stor burk fylld med sill i klar lag som smaksätts med klassiska sillkryddor som kryddpeppar, morot och lök. Den här produkten innehåller sill (Clupea harengus) av högsta kvalitet som fiskas i Nordostatlanten och som enbart kommer från livskraftiga bestånd. Sillen lagras i vårt bergrum i Kungshamn på bohuslänska västkusten innan vi lägger in den med utvalda kryddor och smaksättningar för att du ska kunna njuta av din favorit. Sill passar lika bra till jul, påsk och midsommar som till en god snabblagad lunch eller middag eller varför inte brunch? Den här sillburken är märkt med symbolen lågt klimatavtryck, vill du veta mer? Läs mer på abba.se",
    "countryText": "",
    "companyText": "Abba",
    "ingrediensText": "SILL i bitar, socker, lök (17%), morot (4%), salt, ättika, kryddor (svartpeppar, kryddpeppar), naturlig arom (innehåller kanel), syra (ättiksyra), konserveringsmedel (natriumbensoat, kaliumsorbat).",
    "storage": "I kylskåp max 8 °C. Öppnad produkt smakar bäst inom 14 dagar",
    "allergens": "",
    "usage": "",
    "nutrition": [
      {
        "Näringsvärde": "Energi (kcal)",
        "100 Gram": "240 kcal"
      },
      {
        "Näringsvärde": "Energi (kJ)",
        "100 Gram": "1002 kJ"
      },
      {
        "Näringsvärde": "Fett",
        "100 Gram": "13 g"
      },
      {
        "Näringsvärde": "Varav mättat fett",
        "100 Gram": "3.4 g"
      },
      {
        "Näringsvärde": "Kolhydrat",
        "100 Gram": "20 g"
      },
      {
        "Näringsvärde": "Varav sockerarter",
        "100 Gram": "19 g"
      },
      {
        "Näringsvärde": "Protein",
        "100 Gram": "11 g"
      },
      {
        "Näringsvärde": "Salt",
        "100 Gram": "3.4 g"
      }
    ],
    "nutritionUnitText": "Näringsvärde per 100 gram",
    "categories": {
      "mainCategory": "Fisk & Skaldjur",
      "subCategories": [
        {
          "name": "Sill & Ansjovis",
          "subSubCategories": [
            "Inlagd sill"
          ]
        }
      ]
    }
  },
  {
    "name": "Blåmusselkött Fryst 200g ICA",
    "weightText": "0.2 kg",
    "caPart": "",
    "weightValue": 0.2,
    "weightUnit": "kg",
    "comparePrice": "122,50 kr/kg",
    "currentPrice": 24.5,
    "attributes": [],
    "imgUrl": "https://handlaprivatkund.ica.se/images-v3/bf7a00ca-390e-4769-865f-dc369586872e/90deadbf-9c7c-4be1-9f28-9662a638c4c1/500x500.jpg",
    "productInformation": "Vikt: 200 g netto (exklusive skyddande ishinna).",
    "countryText": "",
    "companyText": "ICA",
    "ingrediensText": "Chilenska blåmusslor (MOLLUSCS)(Mytilus chilensis)",
    "storage": "Lägsta förvaringstemperatur -20°C Högsta förvaringstemperatur -18°C",
    "allergens": "Innehåller Blötdjur",
    "usage": "",
    "nutrition": [
      {
        "Näringsvärde": "Energi (kcal)",
        "100 Gram": "90 kcal"
      },
      {
        "Näringsvärde": "Energi (kJ)",
        "100 Gram": "380 kJ"
      },
      {
        "Näringsvärde": "Fett",
        "100 Gram": "2.2 g"
      },
      {
        "Näringsvärde": "Varav mättat fett",
        "100 Gram": "0.5 g"
      },
      {
        "Näringsvärde": "Kolhydrat",
        "100 Gram": "3.3 g"
      },
      {
        "Näringsvärde": "Varav sockerarter",
        "100 Gram": "0 g",
        "% av DRI(*)": "0"
      },
      {
        "Näringsvärde": "Fiber",
        "100 Gram": "0 g",
        "% av DRI(*)": "0"
      },
      {
        "Näringsvärde": "Protein",
        "100 Gram": "14 g",
        "% av DRI(*)": "28"
      },
      {
        "Näringsvärde": "Salt",
        "100 Gram": "0.5 g"
      }
    ],
    "nutritionUnitText": "",
    "categories": {
      "mainCategory": "Fryst",
      "subCategories": [
        {
          "name": "Fryst fisk & Skaldjur",
          "subSubCategories": [
            "Frysta skaldjursdelikatesser"
          ]
        }
      ]
    }
  },
  {
    "name": "Lax Färsk Varmrökt Toscana 125g Miljömärkt ICA",
    "weightText": "0.125 kg",
    "caPart": "",
    "weightValue": 0.125,
    "weightUnit": "kg",
    "comparePrice": "455,60 kr/kg",
    "currentPrice": 56.95,
    "attributes": [
      "Nyckelhålet"
    ],
    "imgUrl": "https://handlaprivatkund.ica.se/images-v3/bf7a00ca-390e-4769-865f-dc369586872e/009369a6-8902-4d96-a9c3-2b6efeab887c/500x500.jpg",
    "productInformation": "Portionsbit av varmrökt ASC-lax. Kryddad med basilika, rosmarin och annat gott. Passar utmärkt till våren och sommaren när du ska på picknick, men även som en enkel måltidslösning året om.",
    "countryText": "",
    "companyText": "ICA",
    "ingrediensText": "Laxfilé* 97%(Salmo salar), örtkryddor 2% (basilika, rosmarin, timjan, kyndel), torkade grönsaker (röd paprika, morot, tomat, rön paprika), salt. *Odlad i Norge.",
    "storage": "Kylvara. Förvaras vid högst +4°C.",
    "allergens": "",
    "usage": "Bäst före: se etikett. Bäst före-datum gäller endast för oöppnad förpackning. 72% av plastförpackningen består av återvunnen plast. Plasten sorteras som plast och sleeven som papper. \n \n Enstaka ben kan förekomma",
    "nutrition": [
      {
        "Näringsvärde": "Energi (kcal)",
        "100 Gram": "227 kcal"
      },
      {
        "Näringsvärde": "Energi (kJ)",
        "100 Gram": "945 kJ"
      },
      {
        "Näringsvärde": "Fett",
        "100 Gram": "16 g"
      },
      {
        "Näringsvärde": "Varav mättat fett",
        "100 Gram": "2.4 g"
      },
      {
        "Näringsvärde": "Kolhydrat",
        "100 Gram": "0.5 g"
      },
      {
        "Näringsvärde": "Varav sockerarter",
        "100 Gram": "0.5 g"
      },
      {
        "Näringsvärde": "Protein",
        "100 Gram": "21 g"
      },
      {
        "Näringsvärde": "Salt",
        "100 Gram": "0.75 g"
      }
    ],
    "nutritionUnitText": "Näringsvärde per 100 gram",
    "categories": {
      "mainCategory": "Fisk & Skaldjur",
      "subCategories": [
        {
          "name": "Fisk",
          "subSubCategories": [
            "Lax",
            "Rökt lax"
          ]
        }
      ]
    }
  },
  {
    "name": "Fransk löksill 240g Abba",
    "weightText": "0.12 kg",
    "caPart": "",
    "weightValue": 0.12,
    "weightUnit": "kg",
    "comparePrice": "212,50 kr/kg u. spad",
    "currentPrice": 25.5,
    "attributes": [],
    "imgUrl": "https://handlaprivatkund.ica.se/images-v3/bf7a00ca-390e-4769-865f-dc369586872e/81b1fb1e-56ae-4a0d-9d56-4a804bef9c1c/500x500.jpg",
    "productInformation": "Abba Fransk Löksill är en populär sill i klar lag med utvalda bitar sill som är smaksatt med rödvinsvinäger, lök och kryddpeppar. Den här produkten innehåller sill (Clupea harengus) av högsta kvalitet som fiskas i Nordostatlanten och som enbart kommer från livskraftiga bestånd. Sillen lagras i vårt bergrum i Kungshamn på bohuslänska västkusten innan vi lägger in den med utvalda kryddor och smaksättningar för att du ska kunna njuta av din favorit. Sill passar lika bra till jul, påsk och midsommar som till en god snabblagad lunch eller middag eller varför inte brunch? Den här sillburken är märkt med symbolen lågt klimatavtryck, vill du veta mer? Läs mer på abba.se",
    "countryText": "",
    "companyText": "Abba",
    "ingrediensText": "SILL i bitar, socker, lök (18%), salt, kryddpeppar, rödvinsvinäger, rapsolja, naturlig arom (innehåller kanel), syra (ättiksyra), konserveringsmedel (natriumbensoat, kaliumsorbat), förtjockningsmedel (xantangummi).",
    "storage": "I kylskåp max 8 °C. Öppnad produkt smakar bäst inom 14 dagar",
    "allergens": "",
    "usage": "",
    "nutrition": [
      {
        "Näringsvärde": "Energi (kcal)",
        "100 Gram": "253 kcal"
      },
      {
        "Näringsvärde": "Energi (kJ)",
        "100 Gram": "1058 kJ"
      },
      {
        "Näringsvärde": "Fett",
        "100 Gram": "13 g"
      },
      {
        "Näringsvärde": "Varav mättat fett",
        "100 Gram": "3.4 g"
      },
      {
        "Näringsvärde": "Kolhydrat",
        "100 Gram": "23 g"
      },
      {
        "Näringsvärde": "Varav sockerarter",
        "100 Gram": "22 g"
      },
      {
        "Näringsvärde": "Protein",
        "100 Gram": "11 g"
      },
      {
        "Näringsvärde": "Salt",
        "100 Gram": "3.3 g"
      }
    ],
    "nutritionUnitText": "Näringsvärde per 100 gram",
    "categories": {
      "mainCategory": "Fisk & Skaldjur",
      "subCategories": [
        {
          "name": "Sill & Ansjovis",
          "subSubCategories": [
            "Inlagd sill"
          ]
        }
      ]
    }
  },
  {
    "name": "Vit tonfiskfilé Fryst 280g ICA",
    "weightText": "0.28 kg",
    "caPart": "",
    "weightValue": 0.28,
    "weightUnit": "kg",
    "comparePrice": "264,11 kr/kg",
    "currentPrice": 73.95,
    "attributes": [
      "Nyckelhålet",
      "MSC-märkt"
    ],
    "imgUrl": "https://handlaprivatkund.ica.se/images-v3/bf7a00ca-390e-4769-865f-dc369586872e/6d836136-013f-4cee-8b4d-35ba64da52b3/500x500.jpg",
    "productInformation": "ICAs styckfrysta tonfisk är en fast och god matfisk som passar perfekt att grilla eller steka. Se ICA.se för tips och recept.",
    "countryText": "",
    "companyText": "ICA",
    "ingrediensText": "Renskurna filéer av TONFISK* (Thunnus alalunga). Enstaka ben kan förekomma. *Fångad med krokar och linor i Stilla havet, fångstzon 71, 77, 81.",
    "storage": "Lägsta förvaringstemperatur -35°C Högsta förvaringstemperatur -15°C",
    "allergens": "Innehåller Fisk",
    "usage": "",
    "nutrition": [
      {
        "Näringsvärde": "Energi (kcal)",
        "100 Gram": "100 kcal"
      },
      {
        "Näringsvärde": "Energi (kJ)",
        "100 Gram": "430 kJ"
      },
      {
        "Näringsvärde": "Fett",
        "100 Gram": "1 g"
      },
      {
        "Näringsvärde": "Varav mättat fett",
        "100 Gram": "0.5 g"
      },
      {
        "Näringsvärde": "Kolhydrat",
        "100 Gram": "0 g"
      },
      {
        "Näringsvärde": "Varav sockerarter",
        "100 Gram": "0 g"
      },
      {
        "Näringsvärde": "Protein",
        "100 Gram": "23 g"
      },
      {
        "Näringsvärde": "Salt",
        "100 Gram": "0.1 g"
      }
    ],
    "nutritionUnitText": "",
    "categories": {
      "mainCategory": "Fisk & Skaldjur",
      "subCategories": [
        {
          "name": "Fisk",
          "subSubCategories": [
            "Övrig fisk",
            "Övrig fryst fisk"
          ]
        }
      ]
    }
  },
  {
    "name": "Röd Rom Finkorning 70g ICA",
    "weightText": "0.07 kg",
    "caPart": "",
    "weightValue": 0.07,
    "weightUnit": "kg",
    "comparePrice": "364,29 kr/kg",
    "currentPrice": 25.5,
    "attributes": [
      "MSC-märkt"
    ],
    "imgUrl": "https://handlaprivatkund.ica.se/images-v3/bf7a00ca-390e-4769-865f-dc369586872e/aa612f13-b00a-44af-94f5-2aa905e5837e/500x500.jpg",
    "productInformation": "ICA Finkornig rom är en finkornig rom från sill. MSC-certifierad för hållbart fiske. Kan användas som topping på ägg eller i kalla såser och röror.",
    "countryText": "",
    "companyText": "ICA",
    "ingrediensText": "Saltad rom från SILL* (Clupea harengus) 91%, vatten, carthamuskoncentrat, socker, konserveringsmedel (E211, E202), surhetsreglerande medel (E330), lök, förtjockningsmedel (E415), färgämne (E120). *Fiskad i Nordostatlanten fångstzon 27.",
    "storage": "",
    "allergens": "",
    "usage": "",
    "nutrition": [
      {
        "Näringsvärde": "Energi (kcal)",
        "100 Gram": "56 kcal"
      },
      {
        "Näringsvärde": "Energi (kJ)",
        "100 Gram": "236 kJ"
      },
      {
        "Näringsvärde": "Fett",
        "100 Gram": "1.7 g"
      },
      {
        "Näringsvärde": "Varav mättat fett",
        "100 Gram": "0.3 g"
      },
      {
        "Näringsvärde": "Kolhydrat",
        "100 Gram": "0.6 g"
      },
      {
        "Näringsvärde": "Varav sockerarter",
        "100 Gram": "0.4 g"
      },
      {
        "Näringsvärde": "Protein",
        "100 Gram": "9.2 g"
      },
      {
        "Näringsvärde": "Salt",
        "100 Gram": "5 g"
      }
    ],
    "nutritionUnitText": "Näringsvärde per 100 gram",
    "categories": {
      "mainCategory": "Jul",
      "subCategories": [
        {
          "name": "Julmat",
          "subSubCategories": [
            "Lutfisk, Caviar & Röror"
          ]
        }
      ]
    }
  },
  {
    "name": "Löjrom Fryst 80g Pandalus",
    "weightText": "0.08 kg",
    "caPart": "",
    "weightValue": 0.08,
    "weightUnit": "kg",
    "comparePrice": "1 637,50 kr/kg",
    "currentPrice": 131,
    "attributes": [
      "Nyckelhålet"
    ],
    "imgUrl": "https://handlaprivatkund.ica.se/images-v3/bf7a00ca-390e-4769-865f-dc369586872e/64fcec29-541e-4741-93de-80800238ae20/500x500.jpg",
    "productInformation": "Fin amerikansk rom med vacker färg och särskilt fasta romkorn. En klassiker på toast, i bakad potatis samt i såser av olika slag.",
    "countryText": "",
    "companyText": "Pandalus",
    "ingrediensText": "INGREDIENSER: Fryst LÖJROM från amerikansk siklöja (Coregonus Artedi) med lite salt som smaktillsats.",
    "storage": "Lägsta förvaringstemperatur -25°C Högsta förvaringstemperatur -18°C",
    "allergens": "Innehåller Fisk",
    "usage": "",
    "nutrition": [
      {
        "Näringsvärde": "Energi (kcal)",
        "100 Gram": "160 kcal"
      },
      {
        "Näringsvärde": "Energi (kJ)",
        "100 Gram": "680 kJ"
      },
      {
        "Näringsvärde": "Fett",
        "100 Gram": "8.5 g"
      },
      {
        "Näringsvärde": "Varav mättat fett",
        "100 Gram": "1.9 g"
      },
      {
        "Näringsvärde": "Kolhydrat",
        "100 Gram": "3.9 g"
      },
      {
        "Näringsvärde": "Varav sockerarter",
        "100 Gram": "0.5 g"
      },
      {
        "Näringsvärde": "Protein",
        "100 Gram": "17 g"
      },
      {
        "Näringsvärde": "Salt",
        "100 Gram": "3.5 g"
      }
    ],
    "nutritionUnitText": "Näringsvärde per 100 gram",
    "categories": {
      "mainCategory": "Fryst",
      "subCategories": [
        {
          "name": "Fryst fisk & Skaldjur",
          "subSubCategories": [
            "Frysta skaldjursdelikatesser"
          ]
        }
      ]
    }
  },
  {
    "name": "Fishnuggets Glutenfria 270g ICA",
    "weightText": "0.27 kg",
    "caPart": "",
    "weightValue": 0.27,
    "weightUnit": "kg",
    "comparePrice": "125,74 kr/kg",
    "currentPrice": 33.95,
    "attributes": [
      "Glutenfritt",
      "MSC-märkt"
    ],
    "imgUrl": "https://handlaprivatkund.ica.se/images-v3/bf7a00ca-390e-4769-865f-dc369586872e/218bf77f-f4e3-4289-9e08-4afd33d27b0e/500x500.jpg",
    "productInformation": "Spröda fishnuggets, krispigt panerade med glutenfri panering. Av Alaska pollock.",
    "countryText": "",
    "companyText": "ICA",
    "ingrediensText": "ALASKA POLLOCK* (Theragra Chalcogramma) 60%, ströbröd (rismjöl, kikärtsmjöl, majsstärkelse, salt, dextros), vatten, paneringsmix (rismjöl, potatis- stärkelse, modifierad potatisstärkelse (E1442), salt, lök, stabiliseringsmedel (E415), kryddextrakt, rapsolja, salt, lök, vitpeppar. *Fångad i Nordostatlanten fångstzon 67.",
    "storage": "Lägsta förvaringstemperatur -25°C Högsta förvaringstemperatur -18°C",
    "allergens": "Innehåller Fisk",
    "usage": "",
    "nutrition": [
      {
        "Näringsvärde": "Energi (kcal)",
        "100 Gram": "196 kcal"
      },
      {
        "Näringsvärde": "Energi (kJ)",
        "100 Gram": "823 kJ"
      },
      {
        "Näringsvärde": "Fett",
        "100 Gram": "8 g"
      },
      {
        "Näringsvärde": "Varav mättat fett",
        "100 Gram": "0.8 g"
      },
      {
        "Näringsvärde": "Kolhydrat",
        "100 Gram": "18 g"
      },
      {
        "Näringsvärde": "Varav sockerarter",
        "100 Gram": "0.5 g"
      },
      {
        "Näringsvärde": "Protein",
        "100 Gram": "13 g"
      },
      {
        "Näringsvärde": "Salt",
        "100 Gram": "0.73 g"
      }
    ],
    "nutritionUnitText": "Näringsvärde per 100 gram",
    "categories": {
      "mainCategory": "Fisk & Skaldjur",
      "subCategories": [
        {
          "name": "Färdiga fiskrätter",
          "subSubCategories": [
            "Fiskpinnar & Panerad fisk",
            "Panerad fisk"
          ]
        }
      ]
    }
  },
  {
    "name": "Sillskivor tomat 100g Lucullus",
    "weightText": "0.1 kg",
    "caPart": "",
    "weightValue": 0.1,
    "weightUnit": "kg",
    "comparePrice": "285,00 kr/kg",
    "currentPrice": 28.5,
    "attributes": [],
    "imgUrl": "https://handlaprivatkund.ica.se/images-v3/bf7a00ca-390e-4769-865f-dc369586872e/bdf7ede2-0b16-4f25-ae2e-94165c6fe8e4/500x500.jpg",
    "productInformation": "Lucullus sill i tomatsås är en produkt som består av fina skivade smörgåssillbitar i en mustig tomatsås. Den här produkten innehåller sill (Clupea harengus) av högsta kvalitet som fiskas i Nordostatlanten och som enbart kommer från livskraftiga bestånd. Passar perfekt på smörgåsen.",
    "countryText": "",
    "companyText": "Lucullus",
    "ingrediensText": "Skivad SILLfilé, socker, tomatpuré (13%), salt, ättika, vatten, konserveringsmedel (natriumbensoat, kaliumsorbat), kryddor (bl.a. kanel, muskotblomma), naturlig lökarom, syra (mjölksyra).",
    "storage": "I kylskåp max 8 °C. Öppnad förpackning konsumeras inom 3 dagar",
    "allergens": "",
    "usage": "",
    "nutrition": [
      {
        "Näringsvärde": "Energi (kcal)",
        "100 Gram": "224 kcal"
      },
      {
        "Näringsvärde": "Energi (kJ)",
        "100 Gram": "943 kJ"
      },
      {
        "Näringsvärde": "Fett",
        "100 Gram": "8.8 g"
      },
      {
        "Näringsvärde": "Varav mättat fett",
        "100 Gram": "1.9 g"
      },
      {
        "Näringsvärde": "Kolhydrat",
        "100 Gram": "27 g"
      },
      {
        "Näringsvärde": "Varav sockerarter",
        "100 Gram": "27 g"
      },
      {
        "Näringsvärde": "Protein",
        "100 Gram": "9.3 g"
      },
      {
        "Näringsvärde": "Salt",
        "100 Gram": "5.5 g"
      }
    ],
    "nutritionUnitText": "Näringsvärde per 100 gram",
    "categories": {
      "mainCategory": "Fisk & Skaldjur",
      "subCategories": [
        {
          "name": "Sill & Ansjovis",
          "subSubCategories": [
            "Inlagd sill"
          ]
        }
      ]
    }
  },
  {
    "name": "Caviar röd stenbitsrom 170g ICA",
    "weightText": "0.17 kg",
    "caPart": "",
    "weightValue": 0.17,
    "weightUnit": "kg",
    "comparePrice": "405,59 kr/kg",
    "currentPrice": 68.95,
    "attributes": [
      "MSC-märkt"
    ],
    "imgUrl": "https://handlaprivatkund.ica.se/images-v3/bf7a00ca-390e-4769-865f-dc369586872e/7e88c6b6-c60b-42ea-962b-b14b3c9fe996/500x500.jpg",
    "productInformation": "Storkornig röd caviar gjord på stenbitsrom. Passar bra som topping på till exempel toast skagen, eller som ingrediens i en sandelfjorssås. Den är dessutom ett bra budgetalternativ till löjrom.",
    "countryText": "",
    "companyText": "ICA",
    "ingrediensText": "Saltad rom av STENBIT* (Cyclopterus lumpus) 87%, vatten, rapsolja, färgämne (E160a, E101, E120), sherry, konserveringsmedel (E211, E202), stabiliseringsmedel (E415), lökpulver, surhetsreglerande medel (E330). *Fångad med nät/garn i Nordostatlanten, fångstzon 27",
    "storage": "",
    "allergens": "",
    "usage": "",
    "nutrition": [
      {
        "Näringsvärde": "Energi (kcal)",
        "100 Gram": "90 kcal"
      },
      {
        "Näringsvärde": "Energi (kJ)",
        "100 Gram": "350 kJ"
      },
      {
        "Näringsvärde": "Fett",
        "100 Gram": "4.5 g"
      },
      {
        "Näringsvärde": "Varav mättat fett",
        "100 Gram": "1 g"
      },
      {
        "Näringsvärde": "Kolhydrat",
        "100 Gram": "0.5 g"
      },
      {
        "Näringsvärde": "Varav sockerarter",
        "100 Gram": "0 g"
      },
      {
        "Näringsvärde": "Protein",
        "100 Gram": "10 g"
      },
      {
        "Näringsvärde": "Salt",
        "100 Gram": "4.8 g"
      }
    ],
    "nutritionUnitText": "Näringsvärde per 100 gram",
    "categories": {
      "mainCategory": "Fisk & Skaldjur",
      "subCategories": [
        {
          "name": "Kaviar & Rom",
          "subSubCategories": [
            "Färsk rom"
          ]
        }
      ]
    }
  },
  {
    "name": "Kaviar vegansk 150g Kalles",
    "weightText": "0.15 kg",
    "caPart": "",
    "weightValue": 0.15,
    "weightUnit": "kg",
    "comparePrice": "163,33 kr/kg",
    "currentPrice": 24.5,
    "attributes": [],
    "imgUrl": "https://handlaprivatkund.ica.se/images-v3/bf7a00ca-390e-4769-865f-dc369586872e/59b7d740-5e03-4188-92fb-19763edef2b5/500x500.jpg",
    "productInformation": "Äntligen kan alla äta Kalles! Kalles Vegan är ett veganskt pålägg med lika god smak som originalet! Kalles Vegan har en perfekt kombination mellan sötma, sälta och rökighet och den gör din macka lite extra god. Sugen på att veta mer om Kalles Vegan och kaviar? Gå in på kalles.se",
    "countryText": "",
    "companyText": "Kalles",
    "ingrediensText": "Tångcaviar 35% (tångextrakt, vatten, salt, kryddextrakt (bl.a. cayennepeppar), aromer (bl.a. dill), syra (citronsyra), stabiliseringsmedel (xantangummi), konserveringsmedel (natriumbensoat), färgämne (järnoxid)), rapsolja, vatten, socker, potatisflingor, salt, tomatpuré, rökt solrosolja, kikärtsprotein, ärtprotein, solrosprotein, naturliga aromer, stabiliseringsmedel (xantangummi, fruktkärnmjöl), konserveringsmedel (kaliumsorbat), antioxidationsmedel (askorbinsyra)",
    "storage": "I kylskåp 2-8 °C",
    "allergens": "",
    "usage": "",
    "nutrition": [
      {
        "Näringsvärde": "Energi (kcal)",
        "100 Gram": "296 kcal"
      },
      {
        "Näringsvärde": "Energi (kJ)",
        "100 Gram": "1240 kJ"
      },
      {
        "Näringsvärde": "Fett",
        "100 Gram": "25 g"
      },
      {
        "Näringsvärde": "Varav mättat fett",
        "100 Gram": "1.8 g"
      },
      {
        "Näringsvärde": "Kolhydrat",
        "100 Gram": "15 g"
      },
      {
        "Näringsvärde": "Varav sockerarter",
        "100 Gram": "10 g"
      },
      {
        "Näringsvärde": "Protein",
        "100 Gram": "1.1 g"
      },
      {
        "Näringsvärde": "Salt",
        "100 Gram": "5 g"
      }
    ],
    "nutritionUnitText": "Näringsvärde per 100 gram",
    "categories": {
      "mainCategory": "Fisk & Skaldjur",
      "subCategories": [
        {
          "name": "Kaviar & Rom",
          "subSubCategories": [
            "Kaviar"
          ]
        }
      ]
    }
  },
  {
    "name": "Kaviar randig 185g Kalles",
    "weightText": "0.185 kg",
    "caPart": "",
    "weightValue": 0.185,
    "weightUnit": "kg",
    "comparePrice": "154,05 kr/kg",
    "currentPrice": 28.5,
    "attributes": [
      "MSC-märkt"
    ],
    "imgUrl": "https://handlaprivatkund.ica.se/images-v3/bf7a00ca-390e-4769-865f-dc369586872e/107cc781-9af3-4b52-9dad-85f29a9cc7cf/500x500.jpg",
    "productInformation": "Kalles Randiga 185g är en mild och krämig blandning av kaviar och färskost som blir randig på mackan. Kalles Randiga med cream cheese passar utmärkt som pålägg på mackan till frukosten, mellanmålet eller till kokta ägg! Kalles kaviar har varit hela Sveriges oersättliga favorit på frukostbordet sedan 1954. Kalles kaviar görs av utvald MSC-märkt rom från torsk & sej som fiskas framför allt i Nordnorge (Norska Havet & Barents hav). Kalles kaviar tillverkas i Sverige, i den idylliska fiskorten Kungshamn på västkusten.Vill du ta del av Kalles värld eller inspireras av riktigt smarriga kaviarmackor - besök kalles.se. \n \n I produkten ingår totalt 23% rom.",
    "countryText": "",
    "companyText": "Kalles",
    "ingrediensText": "Kaviar (50%) (rökt sockersaltad rom från TORSKFISKAR, rapsolja, socker, vatten, salt, potatisflingor, tomatpuré, konserveringsmedel (kaliumsorbat, natriumbensoat), antioxidationsmedel (askorbinsyra)), färskOST (30%) (skumMJÖLK, GRÄDDE, rapsolja, modifierad stärkelse, stabiliseringsmedel (fruktkärnmjöl), mjölksyrakultur), vatten, inulin (fiber), skumMJÖLKSpulver, stabiliseringsmedel (xantangummi, fruktkärnmjöl), arom, färgämne (paprikaoleoresin)",
    "storage": "I kylskåp 2-8 °C",
    "allergens": "",
    "usage": "",
    "nutrition": [
      {
        "Näringsvärde": "Energi (kcal)",
        "100 Gram": "292 kcal"
      },
      {
        "Näringsvärde": "Energi (kJ)",
        "100 Gram": "1220 kJ"
      },
      {
        "Näringsvärde": "Fett",
        "100 Gram": "24 g"
      },
      {
        "Näringsvärde": "Varav mättat fett",
        "100 Gram": "4.6 g"
      },
      {
        "Näringsvärde": "Kolhydrat",
        "100 Gram": "10 g"
      },
      {
        "Näringsvärde": "Varav sockerarter",
        "100 Gram": "8.3 g"
      },
      {
        "Näringsvärde": "Protein",
        "100 Gram": "5.5 g"
      },
      {
        "Näringsvärde": "Salt",
        "100 Gram": "3.9 g"
      }
    ],
    "nutritionUnitText": "Näringsvärde per 100 gram",
    "categories": {
      "mainCategory": "Fisk & Skaldjur",
      "subCategories": [
        {
          "name": "Kaviar & Rom",
          "subSubCategories": [
            "Kaviar"
          ]
        }
      ]
    }
  },
  {
    "name": "Fish & Crisp Fiskpinnar MSC 364g Findus",
    "weightText": "0.364 kg",
    "caPart": "",
    "weightValue": 0.364,
    "weightUnit": "kg",
    "comparePrice": "119,51 kr/kg",
    "currentPrice": 43.5,
    "attributes": [
      "MSC-märkt"
    ],
    "imgUrl": "https://handlaprivatkund.ica.se/images-v3/bf7a00ca-390e-4769-865f-dc369586872e/45d540a2-c7ef-4901-9eb6-10acd3e606f1/500x500.jpg",
    "productInformation": "Findus Fish & Crisp Fiskpinnar av 100% fiskfilé är gjorda på hållbart fiskad Alaska pollock. Med en extra krispig panering som snabbt kommer att bli en familjefavorit. Väljer du Fish & Crisp Fiskpinnar till middag så har du gjort ett smart val – det är en bra proteinkälla som har låg andel mättat fett.",
    "countryText": "",
    "companyText": "Findus",
    "ingrediensText": "Filéer av Alaska pollock* (FISK) 49 % (Gadus chalcogrammus), VETEMJÖL, vatten, rapsolja, stärkelse (potatis, majs), majsmjöl, salt, bakpulver (E450, E500), jäst, SKUMMJÖLKSPULVER, vitlök, SENAPSMJÖL. *Fiskad i nordöstra eller nordvästra Stilla havet.",
    "storage": "FÖRVARING OCH MINSTA HÅLLBARHETI frysutrymme (-18°C eller kallare), se datummärkning.Bör alltid förvaras fryst. Bör ej frysas efter upptining.",
    "allergens": "",
    "usage": "ÅTERVINN FÖRPACKNINGEN! Sorteras som papper.",
    "nutrition": [
      {
        "Näringsvärde": "Energi (kcal)",
        "100 Gram": "230 kcal"
      },
      {
        "Näringsvärde": "Energi (kJ)",
        "100 Gram": "960 kJ"
      },
      {
        "Näringsvärde": "Fett",
        "100 Gram": "12 g"
      },
      {
        "Näringsvärde": "Varav mättat fett",
        "100 Gram": "1 g"
      },
      {
        "Näringsvärde": "Kolhydrat",
        "100 Gram": "19 g"
      },
      {
        "Näringsvärde": "Varav sockerarter",
        "100 Gram": "0.7 g"
      },
      {
        "Näringsvärde": "Fiber",
        "100 Gram": "0.8 g"
      },
      {
        "Näringsvärde": "Protein",
        "100 Gram": "11 g"
      },
      {
        "Näringsvärde": "Salt",
        "100 Gram": "1.2 g"
      }
    ],
    "nutritionUnitText": "Näringsvärde per 100 gram",
    "categories": {
      "mainCategory": "Fisk & Skaldjur",
      "subCategories": [
        {
          "name": "Färdiga fiskrätter",
          "subSubCategories": [
            "Fiskpinnar & Panerad fisk",
            "Fiskpinnar"
          ]
        }
      ]
    }
  },
  {
    "name": "Löksill 500g Abba",
    "weightText": "0.25 kg",
    "caPart": "",
    "weightValue": 0.25,
    "weightUnit": "kg",
    "comparePrice": "179,80 kr/kg u. spad",
    "currentPrice": 44.95,
    "attributes": [
      "MSC-märkt"
    ],
    "imgUrl": "https://handlaprivatkund.ica.se/images-v3/bf7a00ca-390e-4769-865f-dc369586872e/a0b3c94b-7356-4d03-90aa-74aec10c77eb/500x500.jpg",
    "productInformation": "Abba Löksill är en storsäljare med utvalda bitar sill i en klar lag smaksatt med både gul lök, vårlök och svartpeppar. En favorit att räkna med! Den här produkten innehåller sill (Clupea harengus) av högsta kvalitet som fiskas i Nordsjön och som enbart kommer från livskraftiga bestånd. Sillen lagras i vårt bergrum i Kungshamn på bohuslänska västkusten innan vi lägger in den med utvalda kryddor och smaksättningar för att du ska kunna njuta av din favorit. Sill passar lika bra till jul, påsk och midsommar som till en god snabblagad lunch eller middag eller varför inte brunch? Den här sillburken är märkt med symbolen lågt klimatavtryck, vill du veta mer? Läs mer på abba.se",
    "countryText": "",
    "companyText": "Abba",
    "ingrediensText": "SILL i bitar, socker, lök (17%), salt, salladslök, ättika, kryddor (svartpeppar, kryddpeppar, rosépeppar), naturlig arom (innehåller kanel), syra (ättiksyra), konserveringsmedel (natriumbensoat, kaliumsorbat).",
    "storage": "I kylskåp max 8 °C. Öppnad produkt smakar bäst inom 14 dagar",
    "allergens": "",
    "usage": "",
    "nutrition": [
      {
        "Näringsvärde": "Energi (kcal)",
        "100 Gram": "244 kcal"
      },
      {
        "Näringsvärde": "Energi (kJ)",
        "100 Gram": "1022 kJ"
      },
      {
        "Näringsvärde": "Fett",
        "100 Gram": "13 g"
      },
      {
        "Näringsvärde": "Varav mättat fett",
        "100 Gram": "3.4 g"
      },
      {
        "Näringsvärde": "Kolhydrat",
        "100 Gram": "21 g"
      },
      {
        "Näringsvärde": "Varav sockerarter",
        "100 Gram": "20 g"
      },
      {
        "Näringsvärde": "Protein",
        "100 Gram": "11 g"
      },
      {
        "Näringsvärde": "Salt",
        "100 Gram": "3.3 g"
      }
    ],
    "nutritionUnitText": "Näringsvärde per 100 gram",
    "categories": {
      "mainCategory": "Fisk & Skaldjur",
      "subCategories": [
        {
          "name": "Sill & Ansjovis",
          "subSubCategories": [
            "Inlagd sill"
          ]
        }
      ]
    }
  },
  {
    "name": "Hälleflundra panerad citron och persilja 250g Royal Greenland",
    "weightText": "0.25 kg",
    "caPart": "",
    "weightValue": 0.25,
    "weightUnit": "kg",
    "comparePrice": "231,80 kr/kg",
    "currentPrice": 57.95,
    "attributes": [
      "MSC-märkt"
    ],
    "imgUrl": "https://handlaprivatkund.ica.se/images-v3/bf7a00ca-390e-4769-865f-dc369586872e/14aec929-cdc2-413e-aa39-0024e05bf2e9/500x500.jpg",
    "productInformation": "Information från leverantör \n Liten grönländsk hälleflundra har en söt och smörig smak av umami och ett mjukt och behagligt kött. Köttet är mycket vitt och smaken är fullt utvecklad tack vare den långsamma tillväxten i de iskalla vattnen i Nordatlanten och Norra ishavet. Liten grönländsk hälleflundra har en mycket hög halt av hälsosamma omega-3-fettsyror",
    "countryText": "",
    "companyText": "Royal Greenland",
    "ingrediensText": "INGREDIENSER: Liten hälleflundra (FISK) filébitar (Reinhardtius hippoglossoides) (75%). Panering (25%): VETEMJÖL, rapsolja, vatten, potatisstärkelse, salt, dextros, persilja (0,05%), jäst, citronolja (0,06%). Liten grönländsk hälleflundra fångad i Nordvästra Atlanten med trål. Förstekt i rapsolja. Enstaka ben kan förekomma.",
    "storage": "",
    "allergens": "Innehåller Fisk Innehåller Spannmål som innehåller gluten",
    "usage": "",
    "nutrition": [
      {
        "Näringsvärde": "Energi (kcal)",
        "100 Gram": "830 kcal"
      },
      {
        "Näringsvärde": "Energi (kJ)",
        "100 Gram": "199 kJ"
      },
      {
        "Näringsvärde": "Fett",
        "100 Gram": "13 g"
      },
      {
        "Näringsvärde": "Varav mättat fett",
        "100 Gram": "1.7 g"
      },
      {
        "Näringsvärde": "Kolhydrat",
        "100 Gram": "8.2 g"
      },
      {
        "Näringsvärde": "Varav sockerarter",
        "100 Gram": "1.8 g"
      },
      {
        "Näringsvärde": "Protein",
        "100 Gram": "12 g"
      },
      {
        "Näringsvärde": "Salt",
        "100 Gram": "0.6 g"
      }
    ],
    "nutritionUnitText": "Näringsvärde per 100 gram",
    "categories": {
      "mainCategory": "Fisk & Skaldjur",
      "subCategories": [
        {
          "name": "Färdiga fiskrätter",
          "subSubCategories": [
            "Fiskpinnar & Panerad fisk",
            "Panerad fisk"
          ]
        }
      ]
    }
  },
  {
    "name": "Sill ingefära & lime 240g Abba",
    "weightText": "0.12 kg",
    "caPart": "",
    "weightValue": 0.12,
    "weightUnit": "kg",
    "comparePrice": "212,50 kr/kg u. spad",
    "currentPrice": 25.5,
    "attributes": [],
    "imgUrl": "https://handlaprivatkund.ica.se/images-v3/bf7a00ca-390e-4769-865f-dc369586872e/835dc395-2fdd-408b-ab4b-35a361630c65/500x500.jpg",
    "productInformation": "Abba Ingefära Lime är en härligt frisk och lite spännande sillsort med utvalda bitar sill och fräsch smak av både lime och ingefära. Perfekt för dig som vill testa något nytt och spännande på sillbordet! Den här produkten innehåller sill (Clupea harengus) av högsta kvalitet som fiskas i Nordostatlanten och som enbart kommer från livskraftiga bestånd. Sillen lagras i vårt bergrum i Kungshamn på bohuslänska västkusten innan vi lägger in den med utvalda kryddor och smaksättningar för att du ska kunna njuta av din favorit. Sill passar lika bra till jul, påsk och midsommar som till en god snabblagad lunch eller middag eller varför inte brunch? Den här sillburken är märkt med symbolen lågt klimatavtryck, vill du veta mer? Läs mer på abba.se",
    "countryText": "",
    "companyText": "Abba",
    "ingrediensText": "SILL i bitar, socker, limejuice från koncentrat, salt, ingefära, ättika, gräslök, rosépeppar, naturlig arom (innehåller kanel), limeolja, syra (ättiksyra), konserveringsmedel (natriumbensoat, kaliumsorbat).",
    "storage": "I kylskåp max 8 °C. Öppnad produkt smakar bäst inom 14 dagar",
    "allergens": "",
    "usage": "",
    "nutrition": [
      {
        "Näringsvärde": "Energi (kcal)",
        "100 Gram": "251 kcal"
      },
      {
        "Näringsvärde": "Energi (kJ)",
        "100 Gram": "1052 kJ"
      },
      {
        "Näringsvärde": "Fett",
        "100 Gram": "13 g"
      },
      {
        "Näringsvärde": "Varav mättat fett",
        "100 Gram": "3.4 g"
      },
      {
        "Näringsvärde": "Kolhydrat",
        "100 Gram": "23 g"
      },
      {
        "Näringsvärde": "Varav sockerarter",
        "100 Gram": "22 g"
      },
      {
        "Näringsvärde": "Protein",
        "100 Gram": "11 g"
      },
      {
        "Näringsvärde": "Salt",
        "100 Gram": "3.2 g"
      }
    ],
    "nutritionUnitText": "Näringsvärde per 100 gram",
    "categories": {
      "mainCategory": "Fisk & Skaldjur",
      "subCategories": [
        {
          "name": "Sill & Ansjovis",
          "subSubCategories": [
            "Inlagd sill"
          ]
        }
      ]
    }
  },
  {
    "name": "Räkor 90/120 st/kg Fryst 1kg Royal Greenland",
    "weightText": "1 kg",
    "caPart": "",
    "weightValue": 1,
    "weightUnit": "kg",
    "comparePrice": "126,00 kr/kg",
    "currentPrice": 126,
    "attributes": [
      "Nyckelhålet",
      "MSC-märkt"
    ],
    "imgUrl": "https://handlaprivatkund.ica.se/images-v3/bf7a00ca-390e-4769-865f-dc369586872e/af1e6e6a-b3bf-45d3-b243-e4f9e60b0c96/500x500.jpg",
    "productInformation": "Skala och njut av räkans milda salta smak på räkmackan i sallader, i röror eller naturella med aioli och en bit gott bröd. Trålade, nordvästatlanten zon 21",
    "countryText": "",
    "companyText": "Royal Greenland",
    "ingrediensText": "RÄKOR (Pandalus borealis), salt. Räkorna ärglaserade med vatten som en skyddandeförpackning för att säkra kvaliteten. Kaninnehålla spår av FISK.",
    "storage": "Lägsta förvaringstemperatur -25°C Högsta förvaringstemperatur -18°C",
    "allergens": "Kan innehålla Fisk Innehåller Kräftdjur",
    "usage": "",
    "nutrition": [
      {
        "Näringsvärde": "Energi (kcal)",
        "100 Gram": "106 kcal"
      },
      {
        "Näringsvärde": "Energi (kJ)",
        "100 Gram": "447 kJ"
      },
      {
        "Näringsvärde": "Fett",
        "100 Gram": "1.5 g"
      },
      {
        "Näringsvärde": "Varav mättat fett",
        "100 Gram": "0.3 g"
      },
      {
        "Näringsvärde": "Kolhydrat",
        "100 Gram": "0 g"
      },
      {
        "Näringsvärde": "Varav sockerarter",
        "100 Gram": "0 g"
      },
      {
        "Näringsvärde": "Protein",
        "100 Gram": "23 g"
      },
      {
        "Näringsvärde": "Salt",
        "100 Gram": "1.75 g"
      }
    ],
    "nutritionUnitText": "Näringsvärde per 100 gram",
    "categories": {
      "mainCategory": "Jul",
      "subCategories": [
        {
          "name": "Julmat",
          "subSubCategories": [
            "Ägg, Räkor & Majonnäs"
          ]
        }
      ]
    }
  },
  {
    "name": "Fiskgratäng skaldjurssås 350g ICA",
    "weightText": "0.35 kg",
    "caPart": "",
    "weightValue": 0.35,
    "weightUnit": "kg",
    "comparePrice": "88,43 kr/kg",
    "currentPrice": 30.95,
    "attributes": [
      "MSC-märkt"
    ],
    "imgUrl": "https://handlaprivatkund.ica.se/images-v3/bf7a00ca-390e-4769-865f-dc369586872e/19deb951-3ae0-46b7-9fe2-b5c8a7d83120/500x500.jpg",
    "productInformation": "",
    "countryText": "",
    "companyText": "ICA",
    "ingrediensText": "Potatismos 50%: Vatten, potatismospulver (potatis, KÄRNMJÖLKSPULVER, MJÖLKPULVER, salt, GRÄDDPULVER, stabiliseringsmedel (E471), konserveringsmedel (E222 NATRIUMVÄTESULFIT), antioxidationsmedel (E300), kryddextrakt (svartpeppar)), SKUMMJÖLKSPULVER, smör (MJÖLK), salt, pepparextrakt. FISK 26%: Renskurna filéer av ALASKA POLLOCK* (Theragra chalcogramma). Sås 24%: Vatten, SKUMMJÖLKSPULVER, hummerfond (vatten, tomatpuré, salt, vitt vin, FISK, konjak, SELLERI, HUMMER, surhetsreglerande medel (E270), modifierad potatisstärkelse, arom (SELLERI), konserveringsmedel (E202)), RÄKOR** (Pandalus borealis) 1,4%, smör (MJÖLK), surimi 1,3% (FISK, vatten, potatisstärkelse, rapsolja, ÄGGVITA, socker, salt, färgämne (E160d), KRABBAROM, surhetsreglerande medel (E211, E202)), modifierad majsstärkelse, GRÄDDPULVER, purjolök, HUMMERKÖTT*** (Homarus americanus) (0,3%), sherry, pepparextrakt, salt. Enstaka ben kan förekomma. *Fiskad med trål i Stilla havet fångstzon 67. MSC-godkänd ingrediens. ** Fiskade med trål i Nordvästatlanten, fångstzon 21. MSC-godkänd ingrediens. *** Fiskad med burar i Nordvästatlanten, fångstzon 21.",
    "storage": "Lägsta förvaringstemperatur -25°C Högsta förvaringstemperatur -18°C",
    "allergens": "Innehåller Ägg Innehåller Selleri Innehåller Svaveldioxid eller sulfit Innehåller Kräftdjur Innehåller Mjölk Innehåller Fisk",
    "usage": "",
    "nutrition": [
      {
        "Näringsvärde": "Energi (kcal)",
        "100 Gram": "110 kcal"
      },
      {
        "Näringsvärde": "Energi (kJ)",
        "100 Gram": "480 kJ"
      },
      {
        "Näringsvärde": "Fett",
        "100 Gram": "4 g"
      },
      {
        "Näringsvärde": "Varav mättat fett",
        "100 Gram": "2.6 g"
      },
      {
        "Näringsvärde": "Kolhydrat",
        "100 Gram": "11 g"
      },
      {
        "Näringsvärde": "Varav sockerarter",
        "100 Gram": "3.4 g"
      },
      {
        "Näringsvärde": "Protein",
        "100 Gram": "7.6 g"
      },
      {
        "Näringsvärde": "Salt",
        "100 Gram": "1.5 g"
      }
    ],
    "nutritionUnitText": "Näringsvärde per 100 gram",
    "categories": {
      "mainCategory": "Fisk & Skaldjur",
      "subCategories": [
        {
          "name": "Färdiga fiskrätter",
          "subSubCategories": [
            "Fiskgratäng"
          ]
        }
      ]
    }
  },
  {
    "name": "Senapssill 475g Abba",
    "weightText": "0.235 kg",
    "caPart": "",
    "weightValue": 0.235,
    "weightUnit": "kg",
    "comparePrice": "191,28 kr/kg u. spad",
    "currentPrice": 44.95,
    "attributes": [],
    "imgUrl": "https://handlaprivatkund.ica.se/images-v3/bf7a00ca-390e-4769-865f-dc369586872e/b776a0d1-22dc-42fc-9327-8af5821b22a4/500x500.jpg",
    "productInformation": "Abba Senapssill 475g är en stor burk fylld med en klassisk krämig och mild senapssill smaksatt med både senap och senapsfrön. Den här produkten innehåller sill (Clupea harengus) av högsta kvalitet som fiskas i Nordostatlanten och som enbart kommer från livskraftiga bestånd. Sillen lagras i vårt bergrum i Kungshamn på bohuslänska västkusten innan den blandas med den goda, krämiga såsen för att du ska kunna njuta av din favorit. Sill passar lika bra till jul, påsk och midsommar som till en god snabblagad lunch eller middag eller varför inte brunch? Den här sillburken är märkt med symbolen lågt klimatavtryck, vill du veta mer? Läs mer på abba.se",
    "countryText": "",
    "companyText": "Abba",
    "ingrediensText": "SILL i bitar, socker, vatten, rapsolja, SENAP (11%) (vatten, SENAPsfrö, socker, ättika, salt, kryddor (bl.a. koriander, kanel)), salt, SENAPsfrö, syra (ättiksyra), konserveringsmedel (natriumbensoat, kaliumsorbat), förtjockningsmedel (xantangummi), färgämne (betakaroten, sockerkulör (E150c)). Kan innehålla spår av GLUTEN.",
    "storage": "I kylskåp max 8 °C. Öppnad produkt smakar bäst inom 14 dagar",
    "allergens": "",
    "usage": "",
    "nutrition": [
      {
        "Näringsvärde": "Energi (kcal)",
        "100 Gram": "249 kcal"
      },
      {
        "Näringsvärde": "Energi (kJ)",
        "100 Gram": "1036 kJ"
      },
      {
        "Näringsvärde": "Fett",
        "100 Gram": "16 g"
      },
      {
        "Näringsvärde": "Varav mättat fett",
        "100 Gram": "3 g"
      },
      {
        "Näringsvärde": "Kolhydrat",
        "100 Gram": "17 g"
      },
      {
        "Näringsvärde": "Varav sockerarter",
        "100 Gram": "16 g"
      },
      {
        "Näringsvärde": "Protein",
        "100 Gram": "8.5 g"
      },
      {
        "Näringsvärde": "Salt",
        "100 Gram": "3.7 g"
      }
    ],
    "nutritionUnitText": "Näringsvärde per 100 gram",
    "categories": {
      "mainCategory": "Fisk & Skaldjur",
      "subCategories": [
        {
          "name": "Sill & Ansjovis",
          "subSubCategories": [
            "Inlagd sill"
          ]
        }
      ]
    }
  },
  {
    "name": "Skärgårdssill 460g Abba",
    "weightText": "0.235 kg",
    "caPart": "",
    "weightValue": 0.235,
    "weightUnit": "kg",
    "comparePrice": "191,28 kr/kg u. spad",
    "currentPrice": 44.95,
    "attributes": [],
    "imgUrl": "https://handlaprivatkund.ica.se/images-v3/bf7a00ca-390e-4769-865f-dc369586872e/92e775e1-ec5e-4a9a-b9ab-f8bab1432aa5/500x500.jpg",
    "productInformation": "Abba Skärgårdssill 460g är en stor burk fylld med krämig sill smaksatt med gräddfil, röd tångcaviar och finhackad gräslök. Den här produkten innehåller sill (Clupea harengus) av högsta kvalitet som fiskas i Nordostatlanten och som enbart kommer från livskraftiga bestånd. Sillen lagras i vårt bergrum i Kungshamn på bohuslänska västkusten innan den blandas med den goda, krämiga såsen för att du ska kunna njuta av din favorit. Sill passar lika bra till jul, påsk och midsommar som till en god snabblagad lunch eller middag eller varför inte brunch? Den här sillburken är märkt med symbolen lågt klimatavtryck, vill du veta mer? Läs mer på abba.se",
    "countryText": "",
    "companyText": "Abba",
    "ingrediensText": "SILL i bitar, rapsolja, socker, GRÄDDFIL (5,5%), lök, salt, vatten, tångcaviar (3%) (tångextrakt, vatten, salt, kryddextrakt (bl.a. cayennepeppar), arom (bl.a. dill), syra (citronsyra), stabiliseringsmedel (xanthangummi), konserveringsmedel (kaliumsorbat, natriumbensoat), färgämne (paprikaoleoresin)), ÄGGula, skumMJÖLK, gräslök, ättika, svartpepparextrakt, syra (ättiksyra, mjölksyra, citronsyra), konserveringsmedel (natriumbensoat, kaliumsorbat), förtjockningsmedel (xantangummi).",
    "storage": "I kylskåp max 8 °C. Öppnad produkt smakar bäst inom 14 dagar",
    "allergens": "",
    "usage": "",
    "nutrition": [
      {
        "Näringsvärde": "Energi (kcal)",
        "100 Gram": "259 kcal"
      },
      {
        "Näringsvärde": "Energi (kJ)",
        "100 Gram": "1077 kJ"
      },
      {
        "Näringsvärde": "Fett",
        "100 Gram": "19 g"
      },
      {
        "Näringsvärde": "Varav mättat fett",
        "100 Gram": "3.4 g"
      },
      {
        "Näringsvärde": "Kolhydrat",
        "100 Gram": "14 g"
      },
      {
        "Näringsvärde": "Varav sockerarter",
        "100 Gram": "13 g"
      },
      {
        "Näringsvärde": "Protein",
        "100 Gram": "8.4 g"
      },
      {
        "Näringsvärde": "Salt",
        "100 Gram": "4.3 g"
      }
    ],
    "nutritionUnitText": "Näringsvärde per 100 gram",
    "categories": {
      "mainCategory": "Fisk & Skaldjur",
      "subCategories": [
        {
          "name": "Sill & Ansjovis",
          "subSubCategories": [
            "Inlagd sill"
          ]
        }
      ]
    }
  },
  {
    "name": "Kammusslor 150g ICA",
    "weightText": "0.15 kg",
    "caPart": "",
    "weightValue": 0.15,
    "weightUnit": "kg",
    "comparePrice": "613,00 kr/kg",
    "currentPrice": 91.95,
    "attributes": [
      "Nyckelhålet",
      "MSC-märkt"
    ],
    "imgUrl": "https://handlaprivatkund.ica.se/images-v3/bf7a00ca-390e-4769-865f-dc369586872e/6257e251-93ab-49d7-9d7e-a119a9c8e844/500x500.jpg",
    "productInformation": "ICAs Kammussla kan ersätta pilgrimsmussla i alla recept. Stek snabbt i het panna eller grilla på spett.",
    "countryText": "Danmark",
    "companyText": "ICA",
    "ingrediensText": "KAMMUSSLOR* (Placopecten magellanicus/Patinopecten yessoensis). *Fångade med skrapor i Nordvästatlanten, fångstzon 21/Norra stilla havet, fångstzon 61. Förtydligande tryckt vid Bäst föredatum: A: Placopecten magellanicus, Nordvästatlanten fångszon 21 B: Patinopecten yessoensis, Norra stilla havet fångstzon 61. Kan innehålla spår av kräftdjur.",
    "storage": "I frysutrymme (–18°C eller kallare). Bör ej omfrysas efter upptining. Lägsta förvaringstemperatur -18°C Högsta förvaringstemperatur -18°C",
    "allergens": "Innehåller Blötdjur Kan innehålla Kräftdjur",
    "usage": "",
    "nutrition": [
      {
        "Näringsvärde": "Energi (kcal)",
        "100 Gram": "88 kcal"
      },
      {
        "Näringsvärde": "Energi (kJ)",
        "100 Gram": "354 kJ"
      },
      {
        "Näringsvärde": "Fett",
        "100 Gram": "0.8 g"
      },
      {
        "Näringsvärde": "Varav mättat fett",
        "100 Gram": "0.5 g"
      },
      {
        "Näringsvärde": "Kolhydrat",
        "100 Gram": "2.4 g"
      },
      {
        "Näringsvärde": "Varav sockerarter",
        "100 Gram": "0 g"
      },
      {
        "Näringsvärde": "Protein",
        "100 Gram": "17 g"
      },
      {
        "Näringsvärde": "Salt",
        "100 Gram": "0.4 g"
      }
    ],
    "nutritionUnitText": "Näringsvärde per 100 gram",
    "categories": {
      "mainCategory": "Fisk & Skaldjur",
      "subCategories": [
        {
          "name": "Skaldjur",
          "subSubCategories": [
            "Musslor",
            "Frysta musslor"
          ]
        }
      ]
    }
  },
  {
    "name": "Ramslök & citronsill 220g Abba",
    "weightText": "0.11 kg",
    "caPart": "",
    "weightValue": 0.11,
    "weightUnit": "kg",
    "comparePrice": "231,82 kr/kg u. spad",
    "currentPrice": 25.5,
    "attributes": [],
    "imgUrl": "https://handlaprivatkund.ica.se/images-v3/bf7a00ca-390e-4769-865f-dc369586872e/d1404bca-5a63-4a61-9be9-01f0f67322af/500x500.jpg",
    "productInformation": "Abba Ramslök & Citron är en krämig sill med utvalda bitar sill och en härlig smak av både ramslök och frisk citron. Gillar du vitlökssill, men vill testa något nytt? Här är smaken för dig! Den här produkten innehåller sill (Clupea harengus) av högsta kvalitet som fiskas i Nordostatlanten och som enbart kommer från livskraftiga bestånd. Sillen lagras i vårt bergrum i Kungshamn på bohuslänska västkusten innan den blandas med den goda, krämiga såsen för att du ska kunna njuta av din favorit. Sill passar lika bra till jul, påsk och midsommar som till en god snabblagad lunch eller middag eller varför inte brunch? Den här sillburken är märkt med symbolen lågt klimatavtryck, vill du veta mer? Läs mer på abba.se",
    "countryText": "",
    "companyText": "Abba",
    "ingrediensText": "SILL i bitar, rapsolja, socker, GRÄDDFIL (6,5%), ramslök (4%), salt, rödlök, vatten, ÄGGula, skumMJÖLK, ättika, naturlig vitlöksarom (innehåller gummi arabicum), citronjuicekoncentrat, citronolja, svartpepparextrakt, syra (ättiksyra, mjölksyra), konserveringsmedel (natriumbensoat, kaliumsorbat), förtjockningsmedel (xantangummi).",
    "storage": "I kylskåp max 8 °C. Öppnad produkt smakar bäst inom 14 dagar",
    "allergens": "",
    "usage": "",
    "nutrition": [
      {
        "Näringsvärde": "Energi (kcal)",
        "100 Gram": "261 kcal"
      },
      {
        "Näringsvärde": "Energi (kJ)",
        "100 Gram": "1086 kJ"
      },
      {
        "Näringsvärde": "Fett",
        "100 Gram": "19 g"
      },
      {
        "Näringsvärde": "Varav mättat fett",
        "100 Gram": "3.5 g"
      },
      {
        "Näringsvärde": "Kolhydrat",
        "100 Gram": "14 g"
      },
      {
        "Näringsvärde": "Varav sockerarter",
        "100 Gram": "13 g"
      },
      {
        "Näringsvärde": "Protein",
        "100 Gram": "8.5 g"
      },
      {
        "Näringsvärde": "Salt",
        "100 Gram": "4.1 g"
      }
    ],
    "nutritionUnitText": "Näringsvärde per 100 gram",
    "categories": {
      "mainCategory": "Fisk & Skaldjur",
      "subCategories": [
        {
          "name": "Sill & Ansjovis",
          "subSubCategories": [
            "Inlagd sill"
          ]
        }
      ]
    }
  },
  {
    "name": "Stenbitsrom svart storkorning 80g Abba",
    "weightText": "0.08 kg",
    "caPart": "",
    "weightValue": 0.08,
    "weightUnit": "kg",
    "comparePrice": "449,38 kr/kg",
    "currentPrice": 35.95,
    "attributes": [
      "MSC-märkt"
    ],
    "imgUrl": "https://handlaprivatkund.ica.se/images-v3/bf7a00ca-390e-4769-865f-dc369586872e/a5a64fc8-4a59-406a-bb6f-1e504f586eaa/500x500.jpg",
    "productInformation": "",
    "countryText": "",
    "companyText": "Abba",
    "ingrediensText": "Saltad STENBITSROM (88%), vatten, förtjockningsmedel (E415), ättika, konserveringsmedel (E211, E202), syra (E330), lökextrakt, SULFIT, färgämne (E120, E153, E150d, E163, E133)",
    "storage": "Öppnad förpackning konsumeras inom 14 dagar. I kylskåp max 8 °C",
    "allergens": "",
    "usage": "",
    "nutrition": [
      {
        "Näringsvärde": "Energi (kcal)",
        "100 Gram": "90 kcal"
      },
      {
        "Näringsvärde": "Energi (kJ)",
        "100 Gram": "370 kJ"
      },
      {
        "Näringsvärde": "Fett",
        "100 Gram": "4 g"
      },
      {
        "Näringsvärde": "Varav mättat fett",
        "100 Gram": "0.9 g"
      },
      {
        "Näringsvärde": "Kolhydrat",
        "100 Gram": "2 g"
      },
      {
        "Näringsvärde": "Varav sockerarter",
        "100 Gram": "0 g"
      },
      {
        "Näringsvärde": "Protein",
        "100 Gram": "11 g"
      },
      {
        "Näringsvärde": "Salt",
        "100 Gram": "4.9 g"
      }
    ],
    "nutritionUnitText": "Näringsvärde per 100 gram",
    "categories": {
      "mainCategory": "Fisk & Skaldjur",
      "subCategories": [
        {
          "name": "Kaviar & Rom",
          "subSubCategories": [
            "Färsk rom"
          ]
        }
      ]
    }
  },
  {
    "name": "Löksill 220g ICA",
    "weightText": "0.11 kg",
    "caPart": "",
    "weightValue": 0.11,
    "weightUnit": "kg",
    "comparePrice": "186,36 kr/kg u. spad",
    "currentPrice": 20.5,
    "attributes": [],
    "imgUrl": "https://handlaprivatkund.ica.se/images-v3/bf7a00ca-390e-4769-865f-dc369586872e/74e7012c-2a95-4227-b811-5dda19c06145/500x500.jpg",
    "productInformation": "Gjord på bitar av sillfilé i en lag kryddad med lök.",
    "countryText": "",
    "companyText": "ICA",
    "ingrediensText": "Marinerad SILL (Clupea harengus)* i bitar 50% (salt, ättika), vatten, socker, lök 9%, kryddpeppar, konserveringsmedel (E211), arom. *Fångad i Nordostatlanten, fångstzon 27.",
    "storage": "",
    "allergens": "",
    "usage": "",
    "nutrition": [
      {
        "Näringsvärde": "Energi (kcal)",
        "100 Gram": "215 kcal"
      },
      {
        "Näringsvärde": "Energi (kJ)",
        "100 Gram": "901 kJ"
      },
      {
        "Näringsvärde": "Fett",
        "100 Gram": "11 g"
      },
      {
        "Näringsvärde": "Varav fleromättat fett",
        "100 Gram": "2.4 g"
      },
      {
        "Näringsvärde": "Varav mättat fett",
        "100 Gram": "2.1 g"
      },
      {
        "Näringsvärde": "Kolhydrat",
        "100 Gram": "20 g"
      },
      {
        "Näringsvärde": "Varav sockerarter",
        "100 Gram": "20 g"
      },
      {
        "Näringsvärde": "Protein",
        "100 Gram": "9.3 g"
      },
      {
        "Näringsvärde": "Salt",
        "100 Gram": "3 g"
      },
      {
        "Näringsvärde": "Vitamin D",
        "100 Gram": "11.7 µg",
        "% av DRI(*)": "234"
      }
    ],
    "nutritionUnitText": "Näringsvärde per 100 gram",
    "categories": {
      "mainCategory": "Fisk & Skaldjur",
      "subCategories": [
        {
          "name": "Sill & Ansjovis",
          "subSubCategories": [
            "Inlagd sill"
          ]
        }
      ]
    }
  },
  {
    "name": "Regnbågslaxrom Miljömärkt 50g ICA",
    "weightText": "0.05 kg",
    "caPart": "",
    "weightValue": 0.05,
    "weightUnit": "kg",
    "comparePrice": "1 299,00 kr/kg",
    "currentPrice": 64.95,
    "attributes": [],
    "imgUrl": "https://handlaprivatkund.ica.se/images-v3/bf7a00ca-390e-4769-865f-dc369586872e/2581753b-70b1-4c21-842e-0ee198474871/500x500.jpg",
    "productInformation": "ASC-certifierad regnbågslaxrom. Vi är unika på marknaden med miljöcertifierad råvara. Regnbågslaxromen med sina större romkorn passar fint som dekoration eller i en romsås.",
    "countryText": "",
    "companyText": "ICA",
    "ingrediensText": "REGNBÅGSLAXROM* (Oncorhynchus mykiss) 96,5%, salt. *Odlad i Italien.",
    "storage": "",
    "allergens": "",
    "usage": "",
    "nutrition": [
      {
        "Näringsvärde": "Energi (kcal)",
        "100 Gram": "184 kcal"
      },
      {
        "Näringsvärde": "Energi (kJ)",
        "100 Gram": "770 kJ"
      },
      {
        "Näringsvärde": "Fett",
        "100 Gram": "8 g"
      },
      {
        "Näringsvärde": "Varav mättat fett",
        "100 Gram": "1.4 g"
      },
      {
        "Näringsvärde": "Kolhydrat",
        "100 Gram": "0.9 g"
      },
      {
        "Näringsvärde": "Varav sockerarter",
        "100 Gram": "0 g"
      },
      {
        "Näringsvärde": "Protein",
        "100 Gram": "27 g"
      },
      {
        "Näringsvärde": "Salt",
        "100 Gram": "3.5 g"
      }
    ],
    "nutritionUnitText": "Näringsvärde per 100 gram",
    "categories": {
      "mainCategory": "Jul",
      "subCategories": [
        {
          "name": "Julmat",
          "subSubCategories": [
            "Lutfisk, Caviar & Röror"
          ]
        }
      ]
    }
  },
  {
    "name": "Surströmming 300g Röda Ulven",
    "weightText": "0.3 kg",
    "caPart": "",
    "weightValue": 0.3,
    "weightUnit": "kg",
    "comparePrice": "246,50 kr/kg u. spad",
    "currentPrice": 73.95,
    "attributes": [],
    "imgUrl": "https://handlaprivatkund.ica.se/images-v3/bf7a00ca-390e-4769-865f-dc369586872e/3c59336c-dc74-49d1-8135-816d7fc7aeb8/500x500.jpg",
    "productInformation": "",
    "countryText": "",
    "companyText": "Röda Ulven",
    "ingrediensText": "Strömming, vatten och salt.",
    "storage": "",
    "allergens": "",
    "usage": "",
    "nutrition": [
      {
        "Näringsvärde": "Energi (kcal)",
        "100 Gram": "93 kcal"
      },
      {
        "Näringsvärde": "Energi (kJ)",
        "100 Gram": "389 kJ"
      },
      {
        "Näringsvärde": "Fett",
        "100 Gram": "4.5 g"
      },
      {
        "Näringsvärde": "Varav mättat fett",
        "100 Gram": "1.1 g"
      },
      {
        "Näringsvärde": "Kolhydrat",
        "100 Gram": "0.73 g"
      },
      {
        "Näringsvärde": "Varav sockerarter",
        "100 Gram": "0.73 g"
      },
      {
        "Näringsvärde": "Protein",
        "100 Gram": "12.6 g"
      },
      {
        "Näringsvärde": "Salt",
        "100 Gram": "7 g"
      }
    ],
    "nutritionUnitText": "Näringsvärde per 100 gram",
    "categories": {
      "mainCategory": "Fisk & Skaldjur",
      "subCategories": [
        {
          "name": "Sill & Ansjovis",
          "subSubCategories": [
            "Surströmming"
          ]
        }
      ]
    }
  },
  {
    "name": "Räkor i lake stora 400g ICA",
    "weightText": "0.4 kg",
    "caPart": "",
    "weightValue": 0.4,
    "weightUnit": "kg",
    "comparePrice": "260,00 kr/kg u. spad",
    "currentPrice": 104,
    "attributes": [],
    "imgUrl": "https://handlaprivatkund.ica.se/images-v3/bf7a00ca-390e-4769-865f-dc369586872e/69d169b2-adfa-471c-90a6-6220b9a94c4c/500x500.jpg",
    "productInformation": "",
    "countryText": "",
    "companyText": "ICA",
    "ingrediensText": "INGREDIENSER: RÄKOR* (Pandalus borealis), vatten, salt, socker, konserveringsmedel (E211, E202), surhetsreglerande medel (E330). *Räkor fångade med trålar i Nordvästatlanten FAO 21 och Nordostatlanten FAO 27. Kan innehålla spår av fisk, blötdjur.",
    "storage": "",
    "allergens": "",
    "usage": "Öppnad förpackning konsumeras inom 3 dagar.",
    "nutrition": [
      {
        "Näringsvärde": "Energi (kcal)",
        "100 Gram": "64 kcal"
      },
      {
        "Näringsvärde": "Energi (kJ)",
        "100 Gram": "272 kJ"
      },
      {
        "Näringsvärde": "Fett",
        "100 Gram": "0.9 g"
      },
      {
        "Näringsvärde": "Varav mättat fett",
        "100 Gram": "0.5 g"
      },
      {
        "Näringsvärde": "Kolhydrat",
        "100 Gram": "0.5 g"
      },
      {
        "Näringsvärde": "Varav sockerarter",
        "100 Gram": "0.5 g"
      },
      {
        "Näringsvärde": "Protein",
        "100 Gram": "14 g"
      },
      {
        "Näringsvärde": "Salt",
        "100 Gram": "2.25 g"
      }
    ],
    "nutritionUnitText": "Näringsvärde per 100 gram",
    "categories": {
      "mainCategory": "Fisk & Skaldjur",
      "subCategories": [
        {
          "name": "Skaldjur",
          "subSubCategories": [
            "Räkor",
            "Räkor i lake"
          ]
        }
      ]
    }
  },
  {
    "name": "Skaldjursmix frysta 350g ICA",
    "weightText": "0.35 kg",
    "caPart": "",
    "weightValue": 0.35,
    "weightUnit": "kg",
    "comparePrice": "162,71 kr/kg",
    "currentPrice": 56.95,
    "attributes": [
      "Nyckelhålet",
      "MSC-märkt"
    ],
    "imgUrl": "https://handlaprivatkund.ica.se/images-v3/bf7a00ca-390e-4769-865f-dc369586872e/3d2cdabd-b46a-46db-a523-2e422d08def2/500x500.jpg",
    "productInformation": "ICAs Skaljdjursmix är en härlig blandning av blåmusslor, venusmusslor, bläckfiskringar och räkor. Havets goda till alla fiskgrytor och soppor. Se ICA.se för tips och recept.",
    "countryText": "",
    "companyText": "ICA",
    "ingrediensText": "Chilensk BLÅMUSSLA* (Mytilus chilensis) 34%, BLÄCKFISK** med tillsatt vatten (75% BLÄCKFISK (Doryteuthis pealeii), vatten, fuktighetsbevarande medel (E331, E500, salt)) 33%. RÄKOR*** (Pandalus borealis) 33%.",
    "storage": "Lägsta förvaringstemperatur -18°C Högsta förvaringstemperatur -18°C",
    "allergens": "Innehåller Kräftdjur Innehåller Blötdjur",
    "usage": "",
    "nutrition": [
      {
        "Näringsvärde": "Energi (kcal)",
        "100 Gram": "67 kcal"
      },
      {
        "Näringsvärde": "Energi (kJ)",
        "100 Gram": "285 kJ"
      },
      {
        "Näringsvärde": "Fett",
        "100 Gram": "1.4 g"
      },
      {
        "Näringsvärde": "Varav mättat fett",
        "100 Gram": "0.4 g"
      },
      {
        "Näringsvärde": "Kolhydrat",
        "100 Gram": "0.7 g"
      },
      {
        "Näringsvärde": "Varav sockerarter",
        "100 Gram": "0 g"
      },
      {
        "Näringsvärde": "Fiber",
        "100 Gram": "0 g"
      },
      {
        "Näringsvärde": "Protein",
        "100 Gram": "13 g"
      },
      {
        "Näringsvärde": "Salt",
        "100 Gram": "1.24 g"
      }
    ],
    "nutritionUnitText": "Näringsvärde per 100 gram",
    "categories": {
      "mainCategory": "Fryst",
      "subCategories": [
        {
          "name": "Fryst fisk & Skaldjur",
          "subSubCategories": [
            "Frysta skaldjursdelikatesser"
          ]
        }
      ]
    }
  },
  {
    "name": "Lax & Ostburgare Färsk 220g ICA",
    "weightText": "0.22 kg",
    "caPart": "",
    "weightValue": 0.22,
    "weightUnit": "kg",
    "comparePrice": "167,95 kr/kg",
    "currentPrice": 36.95,
    "attributes": [
      "Nyckelhålet"
    ],
    "imgUrl": "https://handlaprivatkund.ica.se/images-v3/bf7a00ca-390e-4769-865f-dc369586872e/d655f36f-a00d-4094-bb8f-0c28cf86af7d/500x500.jpg",
    "productInformation": "En saftig och god laxburgare med krämig ost. Passar perfekt med hamburgerbröd, färska kryddor, crème fraiche och soltorkade tomater. Upptäck även våra två andra fiskburgare; Laxburgare med koriander & chili och Västkustburgare.",
    "countryText": "",
    "companyText": "ICA",
    "ingrediensText": "LAX* (Salmo salar) 70%, potatis, cheddarost 3,5% (MJÖLK, salt, potatisstärkelse, syrningskultur, mjölkkoagulerande enzym (mikrobiellt), färgämne (E160b)), soltorkade tomater 2,3% (Tomat, havssalt, konserveringsmedel (E223)), mozzarellaost 1,5%(MJÖLK, salt, potatisstärkelse, syrningskultur, mjölkkoagulerande enzym (mikrobiellt)), ÄGG, basilika, lökpulver, citronjuice, salt, vitpeppar.*Odlad i Norge.Enstaka ben kan förekomma.",
    "storage": "",
    "allergens": "",
    "usage": "",
    "nutrition": [
      {
        "Näringsvärde": "Energi (kcal)",
        "100 Gram": "209 kcal"
      },
      {
        "Näringsvärde": "Energi (kJ)",
        "100 Gram": "872 kJ"
      },
      {
        "Näringsvärde": "Fett",
        "100 Gram": "13 g"
      },
      {
        "Näringsvärde": "Varav mättat fett",
        "100 Gram": "3.4 g"
      },
      {
        "Näringsvärde": "Kolhydrat",
        "100 Gram": "5 g"
      },
      {
        "Näringsvärde": "Varav sockerarter",
        "100 Gram": "0 g"
      },
      {
        "Näringsvärde": "Protein",
        "100 Gram": "18 g"
      },
      {
        "Näringsvärde": "Salt",
        "100 Gram": "0.9 g"
      },
      {
        "Näringsvärde": "Vitamin D",
        "100 Gram": "7 µg",
        "% av DRI(*)": "140"
      }
    ],
    "nutritionUnitText": "Näringsvärde per 100 gram",
    "categories": {
      "mainCategory": "Fisk & Skaldjur",
      "subCategories": [
        {
          "name": "Färdiga fiskrätter",
          "subSubCategories": [
            "Fiskburgare"
          ]
        }
      ]
    }
  },
  {
    "name": "Räkor i Lake 170g ICA Basic",
    "weightText": "0.17 kg",
    "caPart": "",
    "weightValue": 0.17,
    "weightUnit": "kg",
    "comparePrice": "229,12 kr/kg u. spad",
    "currentPrice": 38.95,
    "attributes": [
      "MSC-märkt"
    ],
    "imgUrl": "https://handlaprivatkund.ica.se/images-v3/bf7a00ca-390e-4769-865f-dc369586872e/71ee3dee-c19c-40c9-8a8a-857423e1d6a7/500x500.jpg",
    "productInformation": "Räkor i saltlake. Passar bra i matlagningen; i soppor, pajer och grytor samt i stuvning till varma mackor och crepes.",
    "countryText": "",
    "companyText": "ICA Basic",
    "ingrediensText": "INGREDIENSER: RÄKOR*  (Pandalus jordani), vatten, salt, socker, konserveringsmedel (E202, E211), surhetsreglerande medel (E330). *Räkor fångade med trålar i Nordöstra Stilla havet FAO 67. Kan innehålla spår av fisk och blötdjur.",
    "storage": "",
    "allergens": "Kan innehålla spår av Fisk, Blötdjur.",
    "usage": "",
    "nutrition": [
      {
        "Näringsvärde": "Energi (kcal)",
        "100 Gram": "64 kcal"
      },
      {
        "Näringsvärde": "Energi (kJ)",
        "100 Gram": "272 kJ"
      },
      {
        "Näringsvärde": "Fett",
        "100 Gram": "0.9 g"
      },
      {
        "Näringsvärde": "Varav mättat fett",
        "100 Gram": "0.5 g"
      },
      {
        "Näringsvärde": "Kolhydrat",
        "100 Gram": "0.5 g"
      },
      {
        "Näringsvärde": "Varav sockerarter",
        "100 Gram": "0.5 g"
      },
      {
        "Näringsvärde": "Protein",
        "100 Gram": "14 g"
      },
      {
        "Näringsvärde": "Salt",
        "100 Gram": "2.25 g"
      }
    ],
    "nutritionUnitText": "Näringsvärde per 100 gram",
    "categories": {
      "mainCategory": "Jul",
      "subCategories": [
        {
          "name": "Julmat",
          "subSubCategories": [
            "Ägg, Räkor & Majonnäs"
          ]
        }
      ]
    }
  },
  {
    "name": "Jansons frestelse Fryst 350g Fiskeriet",
    "weightText": "0.35 kg",
    "caPart": "",
    "weightValue": 0.35,
    "weightUnit": "kg",
    "comparePrice": "108,43 kr/kg",
    "currentPrice": 37.95,
    "attributes": [
      "Glutenfritt",
      "MSC-märkt"
    ],
    "imgUrl": "https://handlaprivatkund.ica.se/images-v3/bf7a00ca-390e-4769-865f-dc369586872e/48f3a2db-ce51-4da1-af91-c3e4cac20c14/500x500.jpg",
    "productInformation": "Fiskeriet Jansons Frestelse är glutenfri och tillagad enligt klassiskt recept med potatis, lök och ansjovis. Förberedd i aluminiumtråg för enkel tillagning - bara att sätta in i ugnen, direkt från frysen. En klassisk Jansons frestelse är ett givet inslag på många buffébord, vid högtider, speciellt runt jul! Fiskeriets tips! Servera tillsammans med grönsallad, knäckebröd och en god lagrad ost.",
    "countryText": "",
    "companyText": "Fiskeriet",
    "ingrediensText": "INGREDIENSER: Potatis (39%), vatten, GRÄDDPULVER, ansjoviskryddad SILLFILÉ* (Clupeaharengus) (9%) (vatten, socker, salt, ättika, kryddor ochkonserveringsmedel (E211)), lök, SMÖR, modifierad majsstärkelse och salt. * Trålfiskad i Skagerack och Kattegatt.",
    "storage": "Lägsta förvaringstemperatur -25°C Högsta förvaringstemperatur -18°C",
    "allergens": "Innehåller Mjölk Innehåller Fisk",
    "usage": "",
    "nutrition": [
      {
        "Näringsvärde": "Energi (kcal)",
        "100 Gram": "137 kcal"
      },
      {
        "Näringsvärde": "Energi (kJ)",
        "100 Gram": "575 kJ"
      },
      {
        "Näringsvärde": "Fett",
        "100 Gram": "5.2 g"
      },
      {
        "Näringsvärde": "Varav mättat fett",
        "100 Gram": "3.7 g"
      },
      {
        "Näringsvärde": "Kolhydrat",
        "100 Gram": "19 g"
      },
      {
        "Näringsvärde": "Varav sockerarter",
        "100 Gram": "7.6 g"
      },
      {
        "Näringsvärde": "Protein",
        "100 Gram": "3.5 g"
      },
      {
        "Näringsvärde": "Salt",
        "100 Gram": "1 g"
      }
    ],
    "nutritionUnitText": "Näringsvärde per 100 gram",
    "categories": {
      "mainCategory": "Fryst",
      "subCategories": [
        {
          "name": "Fryst färdigmat",
          "subSubCategories": [
            "Frysta portionsrätter",
            "Fryst flerportion"
          ]
        }
      ]
    }
  },
  {
    "name": "Drömsill 250g Fiskexporten",
    "weightText": "0.25 kg",
    "caPart": "",
    "weightValue": 0.25,
    "weightUnit": "kg",
    "comparePrice": "126,00 kr/kg",
    "currentPrice": 31.5,
    "attributes": [],
    "imgUrl": "https://handlaprivatkund.ica.se/images-v3/bf7a00ca-390e-4769-865f-dc369586872e/8fd9362f-7a78-46ea-80d7-c215f20beb79/500x500.jpg",
    "productInformation": "",
    "countryText": "",
    "companyText": "Fiskexporten",
    "ingrediensText": "Ingredienser: SILL (Clupea harengus, fiskad i Nordostatlanten FAO27, med not och trål) rapsolja, vatten, röd lök, STENBITSROM (Cyclopterus lumpus), socker, ÄGGULA, tomatpuré, salt, dill, ättika, SENAPSFRÖ, kryddor, citronkoncentrat, surhetsreglerande medel (mjölksyra, citronsyra), förtjockningsmedel (guarkärnmjöl, xantangummi), konserveringsmedel (kaliumsorbat, natriumbensoat), sherry, färgämne (karmin, betakaroten).",
    "storage": "",
    "allergens": "",
    "usage": "",
    "nutrition": [
      {
        "Näringsvärde": "Energi (kcal)",
        "100 Gram": "310 kcal"
      },
      {
        "Näringsvärde": "Energi (kJ)",
        "100 Gram": "1297 kJ"
      },
      {
        "Näringsvärde": "Fett",
        "100 Gram": "24 g"
      },
      {
        "Näringsvärde": "Varav mättat fett",
        "100 Gram": "2.9 g"
      },
      {
        "Näringsvärde": "Kolhydrat",
        "100 Gram": "15 g"
      },
      {
        "Näringsvärde": "Varav sockerarter",
        "100 Gram": "14 g"
      },
      {
        "Näringsvärde": "Protein",
        "100 Gram": "9 g"
      },
      {
        "Näringsvärde": "Salt",
        "100 Gram": "2.4 g"
      }
    ],
    "nutritionUnitText": "Näringsvärde per 100 gram",
    "categories": {
      "mainCategory": "Fisk & Skaldjur",
      "subCategories": [
        {
          "name": "Sill & Ansjovis",
          "subSubCategories": [
            "Inlagd sill"
          ]
        }
      ]
    }
  },
  {
    "name": "Bohusmatjes 215g Abba",
    "weightText": "0.125 kg",
    "caPart": "",
    "weightValue": 0.125,
    "weightUnit": "kg",
    "comparePrice": "175,60 kr/kg u. spad",
    "currentPrice": 21.95,
    "attributes": [],
    "imgUrl": "https://handlaprivatkund.ica.se/images-v3/bf7a00ca-390e-4769-865f-dc369586872e/b474c1d8-4625-4adb-af59-f4e776e520d6/500x500.jpg",
    "productInformation": "Abba Bohusmatjes har en kraftigt kryddig smak och är smakrikast i vårt sortiment av matjes. Bohusmatjes innehåller sill (Clupea harengus) av högsta kvalitet som fiskas i Nordostatlanten och som enbart kommer från livskraftiga bestånd. Sillen får mogna i tunnor med en kryddlag i vårt bergrum i Kungshamn på bohuslänska västkusten tills att den smakar som allra bäst och är redo att njutas av! Matjessill har en given plats vid midsommarfirandet eller äts som den är tillsammans med färsk potatis, gräddfil, gräslök och lite brynt smör. Den här matjesburken är märkt med symbolen lågt klimatavtryck, vill du veta mer? Läs mer på abba.se",
    "countryText": "",
    "companyText": "Abba",
    "ingrediensText": "SILL i bitar, socker, salt, ättika, kryddor (bl.a. kanel, muskotblomma, padoukträ), dill, naturlig arom (innehåller lök), röd padoukextrakt, konserveringsmedel (natriumbensoat, kaliumsorbat).",
    "storage": "I kylskåp max 8 °C",
    "allergens": "",
    "usage": "",
    "nutrition": [
      {
        "Näringsvärde": "Energi (kcal)",
        "100 Gram": "227 kcal"
      },
      {
        "Näringsvärde": "Energi (kJ)",
        "100 Gram": "947 kJ"
      },
      {
        "Näringsvärde": "Fett",
        "100 Gram": "12 g"
      },
      {
        "Näringsvärde": "Varav mättat fett",
        "100 Gram": "3.3 g"
      },
      {
        "Näringsvärde": "Kolhydrat",
        "100 Gram": "18 g"
      },
      {
        "Näringsvärde": "Varav sockerarter",
        "100 Gram": "17 g"
      },
      {
        "Näringsvärde": "Protein",
        "100 Gram": "11 g"
      },
      {
        "Näringsvärde": "Salt",
        "100 Gram": "6.3 g"
      }
    ],
    "nutritionUnitText": "Näringsvärde per 100 gram",
    "categories": {
      "mainCategory": "Fisk & Skaldjur",
      "subCategories": [
        {
          "name": "Sill & Ansjovis",
          "subSubCategories": [
            "Inlagd sill"
          ]
        }
      ]
    }
  },
  {
    "name": "Räkor Färska Rökta med aioli 350g ICA",
    "weightText": "0.35 kg",
    "caPart": "",
    "weightValue": 0.35,
    "weightUnit": "kg",
    "comparePrice": "248,43 kr/kg",
    "currentPrice": 86.95,
    "attributes": [
      "Nyckelhålet",
      "MSC-märkt"
    ],
    "imgUrl": "https://handlaprivatkund.ica.se/images-v3/bf7a00ca-390e-4769-865f-dc369586872e/fccd73b2-5fae-49fa-bcb7-c799adbce047/500x500.jpg",
    "productInformation": "MSC märkta kokta och rökta räkor tillsammans med burk aioli. Smidigt i farten och färdigt att äta. Varför inte på en picknick på stranden tillsammans med ett gott bröd? Tips! Glöm inte att köpa till våtservetter.",
    "countryText": "",
    "companyText": "ICA",
    "ingrediensText": "Ingredienser: Rökta räkor 86% (räkor* (Pandalus borealis), salt), aioli 14% (majonnäs (rapsolja, äggula, gula senapsfrön, vinättika, kryddor, stabiliseringsmedel (E466)), vinäger, vitlök, salt, vitpeppar, lökpulver, konserveringsmedel (E211, E202)).",
    "storage": "Lägsta förvaringstemperatur 0°C Högsta förvaringstemperatur 4°C",
    "allergens": "Innehåller Kräftdjur Kan innehålla Fisk Innehåller Ägg Innehåller Senap",
    "usage": "",
    "nutrition": [
      {
        "Näringsvärde": "Energi (kcal)",
        "100 Gram": "200 kcal"
      },
      {
        "Näringsvärde": "Energi (kJ)",
        "100 Gram": "850 kJ"
      },
      {
        "Näringsvärde": "Fett",
        "100 Gram": "12 g"
      },
      {
        "Näringsvärde": "Varav mättat fett",
        "100 Gram": "2.6 g"
      },
      {
        "Näringsvärde": "Kolhydrat",
        "100 Gram": "2.6 g"
      },
      {
        "Näringsvärde": "Varav sockerarter",
        "100 Gram": "0 g"
      },
      {
        "Näringsvärde": "Protein",
        "100 Gram": "21 g"
      },
      {
        "Näringsvärde": "Salt",
        "100 Gram": "2.2 g"
      }
    ],
    "nutritionUnitText": "Näringsvärde per 100 gram",
    "categories": {
      "mainCategory": "Jul",
      "subCategories": [
        {
          "name": "Julmat",
          "subSubCategories": [
            "Ägg, Räkor & Majonnäs"
          ]
        }
      ]
    }
  },
  {
    "name": "Tonfisk Färsk MSC 260g ICA",
    "weightText": "0.26 kg",
    "caPart": "",
    "weightValue": 0.26,
    "weightUnit": "kg",
    "comparePrice": "396,15 kr/kg",
    "currentPrice": 103,
    "attributes": [
      "Nyckelhålet",
      "MSC-märkt"
    ],
    "imgUrl": "https://handlaprivatkund.ica.se/images-v3/bf7a00ca-390e-4769-865f-dc369586872e/c2934e6e-5766-44dc-8e22-3e93c8b5fbf0/500x500.jpg",
    "productInformation": "",
    "countryText": "",
    "companyText": "ICA",
    "ingrediensText": "TONFISK* (Thunnus albacares) Enstaka ben kan förekomma. *För ingredienser samt fångstområde och fiskeredskap se tryck på etikett.",
    "storage": "",
    "allergens": "",
    "usage": "",
    "nutrition": [
      {
        "Näringsvärde": "Energi (kcal)",
        "100 Gram": "97 kcal"
      },
      {
        "Näringsvärde": "Energi (kJ)",
        "100 Gram": "408 kJ"
      },
      {
        "Näringsvärde": "Fett",
        "100 Gram": "1.3 g"
      },
      {
        "Näringsvärde": "Varav mättat fett",
        "100 Gram": "0.5 g"
      },
      {
        "Näringsvärde": "Kolhydrat",
        "100 Gram": "0 g"
      },
      {
        "Näringsvärde": "Varav sockerarter",
        "100 Gram": "0 g"
      },
      {
        "Näringsvärde": "Protein",
        "100 Gram": "21 g"
      },
      {
        "Näringsvärde": "Salt",
        "100 Gram": "0.97 g"
      }
    ],
    "nutritionUnitText": "Näringsvärde per 100 gram",
    "categories": {
      "mainCategory": "Fisk & Skaldjur",
      "subCategories": [
        {
          "name": "Fisk",
          "subSubCategories": [
            "Övrig fisk",
            "Övrig färsk fisk"
          ]
        }
      ]
    }
  },
  {
    "name": "Kräftstjärtar med dillsmak i lake 400g ICA",
    "weightText": "0.4 kg",
    "caPart": "",
    "weightValue": 0.4,
    "weightUnit": "kg",
    "comparePrice": "287,50 kr/kg u. spad",
    "currentPrice": 115,
    "attributes": [],
    "imgUrl": "https://handlaprivatkund.ica.se/images-v3/bf7a00ca-390e-4769-865f-dc369586872e/edc44f04-cb86-40dc-85e7-1243c832488d/500x500.jpg",
    "productInformation": "",
    "countryText": "",
    "companyText": "ICA",
    "ingrediensText": "INGREDIENSER KRÄFTSTJÄRTAR (Procambarus clarkii), vatten, salt, socker, konserveringsmedel (E211, E202), surhetsreglerande medel (E330, E331), dillarom. Kräftor fångade i sötvatten med tinor och fällor i Kina.",
    "storage": "",
    "allergens": "",
    "usage": "Öppnad förpackning konsumeras inom 3 dagar.",
    "nutrition": [
      {
        "Näringsvärde": "Energi (kcal)",
        "100 Gram": "71 kcal"
      },
      {
        "Näringsvärde": "Energi (kJ)",
        "100 Gram": "296 kJ"
      },
      {
        "Näringsvärde": "Fett",
        "100 Gram": "0.5 g"
      },
      {
        "Näringsvärde": "Varav mättat fett",
        "100 Gram": "0.5 g"
      },
      {
        "Näringsvärde": "Kolhydrat",
        "100 Gram": "0.8 g"
      },
      {
        "Näringsvärde": "Varav sockerarter",
        "100 Gram": "0 g"
      },
      {
        "Näringsvärde": "Protein",
        "100 Gram": "16 g"
      },
      {
        "Näringsvärde": "Salt",
        "100 Gram": "2.4 g"
      }
    ],
    "nutritionUnitText": "Näringsvärde per 100 gram",
    "categories": {
      "mainCategory": "Fisk & Skaldjur",
      "subCategories": [
        {
          "name": "Skaldjur",
          "subSubCategories": [
            "Kräftor",
            "Kräftstjärtar i lake"
          ]
        }
      ]
    }
  },
  {
    "name": "Tångcaviar svart 70g ICA",
    "weightText": "0.07 kg",
    "caPart": "",
    "weightValue": 0.07,
    "weightUnit": "kg",
    "comparePrice": "292,86 kr/kg",
    "currentPrice": 20.5,
    "attributes": [],
    "imgUrl": "https://handlaprivatkund.ica.se/images-v3/bf7a00ca-390e-4769-865f-dc369586872e/b68f2301-d2aa-42fa-996f-90bd677b56c2/500x500.jpg",
    "productInformation": "Svart caviar som är gjord på havstångextrakt och är vegansk. Används på samma sätt som klassisk romcaviar.",
    "countryText": "",
    "companyText": "ICA",
    "ingrediensText": "Havstångextrakt 83%, vatten, salt, kryddor (extrakt av cayenne, peppar, gurkmeja, lagerblad, purjolök), aromer (dill, dragon), surhetsreglerande medel (E330), stabiliseringsmedel (E415), konserveringsmedel (E211, E202), färgämne (E153).).",
    "storage": "",
    "allergens": "",
    "usage": "",
    "nutrition": [
      {
        "Näringsvärde": "Energi (kcal)",
        "100 Gram": "13 kcal"
      },
      {
        "Näringsvärde": "Energi (kJ)",
        "100 Gram": "54 kJ"
      },
      {
        "Näringsvärde": "Fett",
        "100 Gram": "0.5 g"
      },
      {
        "Näringsvärde": "Varav mättat fett",
        "100 Gram": "0 g"
      },
      {
        "Näringsvärde": "Kolhydrat",
        "100 Gram": "1 g"
      },
      {
        "Näringsvärde": "Varav sockerarter",
        "100 Gram": "0 g"
      },
      {
        "Näringsvärde": "Protein",
        "100 Gram": "1 g"
      },
      {
        "Näringsvärde": "Salt",
        "100 Gram": "4 g"
      }
    ],
    "nutritionUnitText": "Näringsvärde per 100 gram",
    "categories": {
      "mainCategory": "Fisk & Skaldjur",
      "subCategories": [
        {
          "name": "Kaviar & Rom",
          "subSubCategories": [
            "Färsk rom"
          ]
        }
      ]
    }
  },
  {
    "name": "Bläckfiskringar Fryst 250g Pandalus",
    "weightText": "0.25 kg",
    "caPart": "",
    "weightValue": 0.25,
    "weightUnit": "kg",
    "comparePrice": "147,80 kr/kg",
    "currentPrice": 36.95,
    "attributes": [],
    "imgUrl": "https://handlaprivatkund.ica.se/images-v3/bf7a00ca-390e-4769-865f-dc369586872e/f0814eda-8f0b-4307-838e-ee5dabb7cc0c/500x500.jpg",
    "productInformation": "Panerade bläckfiskringar med bra spänst. Stek eller fritera dem frasiga i olja. Servera som plockmat eller huvudrätt med aioli och citron.",
    "countryText": "",
    "companyText": "Pandalus",
    "ingrediensText": "Ingredienser: Förfriterad, tioarmad BLÄCKFISK (Illex argentinus) 35 %, VETEMJÖL, vatten, solrosolja, bakpulver E 450 (i), E 500 (ii), salt, färgämne E 101.",
    "storage": "Lägsta förvaringstemperatur -25°C Högsta förvaringstemperatur -18°C",
    "allergens": "Innehåller Blötdjur Innehåller Spannmål som innehåller gluten",
    "usage": "",
    "nutrition": [
      {
        "Näringsvärde": "Energi (kcal)",
        "100 Gram": "195 kcal"
      },
      {
        "Näringsvärde": "Energi (kJ)",
        "100 Gram": "819 kJ"
      },
      {
        "Näringsvärde": "Fett",
        "100 Gram": "7.8 g"
      },
      {
        "Näringsvärde": "Varav mättat fett",
        "100 Gram": "0.95 g"
      },
      {
        "Näringsvärde": "Kolhydrat",
        "100 Gram": "24.5 g"
      },
      {
        "Näringsvärde": "Varav sockerarter",
        "100 Gram": "2.5 g"
      },
      {
        "Näringsvärde": "Protein",
        "100 Gram": "6.4 g"
      },
      {
        "Näringsvärde": "Salt",
        "100 Gram": "1.9 g"
      }
    ],
    "nutritionUnitText": "Näringsvärde per 100 gram",
    "categories": {
      "mainCategory": "Fryst",
      "subCategories": [
        {
          "name": "Fryst fisk & Skaldjur",
          "subSubCategories": [
            "Frysta skaldjursdelikatesser"
          ]
        }
      ]
    }
  },
  {
    "name": "Hummer Fryst 370g ICA",
    "weightText": "0.37 kg",
    "caPart": "",
    "weightValue": 0.37,
    "weightUnit": "kg",
    "comparePrice": "383,78 kr/kg",
    "currentPrice": 142,
    "attributes": [
      "Nyckelhålet",
      "MSC-märkt"
    ],
    "imgUrl": "https://handlaprivatkund.ica.se/images-v3/bf7a00ca-390e-4769-865f-dc369586872e/52e99cb7-1d6c-433a-914d-dfb8bbc6b9ee/500x500.jpg",
    "productInformation": "ICAs Hummer är förkokt och kan serveras som den är eller enkelt gratineras på en toast eller varför inte tillaga en hummersoppa.",
    "countryText": "",
    "companyText": "ICA",
    "ingrediensText": "Ingredienser: AMERIKANSK HUMMER* (Homarus americanus), salt.",
    "storage": "I frysutrymme (-18°C eller kallare) Lägsta förvaringstemperatur -25°C Högsta förvaringstemperatur -18°C",
    "allergens": "Innehåller Kräftdjur",
    "usage": "",
    "nutrition": [
      {
        "Näringsvärde": "Energi (kcal)",
        "100 Gram": "90 kcal"
      },
      {
        "Näringsvärde": "Energi (kJ)",
        "100 Gram": "370 kJ"
      },
      {
        "Näringsvärde": "Fett",
        "100 Gram": "0.9 g"
      },
      {
        "Näringsvärde": "Varav mättat fett",
        "100 Gram": "0.5 g"
      },
      {
        "Näringsvärde": "Kolhydrat",
        "100 Gram": "0 g"
      },
      {
        "Näringsvärde": "Varav sockerarter",
        "100 Gram": "0 g"
      },
      {
        "Näringsvärde": "Protein",
        "100 Gram": "19 g"
      },
      {
        "Näringsvärde": "Salt",
        "100 Gram": "1.2 g"
      }
    ],
    "nutritionUnitText": "Näringsvärde per 100 gram",
    "categories": {
      "mainCategory": "Fryst",
      "subCategories": [
        {
          "name": "Fryst fisk & Skaldjur",
          "subSubCategories": [
            "Frysta skaldjursdelikatesser"
          ]
        }
      ]
    }
  },
  {
    "name": "Lax Färsk Varmrökt 125g ICA Basic",
    "weightText": "0.125 kg",
    "caPart": "",
    "weightValue": 0.125,
    "weightUnit": "kg",
    "comparePrice": "343,60 kr/kg",
    "currentPrice": 42.95,
    "attributes": [
      "Nyckelhålet"
    ],
    "imgUrl": "https://handlaprivatkund.ica.se/images-v3/bf7a00ca-390e-4769-865f-dc369586872e/bff71d36-7bbd-4007-9f45-842c4598b99e/500x500.jpg",
    "productInformation": "Varmökt lax svartpeppar i portionsbit av varierande utseende och form. Genom detta kan vi ta tillvara på fler delar av laxsidan.",
    "countryText": "",
    "companyText": "ICA Basic",
    "ingrediensText": "LAXFILÉ* 99% (Salmo salar), salt. *Odlad i Norge.",
    "storage": "Kylvara",
    "allergens": "",
    "usage": "Bäst före-datum gäller för oöppnad förpackning. Mat som förvaras rätt håller oftast längre. Titta, lukta och smaka istället för att låta datumet avgöra! \n \n Enstaka ben kan förekomma.",
    "nutrition": [
      {
        "Näringsvärde": "Energi (kcal)",
        "100 Gram": "231 kcal"
      },
      {
        "Näringsvärde": "Energi (kJ)",
        "100 Gram": "960 kJ"
      },
      {
        "Näringsvärde": "Fett",
        "100 Gram": "16 g"
      },
      {
        "Näringsvärde": "Varav mättat fett",
        "100 Gram": "2.4 g"
      },
      {
        "Näringsvärde": "Kolhydrat",
        "100 Gram": "0 g"
      },
      {
        "Näringsvärde": "Varav sockerarter",
        "100 Gram": "0 g"
      },
      {
        "Näringsvärde": "Protein",
        "100 Gram": "21 g"
      },
      {
        "Näringsvärde": "Salt",
        "100 Gram": "1.4 g"
      }
    ],
    "nutritionUnitText": "Näringsvärde per 100 gram",
    "categories": {
      "mainCategory": "Fisk & Skaldjur",
      "subCategories": [
        {
          "name": "Fisk",
          "subSubCategories": [
            "Lax",
            "Rökt lax"
          ]
        }
      ]
    }
  },
  {
    "name": "Inläggningssill 430g Abba",
    "weightText": "0.19 kg",
    "caPart": "",
    "weightValue": 0.19,
    "weightUnit": "kg",
    "comparePrice": "207,89 kr/kg u. spad",
    "currentPrice": 39.5,
    "attributes": [],
    "imgUrl": "https://handlaprivatkund.ica.se/images-v3/bf7a00ca-390e-4769-865f-dc369586872e/8af84b1f-65a3-4b60-acd4-6109c254489d/500x500.jpg",
    "productInformation": "Vill du göra egen sill på riktigt husmorsvis? Abba Inläggningssill en klassisk urvattnad sill som man lägger in i en 1-2-3-lag i några dygn för att skapa magiska sillinläggningar. Inlagd sill passar lika bra till jul, påsk och midsommar som till en god snabblagad lunch eller middag. Vår inläggningssill består av en urvattnad saltsill (Clupea harengus) av högsta kvalitet som fiskas i Nordostatlanten och som enbart kommer från livskraftiga bestånd. Sillen lagras i vårt bergrum i Kungshamn på bohuslänska västkusten innan den hamnar i förpackningen. Den här sillen är märkt med symbolen lågt klimatavtryck, vill du veta mer? Läs mer på abba.se. Är du ute efter ?det riktiga sättet? att lägga in sill på? Då har du hittat rätt produkt!",
    "countryText": "",
    "companyText": "Abba",
    "ingrediensText": "SILLfiléer utan skinn, salt, ättika, konserveringsmedel (natriumbensoat).",
    "storage": "I kylskåp max 8 °C",
    "allergens": "",
    "usage": "",
    "nutrition": [
      {
        "Näringsvärde": "Energi (kcal)",
        "100 Gram": "206 kcal"
      },
      {
        "Näringsvärde": "Energi (kJ)",
        "100 Gram": "857 kJ"
      },
      {
        "Näringsvärde": "Fett",
        "100 Gram": "16 g"
      },
      {
        "Näringsvärde": "Varav mättat fett",
        "100 Gram": "4.2 g"
      },
      {
        "Näringsvärde": "Kolhydrat",
        "100 Gram": "0.7 g"
      },
      {
        "Näringsvärde": "Varav sockerarter",
        "100 Gram": "0 g"
      },
      {
        "Näringsvärde": "Protein",
        "100 Gram": "15 g"
      },
      {
        "Näringsvärde": "Salt",
        "100 Gram": "7.6 g"
      }
    ],
    "nutritionUnitText": "Näringsvärde per 100 gram",
    "categories": {
      "mainCategory": "Jul",
      "subCategories": [
        {
          "name": "Julmat",
          "subSubCategories": [
            "Sill, Ansjovis & Potatis"
          ]
        }
      ]
    }
  },
  {
    "name": "Fransk löksill 500g Abba",
    "weightText": "0.25 kg",
    "caPart": "",
    "weightValue": 0.25,
    "weightUnit": "kg",
    "comparePrice": "179,80 kr/kg u. spad",
    "currentPrice": 44.95,
    "attributes": [],
    "imgUrl": "https://handlaprivatkund.ica.se/images-v3/bf7a00ca-390e-4769-865f-dc369586872e/ae873dcd-19a6-4fa2-bd1f-62c83d541262/500x500.jpg",
    "productInformation": "Abba Fransk Löksill 500g är en stor burk fylld med sill i en klar lag som är smaksatt med lök, kryddpeppar och rödvinsvinäger. Den här produkten innehåller sill (Clupea harengus) av högsta kvalitet som fiskas i Nordostatlanten och som enbart kommer från livskraftiga bestånd. Sillen lagras i vårt bergrum i Kungshamn på bohuslänska västkusten innan vi lägger in den med utvalda kryddor och smaksättningar för att du ska kunna njuta av din favorit. Sill passar lika bra till jul, påsk och midsommar som till en god snabblagad lunch eller middag eller varför inte brunch? Den här sillburken är märkt med symbolen lågt klimatavtryck, vill du veta mer? Läs mer på abba.se",
    "countryText": "",
    "companyText": "Abba",
    "ingrediensText": "SILL i bitar, socker, lök (17%), salt, kryddpeppar, rödvinsvinäger, rapsolja, naturlig arom (innehåller kanel), syra (ättiksyra), ko nserveringsmedel (natriumbensoat, kaliumsorbat), förtjockningsmedel (xantangummi).",
    "storage": "I kylskåp max 8 °C. Öppnad produkt smakar bäst inom 14 dagar",
    "allergens": "",
    "usage": "",
    "nutrition": [
      {
        "Näringsvärde": "Energi (kcal)",
        "100 Gram": "254 kcal"
      },
      {
        "Näringsvärde": "Energi (kJ)",
        "100 Gram": "1063 kJ"
      },
      {
        "Näringsvärde": "Fett",
        "100 Gram": "13 g"
      },
      {
        "Näringsvärde": "Varav mättat fett",
        "100 Gram": "3.4 g"
      },
      {
        "Näringsvärde": "Kolhydrat",
        "100 Gram": "23 g"
      },
      {
        "Näringsvärde": "Varav sockerarter",
        "100 Gram": "23 g"
      },
      {
        "Näringsvärde": "Protein",
        "100 Gram": "11 g"
      },
      {
        "Näringsvärde": "Salt",
        "100 Gram": "3.2 g"
      }
    ],
    "nutritionUnitText": "Näringsvärde per 100 gram",
    "categories": {
      "mainCategory": "Fisk & Skaldjur",
      "subCategories": [
        {
          "name": "Sill & Ansjovis",
          "subSubCategories": [
            "Inlagd sill"
          ]
        }
      ]
    }
  },
  {
    "name": "Brantevikssill 420g Klädesholmen",
    "weightText": "0.2 kg",
    "caPart": "",
    "weightValue": 0.2,
    "weightUnit": "kg",
    "comparePrice": "204,75 kr/kg u. spad",
    "currentPrice": 40.95,
    "attributes": [],
    "imgUrl": "https://handlaprivatkund.ica.se/images-v3/bf7a00ca-390e-4769-865f-dc369586872e/1993d8f7-5b7f-435a-b01b-1196e8d9488a/500x500.jpg",
    "productInformation": "Klädesholmen Premium Brantevikssill 420g GlasKlädesholmens egna tappning av den skånska klassikern. Kryddad med mycket lök och dill samt lagerblad och citronpeppar.",
    "countryText": "",
    "companyText": "Klädesholmen",
    "ingrediensText": "INGREDIENSER: Marinerad SILL (Clupea harengus) i bitar (SILL, ättika, salt, socker), socker, vatten, lök 11%, dill, citronpeppar (kryddor, surhetsreglerandemedel (E330), socker, lök, citronjuicepulver), ättika, kryddor, konserveringsmedel (E211).",
    "storage": "",
    "allergens": "",
    "usage": "",
    "nutrition": [
      {
        "Näringsvärde": "Energi (kcal)",
        "100 Gram": "230 kcal"
      },
      {
        "Näringsvärde": "Energi (kJ)",
        "100 Gram": "950 kJ"
      },
      {
        "Näringsvärde": "Fett",
        "100 Gram": "8.9 g"
      },
      {
        "Näringsvärde": "Varav fleromättat fett",
        "100 Gram": "2.6 g"
      },
      {
        "Näringsvärde": "Varav mättat fett",
        "100 Gram": "2.4 g"
      },
      {
        "Näringsvärde": "Varav enkelomättat fett",
        "100 Gram": "3.1 g"
      },
      {
        "Näringsvärde": "Kolhydrat",
        "100 Gram": "29 g"
      },
      {
        "Näringsvärde": "Varav sockerarter",
        "100 Gram": "21 g"
      },
      {
        "Näringsvärde": "Protein",
        "100 Gram": "7.7 g"
      },
      {
        "Näringsvärde": "Salt",
        "100 Gram": "1.9 g"
      }
    ],
    "nutritionUnitText": "Näringsvärde per 100 gram",
    "categories": {
      "mainCategory": "Fisk & Skaldjur",
      "subCategories": [
        {
          "name": "Sill & Ansjovis",
          "subSubCategories": [
            "Inlagd sill"
          ]
        }
      ]
    }
  },
  {
    "name": "Crispy fish 480g ICA",
    "weightText": "0.48 kg",
    "caPart": "",
    "weightValue": 0.48,
    "weightUnit": "kg",
    "comparePrice": "106,15 kr/kg",
    "currentPrice": 50.95,
    "attributes": [
      "MSC-märkt"
    ],
    "imgUrl": "https://handlaprivatkund.ica.se/images-v3/bf7a00ca-390e-4769-865f-dc369586872e/3b19a07a-5331-4c25-8cee-2c55a294fb9d/500x500.jpg",
    "productInformation": "ICA Crispy Fish är tempurapanerade fiskfiléer från kummel. Enkla att tillaga i ugnen och passar utmärkt till Fish and Chips, potatismos eller fisk-tacos.",
    "countryText": "",
    "companyText": "ICA",
    "ingrediensText": "STILLAHAVSKUMMEL* (Merluccius productus) 54 %, vatten, ströbröd (VETEMJÖL, jäst, salt, druvsocker), tempura (VETEMJÖL, majsstärkelse, salt, VETESTÄRKELSE, bakpulver (E450i, E500ii), druvsocker), rapsolja, lök, salt. *Fiskad med trål. Fångstzon Nordöstra Stilla Havet FAO67.",
    "storage": "Lägsta förvaringstemperatur -25°C Högsta förvaringstemperatur -18°C",
    "allergens": "Innehåller Fisk Innehåller Spannmål som innehåller gluten",
    "usage": "",
    "nutrition": [
      {
        "Näringsvärde": "Energi (kcal)",
        "100 Gram": "189 kcal"
      },
      {
        "Näringsvärde": "Energi (kJ)",
        "100 Gram": "793 kJ"
      },
      {
        "Näringsvärde": "Fett",
        "100 Gram": "9 g"
      },
      {
        "Näringsvärde": "Varav mättat fett",
        "100 Gram": "0.8 g"
      },
      {
        "Näringsvärde": "Kolhydrat",
        "100 Gram": "17 g"
      },
      {
        "Näringsvärde": "Varav sockerarter",
        "100 Gram": "0.5 g"
      },
      {
        "Näringsvärde": "Fiber",
        "100 Gram": "0.64 g"
      },
      {
        "Näringsvärde": "Protein",
        "100 Gram": "10 g"
      },
      {
        "Näringsvärde": "Salt",
        "100 Gram": "0.78 g"
      },
      {
        "Näringsvärde": "Natrium",
        "100 Gram": "351.5 mg"
      }
    ],
    "nutritionUnitText": "Näringsvärde per 100 gram",
    "categories": {
      "mainCategory": "Fisk & Skaldjur",
      "subCategories": [
        {
          "name": "Färdiga fiskrätter",
          "subSubCategories": [
            "Fiskpinnar & Panerad fisk",
            "Panerad fisk"
          ]
        }
      ]
    }
  },
  {
    "name": "Senapssill mild 250g Klädesholmen",
    "weightText": "0.125 kg",
    "caPart": "",
    "weightValue": 0.125,
    "weightUnit": "kg",
    "comparePrice": "196,00 kr/kg u. spad",
    "currentPrice": 24.5,
    "attributes": [],
    "imgUrl": "https://handlaprivatkund.ica.se/images-v3/bf7a00ca-390e-4769-865f-dc369586872e/95a2daaf-bd03-4be5-8c96-efbea909662f/500x500.jpg",
    "productInformation": "Ättiksmarinerad sill i sås på gult och brunt senapsfrö samt finhackad dill.",
    "countryText": "",
    "companyText": "Klädesholmen",
    "ingrediensText": "INGREDIENSER: Marinerad SILL (Clupea harengus) i bitar (SILL, ättika, salt, socker), vatten, socker, rapsolja, SENAPSFRÖ 5%, ättiksprit, ÄGGULA, salt, dill, gurkmeja, konserveringsmedel (E202, E211, E270), förtjockningsmedel (E412, E415). Kan innehålla spår av GLUTEN",
    "storage": "Förvaras kylt.",
    "allergens": "",
    "usage": "",
    "nutrition": [
      {
        "Näringsvärde": "Energi (kcal)",
        "100 Gram": "260 kcal"
      },
      {
        "Näringsvärde": "Energi (kJ)",
        "100 Gram": "1100 kJ"
      },
      {
        "Näringsvärde": "Fett",
        "100 Gram": "18 g"
      },
      {
        "Näringsvärde": "Varav mättat fett",
        "100 Gram": "1.9 g"
      },
      {
        "Näringsvärde": "Kolhydrat",
        "100 Gram": "17 g"
      },
      {
        "Näringsvärde": "Varav sockerarter",
        "100 Gram": "16 g"
      },
      {
        "Näringsvärde": "Protein",
        "100 Gram": "8 g"
      },
      {
        "Näringsvärde": "Salt",
        "100 Gram": "2.1 g"
      }
    ],
    "nutritionUnitText": "Näringsvärde per 100 gram",
    "categories": {
      "mainCategory": "Fisk & Skaldjur",
      "subCategories": [
        {
          "name": "Sill & Ansjovis",
          "subSubCategories": [
            "Inlagd sill"
          ]
        }
      ]
    }
  },
  {
    "name": "Inlagd sill 575g Klädesholmen",
    "weightText": "0.275 kg",
    "caPart": "",
    "weightValue": 0.275,
    "weightUnit": "kg",
    "comparePrice": "127,09 kr/kg u. spad",
    "currentPrice": 34.95,
    "attributes": [],
    "imgUrl": "https://handlaprivatkund.ica.se/images-v3/bf7a00ca-390e-4769-865f-dc369586872e/ff3d8e21-74d0-41d1-96e7-627d767f5ef4/500x500.jpg",
    "productInformation": "Inlagd Sill 575g Glas.",
    "countryText": "",
    "companyText": "Klädesholmen",
    "ingrediensText": "INGREDIENSER: Marinerad SILL (Clupea harengus) i bitar (SILL, ättika, salt), vatten, socker, lök, kryddpeppar, morot, ättika, kryddor, kryddextrakt, konserveringsmedel (E211).",
    "storage": "Förvaras kylt.",
    "allergens": "",
    "usage": "",
    "nutrition": [
      {
        "Näringsvärde": "Energi (kcal)",
        "100 Gram": "250 kcal"
      },
      {
        "Näringsvärde": "Energi (kJ)",
        "100 Gram": "1050 kJ"
      },
      {
        "Näringsvärde": "Fett",
        "100 Gram": "14 g"
      },
      {
        "Näringsvärde": "Varav fleromättat fett",
        "100 Gram": "3.4 g"
      },
      {
        "Näringsvärde": "Varav mättat fett",
        "100 Gram": "3.3 g"
      },
      {
        "Näringsvärde": "Varav enkelomättat fett",
        "100 Gram": "5.6 g"
      },
      {
        "Näringsvärde": "Kolhydrat",
        "100 Gram": "19 g"
      },
      {
        "Näringsvärde": "Varav sockerarter",
        "100 Gram": "16 g"
      },
      {
        "Näringsvärde": "Protein",
        "100 Gram": "10 g"
      },
      {
        "Näringsvärde": "Salt",
        "100 Gram": "3 g"
      }
    ],
    "nutritionUnitText": "Näringsvärde per 100 gram",
    "categories": {
      "mainCategory": "Fisk & Skaldjur",
      "subCategories": [
        {
          "name": "Sill & Ansjovis",
          "subSubCategories": [
            "Inlagd sill"
          ]
        }
      ]
    }
  },
  {
    "name": "Krabba ca 600g ICA Gott Liv",
    "weightText": "Ca 0.6 kg",
    "caPart": "Ca",
    "weightValue": 0.6,
    "weightUnit": "kg",
    "comparePrice": "202,00 kr/kg",
    "currentPrice": 121.2,
    "attributes": [
      "Nyckelhålet"
    ],
    "imgUrl": "https://handlaprivatkund.ica.se/images-v3/bf7a00ca-390e-4769-865f-dc369586872e/bd487428-cb28-4751-aa22-0d8b9d1cb3e1/500x500.jpg",
    "productInformation": "Latinskt namn: Cancer pagurus. Ursprungsland: Irland",
    "countryText": "",
    "companyText": "ICA",
    "ingrediensText": "Ingredienser: KRABBA, salt, dill, citron",
    "storage": "",
    "allergens": "",
    "usage": "",
    "nutrition": [
      {
        "Näringsvärde": "Energi (kcal)",
        "100 Gram": "85 kcal"
      },
      {
        "Näringsvärde": "Energi (kJ)",
        "100 Gram": "358 kJ"
      },
      {
        "Näringsvärde": "Fett",
        "100 Gram": "0.9 g"
      },
      {
        "Näringsvärde": "Varav mättat fett",
        "100 Gram": "0.5 g"
      },
      {
        "Näringsvärde": "Kolhydrat",
        "100 Gram": "0 g"
      },
      {
        "Näringsvärde": "Varav sockerarter",
        "100 Gram": "0 g"
      },
      {
        "Näringsvärde": "Protein",
        "100 Gram": "19.1 g"
      },
      {
        "Näringsvärde": "Salt",
        "100 Gram": "1.5 g"
      }
    ],
    "nutritionUnitText": "Näringsvärde per 100 gram",
    "categories": {
      "mainCategory": "Fisk & Skaldjur",
      "subCategories": [
        {
          "name": "Skaldjur",
          "subSubCategories": [
            "Övriga skaldjur",
            "Övriga färska skaldjur"
          ]
        }
      ]
    }
  },
  {
    "name": "Räkor kedjepack Fryst 400g Royal Greenland",
    "weightText": "0.4 kg",
    "caPart": "",
    "weightValue": 0.4,
    "weightUnit": "kg",
    "comparePrice": "270,00 kr/kg",
    "currentPrice": 108,
    "attributes": [
      "Nyckelhålet",
      "MSC-märkt"
    ],
    "imgUrl": "https://handlaprivatkund.ica.se/images-v3/bf7a00ca-390e-4769-865f-dc369586872e/90653468-dae6-4a5f-b56e-1aee6a6b1a0c/500x500.jpg",
    "productInformation": "Frysta skalade räkor från Royal Greenland, från MSC-certifierat fiske. Skalade räkor är en riktig delikatess med sin ljusrosa färg och sitt fasta, saftiga kött. Räkorna når sin fulla storlek efter 6 år, tack vare den långsamma tillväxten får smak och konsistens tid att utvecklas. De har en hög halt av protein och låg fetthalt, vilket gör dem till ett hälsosamt val. För att bevara fräschören bör de tinas långsamt i kyl. Royal Greenlands räkor smakar friskt av saltvatten med en söt eftersmak. Den fräscha smaken kan gärna kompletteras med milda, feta eller syrliga smaker, t ex kalla rätter, inklusive sallader, smörgåsar och aptitretare eller som garnering. Räkorna är förpackade i ett kedjepack som gör det enkelt att klippa bort önskad mängd att tina. Latinskt namn: Pandalus borealis. Fångstområde: Fiskad i nordöstra Atlanten (FAO 27). För mer information & recept besök www.royalgreenland.se. Vi finns även på Facebook www.facebook.com/RoyalGreenlandSverige/ eller Instagram @Royalgreenland",
    "countryText": "",
    "companyText": "Royal Greenland",
    "ingrediensText": "INGREDIENSER: Räkor (KRÄFTDJUR) (Pandalus borealis), kokta och skalade, salt. Vatten (skyddande glasering). Fångade i Nordvästra Atlanten.",
    "storage": "Lägsta förvaringstemperatur -21°C Högsta förvaringstemperatur -18°C",
    "allergens": "Innehåller Kräftdjur",
    "usage": "",
    "nutrition": [
      {
        "Näringsvärde": "Energi (kcal)",
        "100 Gram": "66 kcal"
      },
      {
        "Näringsvärde": "Energi (kJ)",
        "100 Gram": "281 kJ"
      },
      {
        "Näringsvärde": "Fett",
        "100 Gram": "0.7 g"
      },
      {
        "Näringsvärde": "Varav mättat fett",
        "100 Gram": "0.1 g"
      },
      {
        "Näringsvärde": "Kolhydrat",
        "100 Gram": "0 g"
      },
      {
        "Näringsvärde": "Varav sockerarter",
        "100 Gram": "0 g"
      },
      {
        "Näringsvärde": "Protein",
        "100 Gram": "15 g"
      },
      {
        "Näringsvärde": "Salt",
        "100 Gram": "1.4 g"
      }
    ],
    "nutritionUnitText": "Näringsvärde per 100 gram",
    "categories": {
      "mainCategory": "Fisk & Skaldjur",
      "subCategories": [
        {
          "name": "Skaldjur",
          "subSubCategories": [
            "Räkor",
            "Frysta räkor"
          ]
        }
      ]
    }
  },
  {
    "name": "Brännvinssill 240g Abba",
    "weightText": "0.115 kg",
    "caPart": "",
    "weightValue": 0.115,
    "weightUnit": "kg",
    "comparePrice": "221,74 kr/kg u. spad",
    "currentPrice": 25.5,
    "attributes": [],
    "imgUrl": "https://handlaprivatkund.ica.se/images-v3/bf7a00ca-390e-4769-865f-dc369586872e/f4fe7bbe-33bb-4ff4-bdb6-43dcb61d79bc/500x500.jpg",
    "productInformation": "Abba Brännvinssill är en sill i klar lag med utvalda bitar sill smaksatta med apelsinskal, sillkryddor och en liten skvätt brännvin. Den här produkten innehåller sill (Clupea harengus) av högsta kvalitet som fiskas i Nordostatlanten och som enbart kommer från livskraftiga bestånd. Sillen lagras i vårt bergrum i Kungshamn på bohuslänska västkusten innan vi lägger in den med utvalda kryddor och smaksättningar för att du ska kunna njuta av din favorit. Sill passar lika bra till jul, påsk och midsommar som till en god snabblagad lunch eller middag eller varför inte brunch? Den här sillburken är märkt med symbolen lågt klimatavtryck, vill du veta mer? Läs mer på abba.se",
    "countryText": "",
    "companyText": "Abba",
    "ingrediensText": "SILL i bitar, socker, salt, apelsinskal (2,2%), ättika, naturlig arom (innehåller kanel), brännvin (0,5%), kryddpeppar, lökextrakt, syra (ättiksyra), konserveringsmedel (natriumbensoat, kaliumsorbat).",
    "storage": "I kylskåp max 8 °C. Öppnad produkt smakar bäst inom 14 dagar",
    "allergens": "",
    "usage": "",
    "nutrition": [
      {
        "Näringsvärde": "Energi (kcal)",
        "100 Gram": "253 kcal"
      },
      {
        "Näringsvärde": "Energi (kJ)",
        "100 Gram": "1059 kJ"
      },
      {
        "Näringsvärde": "Fett",
        "100 Gram": "13 g"
      },
      {
        "Näringsvärde": "Varav mättat fett",
        "100 Gram": "3.4 g"
      },
      {
        "Näringsvärde": "Kolhydrat",
        "100 Gram": "23 g"
      },
      {
        "Näringsvärde": "Varav sockerarter",
        "100 Gram": "22 g"
      },
      {
        "Näringsvärde": "Protein",
        "100 Gram": "11 g"
      },
      {
        "Näringsvärde": "Salt",
        "100 Gram": "3.2 g"
      }
    ],
    "nutritionUnitText": "Näringsvärde per 100 gram",
    "categories": {
      "mainCategory": "Fisk & Skaldjur",
      "subCategories": [
        {
          "name": "Sill & Ansjovis",
          "subSubCategories": [
            "Inlagd sill"
          ]
        }
      ]
    }
  },
  {
    "name": "Matjesfiléer 550g Klädesholmen",
    "weightText": "0.3 kg",
    "caPart": "",
    "weightValue": 0.3,
    "weightUnit": "kg",
    "comparePrice": "116,50 kr/kg u. spad",
    "currentPrice": 34.95,
    "attributes": [],
    "imgUrl": "https://handlaprivatkund.ica.se/images-v3/bf7a00ca-390e-4769-865f-dc369586872e/de1d0fcd-844f-4d43-a472-6e5808935ae8/500x500.jpg",
    "productInformation": "Klädesholmen Matjesfiléer 550g Glas.Kryddsillfiléer med dill inlagda enligt ett gammaltfamiljerecept.",
    "countryText": "",
    "companyText": "Klädesholmen",
    "ingrediensText": "Kryddad SILL (Clupea harengus) i filé (SILL, salt, socker, kryddor), vatten, socker, röd vinättika (rödvinsvinäger, ättika, vatten), ättika, kryddor, dill, konserveringsmedel (E211), kryddextrakter, arom.",
    "storage": "Förvaras kylt.",
    "allergens": "",
    "usage": "",
    "nutrition": [
      {
        "Näringsvärde": "Energi (kcal)",
        "100 Gram": "230 kcal"
      },
      {
        "Näringsvärde": "Energi (kJ)",
        "100 Gram": "950 kJ"
      },
      {
        "Näringsvärde": "Fett",
        "100 Gram": "14 g"
      },
      {
        "Näringsvärde": "Varav fleromättat fett",
        "100 Gram": "4.5 g"
      },
      {
        "Näringsvärde": "Varav mättat fett",
        "100 Gram": "4 g"
      },
      {
        "Näringsvärde": "Varav enkelomättat fett",
        "100 Gram": "6.5 g"
      },
      {
        "Näringsvärde": "Kolhydrat",
        "100 Gram": "15 g"
      },
      {
        "Näringsvärde": "Varav sockerarter",
        "100 Gram": "15 g"
      },
      {
        "Näringsvärde": "Protein",
        "100 Gram": "12 g"
      },
      {
        "Näringsvärde": "Salt",
        "100 Gram": "6 g"
      }
    ],
    "nutritionUnitText": "Näringsvärde per 100 gram",
    "categories": {
      "mainCategory": "Fisk & Skaldjur",
      "subCategories": [
        {
          "name": "Sill & Ansjovis",
          "subSubCategories": [
            "Inlagd sill"
          ]
        }
      ]
    }
  },
  {
    "name": "Löksill 250g Klädesholmen",
    "weightText": "0.125 kg",
    "caPart": "",
    "weightValue": 0.125,
    "weightUnit": "kg",
    "comparePrice": "196,00 kr/kg u. spad",
    "currentPrice": 24.5,
    "attributes": [
      "MSC-märkt"
    ],
    "imgUrl": "https://handlaprivatkund.ica.se/images-v3/bf7a00ca-390e-4769-865f-dc369586872e/fdfc256b-706f-463e-b7ba-8b11b435fa1f/500x500.jpg",
    "productInformation": "Ättiksmarinerad sill med lök och kryddpeppar i en klar lag.",
    "countryText": "",
    "companyText": "Klädesholmen",
    "ingrediensText": "INGREDIENSER: Marinerad SILL (Clupea harengus) i bitar (SILL, ättika, salt), vatten, socker, lök 3,2%, kryddpeppar, ättika, konserveringsmedel (E211).",
    "storage": "Förvaras kylt.",
    "allergens": "",
    "usage": "",
    "nutrition": [
      {
        "Näringsvärde": "Energi (kcal)",
        "100 Gram": "250 kcal"
      },
      {
        "Näringsvärde": "Energi (kJ)",
        "100 Gram": "1050 kJ"
      },
      {
        "Näringsvärde": "Fett",
        "100 Gram": "14 g"
      },
      {
        "Näringsvärde": "Varav mättat fett",
        "100 Gram": "3.3 g"
      },
      {
        "Näringsvärde": "Kolhydrat",
        "100 Gram": "19 g"
      },
      {
        "Näringsvärde": "Varav sockerarter",
        "100 Gram": "16 g"
      },
      {
        "Näringsvärde": "Protein",
        "100 Gram": "10 g"
      },
      {
        "Näringsvärde": "Salt",
        "100 Gram": "3 g"
      }
    ],
    "nutritionUnitText": "Näringsvärde per 100 gram",
    "categories": {
      "mainCategory": "Fisk & Skaldjur",
      "subCategories": [
        {
          "name": "Sill & Ansjovis",
          "subSubCategories": [
            "Inlagd sill"
          ]
        }
      ]
    }
  },
  {
    "name": "Svartvinbärssill 250g Klädesholmen",
    "weightText": "0.125 kg",
    "caPart": "",
    "weightValue": 0.125,
    "weightUnit": "kg",
    "comparePrice": "196,00 kr/kg u. spad",
    "currentPrice": 24.5,
    "attributes": [
      "MSC-märkt"
    ],
    "imgUrl": "https://handlaprivatkund.ica.se/images-v3/bf7a00ca-390e-4769-865f-dc369586872e/a76b7b67-9a68-4134-b335-bc912e54b95b/500x500.jpg",
    "productInformation": "”Marinerad sill med lök och kryddpeppar samt smak av svarta vinbär.",
    "countryText": "",
    "companyText": "Klädesholmen",
    "ingrediensText": "INGREDIENSER: Marinerad SILL (Clupea harengus) i bitar (SILL, ättika, salt), socker, vatten, lök, svarta vinbär 0,5%, kryddpeppar, ättika, vitlök, kryddor, konserveringsmedel (E211), kryddextrakt, aromer.",
    "storage": "Förvaras Kylt.",
    "allergens": "",
    "usage": "",
    "nutrition": [
      {
        "Näringsvärde": "Energi (kcal)",
        "100 Gram": "250 kcal"
      },
      {
        "Näringsvärde": "Energi (kJ)",
        "100 Gram": "1050 kJ"
      },
      {
        "Näringsvärde": "Fett",
        "100 Gram": "14 g"
      },
      {
        "Näringsvärde": "Varav mättat fett",
        "100 Gram": "3.1 g"
      },
      {
        "Näringsvärde": "Kolhydrat",
        "100 Gram": "28 g"
      },
      {
        "Näringsvärde": "Varav sockerarter",
        "100 Gram": "27 g"
      },
      {
        "Näringsvärde": "Protein",
        "100 Gram": "8 g"
      },
      {
        "Näringsvärde": "Salt",
        "100 Gram": "3 g"
      }
    ],
    "nutritionUnitText": "Näringsvärde per 100 gram",
    "categories": {
      "mainCategory": "Fisk & Skaldjur",
      "subCategories": [
        {
          "name": "Sill & Ansjovis",
          "subSubCategories": [
            "Inlagd sill"
          ]
        }
      ]
    }
  },
  {
    "name": "Laxfilé Färsk Varmrökt Citronpeppar 125g Miljömärkt Korshags",
    "weightText": "0.125 kg",
    "caPart": "",
    "weightValue": 0.125,
    "weightUnit": "kg",
    "comparePrice": "559,60 kr/kg",
    "currentPrice": 69.95,
    "attributes": [
      "Nyckelhålet"
    ],
    "imgUrl": "https://handlaprivatkund.ica.se/images-v3/bf7a00ca-390e-4769-865f-dc369586872e/809e13fe-63f9-4bf4-a2f4-05626761c785/500x500.jpg",
    "productInformation": "Varmrökt lax av högsta kvalité. Färskrökt för hand i Falkenberg med enbär, färskflisad alved från Halland och helt utan tillsatser. Klassiskt kryddad med citronpeppar. Klar att ätas i en sallad eller brytas i en pasta. Hållbart odlad (ASC) och nyckelhålsmärkt. Korshags började 1937 med en liten fiskbutik i Falkenberg och rymmer idag tre generationer av kunskap, hantverk och nyfikenhet. Och det är vår genuina kärlek till råvarorna, maten och havet som genomsyrar allt vi gör.",
    "countryText": "",
    "companyText": "Korshags",
    "ingrediensText": "LAX, salt, svartpeppar, citronjuicepulver, socker, citronskal, vitlök.",
    "storage": "",
    "allergens": "",
    "usage": "",
    "nutrition": [
      {
        "Näringsvärde": "Energi (kcal)",
        "100 Gram": "240 kcal"
      },
      {
        "Näringsvärde": "Energi (kJ)",
        "100 Gram": "1000 kJ"
      },
      {
        "Näringsvärde": "Fett",
        "100 Gram": "17 g"
      },
      {
        "Näringsvärde": "Varav fleromättat fett",
        "100 Gram": "4.6 g"
      },
      {
        "Näringsvärde": "Varav mättat fett",
        "100 Gram": "2.4 g"
      },
      {
        "Näringsvärde": "Varav enkelomättat fett",
        "100 Gram": "8.5 g"
      },
      {
        "Näringsvärde": "Kolhydrat",
        "100 Gram": "0.5 g"
      },
      {
        "Näringsvärde": "Varav sockerarter",
        "100 Gram": "0.14 g"
      },
      {
        "Näringsvärde": "Protein",
        "100 Gram": "23.2 g"
      },
      {
        "Näringsvärde": "Salt",
        "100 Gram": "1.8 g"
      }
    ],
    "nutritionUnitText": "Näringsvärde per 100 gram",
    "categories": {
      "mainCategory": "Jul",
      "subCategories": [
        {
          "name": "Julmat",
          "subSubCategories": [
            "Lax & Gravlaxsås"
          ]
        }
      ]
    }
  },
  {
    "name": "Torskfilé 400g Ullmo",
    "weightText": "0.4 kg",
    "caPart": "",
    "weightValue": 0.4,
    "weightUnit": "kg",
    "comparePrice": "199,88 kr/kg",
    "currentPrice": 79.95,
    "attributes": [
      "MSC-märkt"
    ],
    "imgUrl": "https://handlaprivatkund.ica.se/images-v3/bf7a00ca-390e-4769-865f-dc369586872e/109b94dc-9fd9-4bbc-9f9b-311c1d05f337/500x500.jpg",
    "productInformation": "",
    "countryText": "",
    "companyText": "Ullmo",
    "ingrediensText": "Renskurna filébitar av TORSK* [Gadus morhua]. *Fiskad med trål i Nordostatlanten / Barents hav & Norska havet FAO 27.",
    "storage": "Lägsta förvaringstemperatur -20°C Högsta förvaringstemperatur -18°C",
    "allergens": "",
    "usage": "",
    "nutrition": [
      {
        "Näringsvärde": "Energi (kcal)",
        "100 Gram": "78 kcal"
      },
      {
        "Näringsvärde": "Energi (kJ)",
        "100 Gram": "328 kJ"
      },
      {
        "Näringsvärde": "Fett",
        "100 Gram": "0.5 g"
      },
      {
        "Näringsvärde": "Varav mättat fett",
        "100 Gram": "0.1 g"
      },
      {
        "Näringsvärde": "Kolhydrat",
        "100 Gram": "0 g"
      },
      {
        "Näringsvärde": "Varav sockerarter",
        "100 Gram": "0 g"
      },
      {
        "Näringsvärde": "Protein",
        "100 Gram": "18.2 g"
      },
      {
        "Näringsvärde": "Salt",
        "100 Gram": "0.2 g"
      }
    ],
    "nutritionUnitText": "Näringsvärde per 100 gram",
    "categories": {
      "mainCategory": "Fryst",
      "subCategories": [
        {
          "name": "Fryst fisk & Skaldjur",
          "subSubCategories": [
            "Fryst torsk & vitfisk"
          ]
        }
      ]
    }
  },
  {
    "name": "5-minuters sillfilé 430g Abba",
    "weightText": "0.21 kg",
    "caPart": "",
    "weightValue": 0.21,
    "weightUnit": "kg",
    "comparePrice": "218,81 kr/kg u. spad",
    "currentPrice": 45.95,
    "attributes": [],
    "imgUrl": "https://handlaprivatkund.ica.se/images-v3/bf7a00ca-390e-4769-865f-dc369586872e/ae69c187-101d-4432-a4d0-a2e29694480d/500x500.jpg",
    "productInformation": "Abba 5-minuterssill hela filéer är en färdig inläggningssill som är klar att smaksätta direkt! Skär upp sillen i snygga bitar och smaksätt med valfritt recept så kan du skapa en god och enkel inlagd sill på nolltid. Vår 5-min sill (Clupea harengus) är av högsta kvalitet och fiskas i Nordostatlanten och kommer enbart från livskraftiga bestånd. Sillen lagras i vårt bergrum i Kungshamn på bohuslänska västkusten innan den hamnar i förpackningen. Den här sillen är märkt med symbolen lågt klimatavtryck, vill du veta mer? Läs mer på abba.se. Vill du briljera med goda och enkla sillinläggningar till nästa julfirande, påsk eller midsommar? Då är detta produkten för dig!",
    "countryText": "",
    "companyText": "Abba",
    "ingrediensText": "SILLfiléer, socker, salt, ättika, naturlig arom (innehåller kanel), syra (ättiksyra), konserveringsmedel (natriumbensoat).",
    "storage": "I kylskåp max 8 °C",
    "allergens": "",
    "usage": "",
    "nutrition": [
      {
        "Näringsvärde": "Energi (kcal)",
        "100 Gram": "268 kcal"
      },
      {
        "Näringsvärde": "Energi (kJ)",
        "100 Gram": "1124 kJ"
      },
      {
        "Näringsvärde": "Fett",
        "100 Gram": "13 g"
      },
      {
        "Näringsvärde": "Varav mättat fett",
        "100 Gram": "3.4 g"
      },
      {
        "Näringsvärde": "Kolhydrat",
        "100 Gram": "27 g"
      },
      {
        "Näringsvärde": "Varav sockerarter",
        "100 Gram": "26 g"
      },
      {
        "Näringsvärde": "Protein",
        "100 Gram": "11 g"
      },
      {
        "Näringsvärde": "Salt",
        "100 Gram": "3.6 g"
      }
    ],
    "nutritionUnitText": "Näringsvärde per 100 gram",
    "categories": {
      "mainCategory": "Fisk & Skaldjur",
      "subCategories": [
        {
          "name": "Sill & Ansjovis",
          "subSubCategories": [
            "Inläggningssill"
          ]
        }
      ]
    }
  },
  {
    "name": "Rökta musslor 105g Abba",
    "weightText": "0.09 kg",
    "caPart": "",
    "weightValue": 0.09,
    "weightUnit": "kg",
    "comparePrice": "416,67 kr/kg u. spad",
    "currentPrice": 37.5,
    "attributes": [
      "Nyckelhålet"
    ],
    "imgUrl": "https://handlaprivatkund.ica.se/images-v3/bf7a00ca-390e-4769-865f-dc369586872e/fb3bded3-a6fb-4072-8f6f-ffc9079e3752/500x500.jpg",
    "productInformation": "",
    "countryText": "",
    "companyText": "Abba",
    "ingrediensText": "Rökta BLÅMUSSLOR utan skal, solrosolja.",
    "storage": "Helkonserv Lägsta förvaringstemperatur 5°C Högsta förvaringstemperatur 25°C",
    "allergens": "",
    "usage": "",
    "nutrition": [
      {
        "Näringsvärde": "Energi (kcal)",
        "100 Gram": "166 kcal"
      },
      {
        "Näringsvärde": "Energi (kJ)",
        "100 Gram": "700 kJ"
      },
      {
        "Näringsvärde": "Fett",
        "100 Gram": "4.3 g"
      },
      {
        "Näringsvärde": "Varav mättat fett",
        "100 Gram": "0.3 g"
      },
      {
        "Näringsvärde": "Kolhydrat",
        "100 Gram": "8.2 g"
      },
      {
        "Näringsvärde": "Varav sockerarter",
        "100 Gram": "0.5 g"
      },
      {
        "Näringsvärde": "Protein",
        "100 Gram": "24 g"
      },
      {
        "Näringsvärde": "Salt",
        "100 Gram": "1.2 g"
      }
    ],
    "nutritionUnitText": "",
    "categories": {
      "mainCategory": "Fisk & Skaldjur",
      "subCategories": [
        {
          "name": "Skaldjur",
          "subSubCategories": [
            "Musslor",
            "Färska musslor"
          ]
        }
      ]
    }
  },
  {
    "name": "5-minuterssill i bitar 430g Abba",
    "weightText": "0.215 kg",
    "caPart": "",
    "weightValue": 0.215,
    "weightUnit": "kg",
    "comparePrice": "213,72 kr/kg u. spad",
    "currentPrice": 45.95,
    "attributes": [],
    "imgUrl": "https://handlaprivatkund.ica.se/images-v3/bf7a00ca-390e-4769-865f-dc369586872e/e80ce211-f35b-464b-969d-c4eddd2d9322/500x500.jpg",
    "productInformation": "Abba 5-minuterssill i bitar är en färdig inläggningssill som är klar att smaksätta direkt! Den här produkten är knepet för en skapa en god och lyckad inlagd sill på nolltid. Vår 5-minsill (Clupea harengus) är av högsta kvalitet och fiskas i Nordostatlanten och kommer enbart från livskraftiga bestånd. Sillen lagras i vårt bergrum i Kungshamn på bohuslänska västkusten innan den hamnar i förpackningen. Den här sillen är märkt med symbolen lågt klimatavtryck, vill du veta mer? Läs mer på abba.se. Vill du briljera med goda och enkla sillinläggningar till nästa julfirande, påsk eller midsommar? Då är detta produkten för dig!",
    "countryText": "",
    "companyText": "Abba",
    "ingrediensText": "SILL i bitar, socker, salt, ättika, naturlig arom (innehåller kanel), syra (ättiksyra), konserveringsmedel (natriumbensoat).",
    "storage": "I kylskåp max 8 °C",
    "allergens": "",
    "usage": "",
    "nutrition": [
      {
        "Näringsvärde": "Energi (kcal)",
        "100 Gram": "268 kcal"
      },
      {
        "Näringsvärde": "Energi (kJ)",
        "100 Gram": "1124 kJ"
      },
      {
        "Näringsvärde": "Fett",
        "100 Gram": "13 g"
      },
      {
        "Näringsvärde": "Varav mättat fett",
        "100 Gram": "3.4 g"
      },
      {
        "Näringsvärde": "Kolhydrat",
        "100 Gram": "27 g"
      },
      {
        "Näringsvärde": "Varav sockerarter",
        "100 Gram": "26 g"
      },
      {
        "Näringsvärde": "Protein",
        "100 Gram": "11 g"
      },
      {
        "Näringsvärde": "Salt",
        "100 Gram": "3.6 g"
      }
    ],
    "nutritionUnitText": "Näringsvärde per 100 gram",
    "categories": {
      "mainCategory": "Fisk & Skaldjur",
      "subCategories": [
        {
          "name": "Sill & Ansjovis",
          "subSubCategories": [
            "Inläggningssill"
          ]
        }
      ]
    }
  },
  {
    "name": "Blåmusslor i lake Miljömärkt 170g ICA",
    "weightText": "0.17 kg",
    "caPart": "",
    "weightValue": 0.17,
    "weightUnit": "kg",
    "comparePrice": "176,18 kr/kg u. spad",
    "currentPrice": 29.95,
    "attributes": [],
    "imgUrl": "https://handlaprivatkund.ica.se/images-v3/bf7a00ca-390e-4769-865f-dc369586872e/ac08ce27-8f01-414f-9167-7a8569520a51/500x500.jpg",
    "productInformation": "",
    "countryText": "",
    "companyText": "ICA",
    "ingrediensText": "Chilensk BLÅMUSSLA (Mytilus chilensis), vatten, salt, socker, konserveringsmedel (E211, E202), surhetsreglerande medel (E330). Blåmusslor odlade i Chile.",
    "storage": "",
    "allergens": "Innehåller Blötdjur",
    "usage": "Öppnad förpackning konsumeras inom 3 dagar.",
    "nutrition": [
      {
        "Näringsvärde": "Energi (kcal)",
        "100 Gram": "110 kcal"
      },
      {
        "Näringsvärde": "Energi (kJ)",
        "100 Gram": "450 kJ"
      },
      {
        "Näringsvärde": "Fett",
        "100 Gram": "3.3 g"
      },
      {
        "Näringsvärde": "Varav mättat fett",
        "100 Gram": "0.5 g"
      },
      {
        "Näringsvärde": "Kolhydrat",
        "100 Gram": "2.3 g"
      },
      {
        "Näringsvärde": "Varav sockerarter",
        "100 Gram": "0.5 g"
      },
      {
        "Näringsvärde": "Protein",
        "100 Gram": "19 g"
      },
      {
        "Näringsvärde": "Salt",
        "100 Gram": "0.7 g"
      }
    ],
    "nutritionUnitText": "Näringsvärde per 100 gram",
    "categories": {
      "mainCategory": "Fisk & Skaldjur",
      "subCategories": [
        {
          "name": "Skaldjur",
          "subSubCategories": [
            "Musslor",
            "Musslor i lake"
          ]
        }
      ]
    }
  },
  {
    "name": "Makrillfilé Färsk Svartpeppar ca 250g Korshags",
    "weightText": "Ca 0.25 kg",
    "caPart": "Ca",
    "weightValue": 0.25,
    "weightUnit": "kg",
    "comparePrice": "232,00 kr/kg",
    "currentPrice": 58,
    "attributes": [
      "Nyckelhålet"
    ],
    "imgUrl": "https://handlaprivatkund.ica.se/images-v3/bf7a00ca-390e-4769-865f-dc369586872e/77151a11-10ba-40ce-8edd-ccb9721ccb00/500x500.jpg",
    "productInformation": "",
    "countryText": "",
    "companyText": "Korshags",
    "ingrediensText": "Ingredienser: MAKRILLFILÈ, salt, svartpeppar",
    "storage": "",
    "allergens": "",
    "usage": "",
    "nutrition": [
      {
        "Näringsvärde": "Energi (kcal)",
        "100 Gram": "240 kcal"
      },
      {
        "Näringsvärde": "Energi (kJ)",
        "100 Gram": "1000 kJ"
      },
      {
        "Näringsvärde": "Fett",
        "100 Gram": "17.8 g"
      },
      {
        "Näringsvärde": "Varav fleromättat fett",
        "100 Gram": "5.3 g"
      },
      {
        "Näringsvärde": "Varav mättat fett",
        "100 Gram": "5.1 g"
      },
      {
        "Näringsvärde": "Varav enkelomättat fett",
        "100 Gram": "5.8 g"
      },
      {
        "Näringsvärde": "Kolhydrat",
        "100 Gram": "0.5 g"
      },
      {
        "Näringsvärde": "Varav sockerarter",
        "100 Gram": "0.1 g"
      },
      {
        "Näringsvärde": "Protein",
        "100 Gram": "20.9 g"
      },
      {
        "Näringsvärde": "Salt",
        "100 Gram": "1.2 g"
      }
    ],
    "nutritionUnitText": "Näringsvärde per 100 gram",
    "categories": {
      "mainCategory": "Fisk & Skaldjur",
      "subCategories": [
        {
          "name": "Fisk",
          "subSubCategories": [
            "Övrig fisk",
            "Övrig färsk fisk"
          ]
        }
      ]
    }
  },
  {
    "name": "Caviar ishavsrom av lodda 75g ICA",
    "weightText": "0.075 kg",
    "caPart": "",
    "weightValue": 0.075,
    "weightUnit": "kg",
    "comparePrice": "393,33 kr/kg",
    "currentPrice": 29.5,
    "attributes": [
      "MSC-märkt"
    ],
    "imgUrl": "https://handlaprivatkund.ica.se/images-v3/bf7a00ca-390e-4769-865f-dc369586872e/e5e054b5-e2a8-42b3-87b4-2a755c26d565/500x500.jpg",
    "productInformation": "Äggvitefärgad och finkornig rom av lodda som fiskats i Nordostatlanten.",
    "countryText": "",
    "companyText": "ICA",
    "ingrediensText": "Saltad ROM av lodda* (Mallotus villosus) 85%, vatten, rapsolja, stabiliseringsmedel (E415), konserveringsmedel (E211, E202) och surhetsreglerande medel (E330). *Fångad i Nordostatlanten, fångstzon 27",
    "storage": "",
    "allergens": "",
    "usage": "",
    "nutrition": [
      {
        "Näringsvärde": "Energi (kcal)",
        "100 Gram": "70 kcal"
      },
      {
        "Näringsvärde": "Energi (kJ)",
        "100 Gram": "280 kJ"
      },
      {
        "Näringsvärde": "Fett",
        "100 Gram": "4.5 g"
      },
      {
        "Näringsvärde": "Varav mättat fett",
        "100 Gram": "0.8 g"
      },
      {
        "Näringsvärde": "Kolhydrat",
        "100 Gram": "1 g"
      },
      {
        "Näringsvärde": "Varav sockerarter",
        "100 Gram": "0 g"
      },
      {
        "Näringsvärde": "Protein",
        "100 Gram": "6.5 g"
      },
      {
        "Näringsvärde": "Salt",
        "100 Gram": "5 g"
      }
    ],
    "nutritionUnitText": "Näringsvärde per 100 gram",
    "categories": {
      "mainCategory": "Fisk & Skaldjur",
      "subCategories": [
        {
          "name": "Kaviar & Rom",
          "subSubCategories": [
            "Färsk rom"
          ]
        }
      ]
    }
  },
  {
    "name": "Ansjoviskryddad sillfilé 575g Klädesholmen",
    "weightText": "0.325 kg",
    "caPart": "",
    "weightValue": 0.325,
    "weightUnit": "kg",
    "comparePrice": "107,54 kr/kg u. spad",
    "currentPrice": 34.95,
    "attributes": [],
    "imgUrl": "https://handlaprivatkund.ica.se/images-v3/bf7a00ca-390e-4769-865f-dc369586872e/c5f8a78b-4ea9-4851-886c-490682465ae5/500x500.jpg",
    "productInformation": "Klädesholmen Ansjoviskryddad Sillfilé 550g Glas.Kryddsillsfiléer med lök, dill och kryddpeppar i ensås på traditionellt vis.",
    "countryText": "",
    "companyText": "Klädesholmen",
    "ingrediensText": "INGREDIENSER: Kryddad SILL (Clupea harengus), i filé (SILL, salt, socker, kryddor), vatten, socker, salt, röd vinättika (rödvinsvinäger, ättika, vatten), konserveringsmedel (E211), kryddor, kryddextrakt, arom.",
    "storage": "Förvaras kylt.",
    "allergens": "",
    "usage": "",
    "nutrition": [
      {
        "Näringsvärde": "Energi (kcal)",
        "100 Gram": "200 kcal"
      },
      {
        "Näringsvärde": "Energi (kJ)",
        "100 Gram": "840 kJ"
      },
      {
        "Näringsvärde": "Fett",
        "100 Gram": "10 g"
      },
      {
        "Näringsvärde": "Varav fleromättat fett",
        "100 Gram": "2.3 g"
      },
      {
        "Näringsvärde": "Varav mättat fett",
        "100 Gram": "3.4 g"
      },
      {
        "Näringsvärde": "Varav enkelomättat fett",
        "100 Gram": "4.2 g"
      },
      {
        "Näringsvärde": "Kolhydrat",
        "100 Gram": "15 g"
      },
      {
        "Näringsvärde": "Varav sockerarter",
        "100 Gram": "15 g"
      },
      {
        "Näringsvärde": "Protein",
        "100 Gram": "15 g"
      },
      {
        "Näringsvärde": "Salt",
        "100 Gram": "6.7 g"
      }
    ],
    "nutritionUnitText": "Näringsvärde per 100 gram",
    "categories": {
      "mainCategory": "Fisk & Skaldjur",
      "subCategories": [
        {
          "name": "Sill & Ansjovis",
          "subSubCategories": [
            "Inlagd sill"
          ]
        }
      ]
    }
  },
  {
    "name": "Havskräftor Små Färska 500g ICA",
    "weightText": "0.5 kg",
    "caPart": "",
    "weightValue": 0.5,
    "weightUnit": "kg",
    "comparePrice": "195,90 kr/kg",
    "currentPrice": 97.95,
    "attributes": [
      "MSC-märkt"
    ],
    "imgUrl": "https://handlaprivatkund.ica.se/images-v3/bf7a00ca-390e-4769-865f-dc369586872e/9078d317-99b7-4c71-b0da-7fdd733e9b11/500x500.jpg",
    "productInformation": "Svenskmärkta havskräftor, en mindre storlek men med mycket smak!",
    "countryText": "",
    "companyText": "ICA",
    "ingrediensText": "Ingredienser: HAVSKRÄFTOR* (Nephrops norvegicus), vatten, salt, dillarom, surhetsreglerande medel (E330), konserveringsmedel (E211, E202). *Fångade med trål i Nordostatlanten, fångstzon 27. llla Skagerrak Kattegatt.",
    "storage": "",
    "allergens": "",
    "usage": "",
    "nutrition": [
      {
        "Näringsvärde": "Energi (kcal)",
        "100 Gram": "80 kcal"
      },
      {
        "Näringsvärde": "Energi (kJ)",
        "100 Gram": "320 kJ"
      },
      {
        "Näringsvärde": "Fett",
        "100 Gram": "0.8 g"
      },
      {
        "Näringsvärde": "Varav mättat fett",
        "100 Gram": "0.5 g"
      },
      {
        "Näringsvärde": "Kolhydrat",
        "100 Gram": "0.5 g"
      },
      {
        "Näringsvärde": "Varav sockerarter",
        "100 Gram": "0.5 g"
      },
      {
        "Näringsvärde": "Protein",
        "100 Gram": "17 g"
      },
      {
        "Näringsvärde": "Salt",
        "100 Gram": "2.8 g"
      }
    ],
    "nutritionUnitText": "Näringsvärde per 100 gram",
    "categories": {
      "mainCategory": "Fisk & Skaldjur",
      "subCategories": [
        {
          "name": "Skaldjur",
          "subSubCategories": [
            "Kräftor",
            "Färska kräftor"
          ]
        }
      ]
    }
  },
  {
    "name": "Räkor kokta färska 400g ICA",
    "weightText": "0.4 kg",
    "caPart": "",
    "weightValue": 0.4,
    "weightUnit": "kg",
    "comparePrice": "199,88 kr/kg",
    "currentPrice": 79.95,
    "attributes": [
      "MSC-märkt"
    ],
    "imgUrl": "https://handlaprivatkund.ica.se/images-v3/bf7a00ca-390e-4769-865f-dc369586872e/b2c3ed22-9785-4878-bbf2-ecf31ffd661e/500x500.jpg",
    "productInformation": "Kokta räkor från ett MSC-certifierat fiske. Färdiga att servera. Passar utmärkt tillsammans med aioli och ett gott bröd.",
    "countryText": "",
    "companyText": "ICA",
    "ingrediensText": "Ingredienser: RÄKOR (Pandalus borealis), salt",
    "storage": "",
    "allergens": "",
    "usage": "",
    "nutrition": [
      {
        "Näringsvärde": "Energi (kcal)",
        "100 Gram": "100 kcal"
      },
      {
        "Näringsvärde": "Energi (kJ)",
        "100 Gram": "430 kJ"
      },
      {
        "Näringsvärde": "Fett",
        "100 Gram": "1.5 g"
      },
      {
        "Näringsvärde": "Varav mättat fett",
        "100 Gram": "0.5 g"
      },
      {
        "Näringsvärde": "Kolhydrat",
        "100 Gram": "0 g"
      },
      {
        "Näringsvärde": "Varav sockerarter",
        "100 Gram": "0 g"
      },
      {
        "Näringsvärde": "Protein",
        "100 Gram": "22 g"
      },
      {
        "Näringsvärde": "Salt",
        "100 Gram": "2.4 g"
      }
    ],
    "nutritionUnitText": "Näringsvärde per 100 gram",
    "categories": {
      "mainCategory": "Fisk & Skaldjur",
      "subCategories": [
        {
          "name": "Skaldjur",
          "subSubCategories": [
            "Räkor",
            "Färska räkor"
          ]
        }
      ]
    }
  },
  {
    "name": "Torskfilé sprödbakad 350g Norway Seafoods",
    "weightText": "0.35 kg",
    "caPart": "",
    "weightValue": 0.35,
    "weightUnit": "kg",
    "comparePrice": "254,14 kr/kg",
    "currentPrice": 88.95,
    "attributes": [
      "Glutenfritt",
      "Nyckelhålet",
      "MSC-märkt"
    ],
    "imgUrl": "https://handlaprivatkund.ica.se/images-v3/bf7a00ca-390e-4769-865f-dc369586872e/5e99eec2-9af6-404b-a4ad-e0c473965b11/500x500.jpg",
    "productInformation": "",
    "countryText": "",
    "companyText": "Norway Seafoods",
    "ingrediensText": "70% TORSK* (Gadus morhua) og 30% glutenfri panering (rismjöl, vatten, kikärtmjöl, rapsolja, majsstärkelse, salt, dextros (glutenfritt VETE), maismjöl, potatisstärkelse, jäsmedel E450 och E500 och förtjockningsmedel E415). Även om vi har gjort vårt yttersta för att göra en produkt utan ben, kan det i vissa fall förekomma små ben. *Fångat i nordöstra Atlanten (Barents och Norska havet).",
    "storage": "Lägsta förvaringstemperatur -25°C Högsta förvaringstemperatur -18°C",
    "allergens": "Innehåller Fisk",
    "usage": "",
    "nutrition": [
      {
        "Näringsvärde": "Energi (kcal)",
        "100 Gram": "185 kcal"
      },
      {
        "Näringsvärde": "Energi (kJ)",
        "100 Gram": "775 kJ"
      },
      {
        "Näringsvärde": "Fett",
        "100 Gram": "9.7 g"
      },
      {
        "Näringsvärde": "Varav mättat fett",
        "100 Gram": "0.8 g"
      },
      {
        "Näringsvärde": "Kolhydrat",
        "100 Gram": "11.6 g"
      },
      {
        "Näringsvärde": "Varav sockerarter",
        "100 Gram": "0.07 g"
      },
      {
        "Näringsvärde": "Protein",
        "100 Gram": "12.9 g"
      },
      {
        "Näringsvärde": "Salt",
        "100 Gram": "0.55 g"
      }
    ],
    "nutritionUnitText": "Näringsvärde per 100 gram",
    "categories": {
      "mainCategory": "Fisk & Skaldjur",
      "subCategories": [
        {
          "name": "Fisk",
          "subSubCategories": [
            "Torsk & Vitfisk",
            "Fryst Torsk & Vitfisk"
          ]
        }
      ]
    }
  },
  {
    "name": "Löksill 575g Klädesholmen",
    "weightText": "0.275 kg",
    "caPart": "",
    "weightValue": 0.275,
    "weightUnit": "kg",
    "comparePrice": "127,09 kr/kg u. spad",
    "currentPrice": 34.95,
    "attributes": [],
    "imgUrl": "https://handlaprivatkund.ica.se/images-v3/bf7a00ca-390e-4769-865f-dc369586872e/788e814e-c9cb-4483-9bf4-71173b36e433/500x500.jpg",
    "productInformation": "Klädesholmen Löksill 575g Glas.Ättiksmarinerad sill med lök och kryddpeppar i enklar lag.",
    "countryText": "",
    "companyText": "Klädesholmen",
    "ingrediensText": "INGREDIENSER: Marinerad SILL (Clupea harengus) i bitar (SILL, ättika, salt), vatten, socker, lök 2,3%, kryddpeppar, ättika, konserveringsmedel (E211).",
    "storage": "Förvaras kylt.",
    "allergens": "",
    "usage": "",
    "nutrition": [
      {
        "Näringsvärde": "Energi (kcal)",
        "100 Gram": "250 kcal"
      },
      {
        "Näringsvärde": "Energi (kJ)",
        "100 Gram": "1050 kJ"
      },
      {
        "Näringsvärde": "Fett",
        "100 Gram": "14 g"
      },
      {
        "Näringsvärde": "Varav fleromättat fett",
        "100 Gram": "3.4 g"
      },
      {
        "Näringsvärde": "Varav mättat fett",
        "100 Gram": "3.3 g"
      },
      {
        "Näringsvärde": "Varav enkelomättat fett",
        "100 Gram": "5.6 g"
      },
      {
        "Näringsvärde": "Kolhydrat",
        "100 Gram": "19 g"
      },
      {
        "Näringsvärde": "Varav sockerarter",
        "100 Gram": "16 g"
      },
      {
        "Näringsvärde": "Protein",
        "100 Gram": "10 g"
      },
      {
        "Näringsvärde": "Salt",
        "100 Gram": "3 g"
      }
    ],
    "nutritionUnitText": "Näringsvärde per 100 gram",
    "categories": {
      "mainCategory": "Fisk & Skaldjur",
      "subCategories": [
        {
          "name": "Sill & Ansjovis",
          "subSubCategories": [
            "Inlagd sill"
          ]
        }
      ]
    }
  },
  {
    "name": "Torskrygg Msc Fryst 600g Feldt's",
    "weightText": "0.6 kg",
    "caPart": "",
    "weightValue": 0.6,
    "weightUnit": "kg",
    "comparePrice": "298,33 kr/kg",
    "currentPrice": 179,
    "attributes": [
      "Nyckelhålet",
      "MSC-märkt"
    ],
    "imgUrl": "https://handlaprivatkund.ica.se/images-v3/bf7a00ca-390e-4769-865f-dc369586872e/a6af8608-9e8a-49ce-9406-ecd90249a528/500x500.jpg",
    "productInformation": "Benfria ryggfiléer av MSC-certifierad torsk (Gadus morhua)",
    "countryText": "",
    "companyText": "FELDTS",
    "ingrediensText": "TORSKRYGG (Gadus morhua) benfri, styckfryst. Fiskad i Nordostatlanten med trål. Ursprung: Nordostatlanten. Havsfiske. Trålar",
    "storage": "Lägsta förvaringstemperatur -25°C Högsta förvaringstemperatur -18°C",
    "allergens": "",
    "usage": "",
    "nutrition": [
      {
        "Näringsvärde": "Energi (kcal)",
        "Gram": "78",
        "% av DRI(*)": "4"
      },
      {
        "Näringsvärde": "Energi (kJ)",
        "Gram": "328",
        "% av DRI(*)": "4"
      },
      {
        "Näringsvärde": "Fett",
        "Gram": "0.5",
        "% av DRI(*)": "1"
      },
      {
        "Näringsvärde": "Varav mättat fett",
        "Gram": "0.1",
        "% av DRI(*)": "1"
      },
      {
        "Näringsvärde": "Kolhydrat",
        "Gram": "0",
        "% av DRI(*)": "0"
      },
      {
        "Näringsvärde": "Varav sockerarter",
        "Gram": "0",
        "% av DRI(*)": "0"
      },
      {
        "Näringsvärde": "Protein",
        "Gram": "18.2",
        "% av DRI(*)": "36"
      },
      {
        "Näringsvärde": "Salt",
        "Gram": "0.2",
        "% av DRI(*)": "3"
      }
    ],
    "nutritionUnitText": "",
    "categories": {
      "mainCategory": "Fryst",
      "subCategories": [
        {
          "name": "Fryst fisk & Skaldjur",
          "subSubCategories": [
            "Fryst torsk & vitfisk"
          ]
        }
      ]
    }
  },
  {
    "name": "Äpple & currysill 250g Fiskexporten",
    "weightText": "0.25 kg",
    "caPart": "",
    "weightValue": 0.25,
    "weightUnit": "kg",
    "comparePrice": "126,00 kr/kg",
    "currentPrice": 31.5,
    "attributes": [],
    "imgUrl": "https://handlaprivatkund.ica.se/images-v3/bf7a00ca-390e-4769-865f-dc369586872e/c46f5afa-7603-4601-9b2c-125331faf140/500x500.jpg",
    "productInformation": "Salt sill som urvattnas och läggs som löksill. Därefter läggs sillen i en krämig sås bestående av äpple och curry. Detta resulterar i en krämig sill med modern smak. Syrliga äpplen och curry ger en spännande balanserad smak, vilket gör denna sill till ett måste på festbordet!",
    "countryText": "",
    "companyText": "Fiskexporten",
    "ingrediensText": "Ingredienser: SILL (Clupea harengus, fiskad i Nordostatlanten FAO27, med not och trål), rapsolja, äpplejuicekoncentrat, gul lök, vatten, ÄGGULA, socker, purjolök, curry, SENAPSFRÖ, ättika, salt, kryddor, citronkoncentrat, konserveringsmedel (kaliumsorbat, natriumbensoat), förtjockningsmedel (guarkärnmjöl, xantangummi), surhetsreglerande medel (mjölksyra, citronsyra).",
    "storage": "",
    "allergens": "",
    "usage": "",
    "nutrition": [
      {
        "Näringsvärde": "Energi (kcal)",
        "100 Gram": "317 kcal"
      },
      {
        "Näringsvärde": "Energi (kJ)",
        "100 Gram": "1328 kJ"
      },
      {
        "Näringsvärde": "Fett",
        "100 Gram": "22 g"
      },
      {
        "Näringsvärde": "Varav mättat fett",
        "100 Gram": "2.7 g"
      },
      {
        "Näringsvärde": "Kolhydrat",
        "100 Gram": "21 g"
      },
      {
        "Näringsvärde": "Varav sockerarter",
        "100 Gram": "19 g"
      },
      {
        "Näringsvärde": "Protein",
        "100 Gram": "8.7 g"
      },
      {
        "Näringsvärde": "Salt",
        "100 Gram": "2.2 g"
      }
    ],
    "nutritionUnitText": "Näringsvärde per 100 gram",
    "categories": {
      "mainCategory": "Fisk & Skaldjur",
      "subCategories": [
        {
          "name": "Sill & Ansjovis",
          "subSubCategories": [
            "Inlagd sill"
          ]
        }
      ]
    }
  },
  {
    "name": "Laxfilé Färsk Kallrökt 100g Miljömärkt Korshags",
    "weightText": "0.1 kg",
    "caPart": "",
    "weightValue": 0.1,
    "weightUnit": "kg",
    "comparePrice": "539,50 kr/kg",
    "currentPrice": 53.95,
    "attributes": [
      "Nyckelhålet"
    ],
    "imgUrl": "https://handlaprivatkund.ica.se/images-v3/bf7a00ca-390e-4769-865f-dc369586872e/af0f3882-7491-42d0-b2dc-37bda39d613b/500x500.jpg",
    "productInformation": "Kallrökt lax av högsta kvalité i fina skivor. Färskrökt för hand i Falkenberg med enbär, färskflisad alved från Halland och helt utan tillsatser. De naturliga aromerna från veden ger en välbalanserad röksmak och fin karaktär. Färdig att ätas i pasta eller som topping på pizzan. Hållbart odlad (ASC) och nyckelhålsmärkt. Korshags började 1937 med en liten fiskbutik i Falkenberg och rymmer idag tre generationer av kunskap, hantverk och nyfikenhet. Och det är vår genuina kärlek till råvarorna, maten och havet som genomsyrar allt vi gör.",
    "countryText": "",
    "companyText": "Korshags",
    "ingrediensText": "LAX, salt",
    "storage": "",
    "allergens": "",
    "usage": "",
    "nutrition": [
      {
        "Näringsvärde": "Energi (kcal)",
        "100 Gram": "180 kcal"
      },
      {
        "Näringsvärde": "Energi (kJ)",
        "100 Gram": "740 kJ"
      },
      {
        "Näringsvärde": "Fett",
        "100 Gram": "11 g"
      },
      {
        "Näringsvärde": "Varav fleromättat fett",
        "100 Gram": "3.5 g"
      },
      {
        "Näringsvärde": "Varav mättat fett",
        "100 Gram": "1.8 g"
      },
      {
        "Näringsvärde": "Varav enkelomättat fett",
        "100 Gram": "5.7 g"
      },
      {
        "Näringsvärde": "Kolhydrat",
        "100 Gram": "0.5 g"
      },
      {
        "Näringsvärde": "Varav sockerarter",
        "100 Gram": "0.1 g"
      },
      {
        "Näringsvärde": "Protein",
        "100 Gram": "19 g"
      },
      {
        "Näringsvärde": "Salt",
        "100 Gram": "3 g"
      }
    ],
    "nutritionUnitText": "Näringsvärde per 100 gram",
    "categories": {
      "mainCategory": "Jul",
      "subCategories": [
        {
          "name": "Julmat",
          "subSubCategories": [
            "Lax & Gravlaxsås"
          ]
        }
      ]
    }
  },
  {
    "name": "Surimi i lake 170g ICA",
    "weightText": "0.17 kg",
    "caPart": "",
    "weightValue": 0.17,
    "weightUnit": "kg",
    "comparePrice": "197,06 kr/kg u. spad",
    "currentPrice": 33.5,
    "attributes": [
      "MSC-märkt"
    ],
    "imgUrl": "https://handlaprivatkund.ica.se/images-v3/bf7a00ca-390e-4769-865f-dc369586872e/b222fe95-6567-4964-8abb-f0627c0b274b/500x500.jpg",
    "productInformation": "",
    "countryText": "",
    "companyText": "ICA",
    "ingrediensText": "INGREDIENSER: Lake (vatten, socker, salt, surhetsreglerande medel (E330), konserveringsmedel (E211, E202)), surimi 38.5% (fiskfärs (FISK 91%, socker, ÄGGVITA), vatten, potatisstärkelse, rapsolja, ÄGGVITA, salt, socker, färgämne (E160d), KRABBAROM). Kan innehålla spår av gluten.",
    "storage": "",
    "allergens": "",
    "usage": "Öppnad förpackning konsumeras inom 3 dagar.",
    "nutrition": [
      {
        "Näringsvärde": "Energi (kcal)",
        "100 Gram": "120 kcal"
      },
      {
        "Näringsvärde": "Energi (kJ)",
        "100 Gram": "500 kJ"
      },
      {
        "Näringsvärde": "Fett",
        "100 Gram": "2.4 g"
      },
      {
        "Näringsvärde": "Varav mättat fett",
        "100 Gram": "0.5 g"
      },
      {
        "Näringsvärde": "Kolhydrat",
        "100 Gram": "19 g"
      },
      {
        "Näringsvärde": "Varav sockerarter",
        "100 Gram": "4.8 g"
      },
      {
        "Näringsvärde": "Protein",
        "100 Gram": "6.1 g"
      },
      {
        "Näringsvärde": "Salt",
        "100 Gram": "0.5 g"
      }
    ],
    "nutritionUnitText": "Näringsvärde per 100 gram",
    "categories": {
      "mainCategory": "Fisk & Skaldjur",
      "subCategories": [
        {
          "name": "Skaldjur",
          "subSubCategories": [
            "Övriga skaldjur",
            "Övriga färska skaldjur"
          ]
        }
      ]
    }
  },
  {
    "name": "Regnbågslaxrom 80g Fiskeriet",
    "weightText": "0.08 kg",
    "caPart": "",
    "weightValue": 0.08,
    "weightUnit": "kg",
    "comparePrice": "986,88 kr/kg",
    "currentPrice": 78.95,
    "attributes": [],
    "imgUrl": "https://handlaprivatkund.ica.se/images-v3/bf7a00ca-390e-4769-865f-dc369586872e/0b1b68ab-76b3-4f86-a210-b90cd4ab1d54/500x500.jpg",
    "productInformation": "Fiskeriets Regnbågslaxrom är storkornig med en vacker orangeröd färg. Regnbågslaxrom passar utmärkt i kalla såser och röror, till sushi, blinier och som dekoration.Fiskeriets tips! Servera som förrätt tillsammans med Fiskeriets Blinier, finhackad rödlök och en klick smetana.",
    "countryText": "",
    "companyText": "Fiskeriet",
    "ingrediensText": "INGREDIENSER: Rom beredd av odlad REGNBÅGSLAX* (Oncorhynchus mykiss) (97%), salt.* Odlad i Bottenviken i Finland.",
    "storage": "Lägsta förvaringstemperatur -24°C Högsta förvaringstemperatur -18°C",
    "allergens": "Innehåller Fisk",
    "usage": "",
    "nutrition": [
      {
        "Näringsvärde": "Energi (kcal)",
        "100 Gram": "155 kcal"
      },
      {
        "Näringsvärde": "Energi (kJ)",
        "100 Gram": "647 kJ"
      },
      {
        "Näringsvärde": "Fett",
        "100 Gram": "7.9 g"
      },
      {
        "Näringsvärde": "Varav mättat fett",
        "100 Gram": "1.1 g"
      },
      {
        "Näringsvärde": "Kolhydrat",
        "100 Gram": "0 g"
      },
      {
        "Näringsvärde": "Varav sockerarter",
        "100 Gram": "0 g"
      },
      {
        "Näringsvärde": "Protein",
        "100 Gram": "21 g"
      },
      {
        "Näringsvärde": "Salt",
        "100 Gram": "3 g"
      }
    ],
    "nutritionUnitText": "Näringsvärde per 100 gram",
    "categories": {
      "mainCategory": "Fisk & Skaldjur",
      "subCategories": [
        {
          "name": "Kaviar & Rom",
          "subSubCategories": [
            "Färsk rom"
          ]
        }
      ]
    }
  },
  {
    "name": "Fransk löksill 550g Klädesholmen",
    "weightText": "0.3 kg",
    "caPart": "",
    "weightValue": 0.3,
    "weightUnit": "kg",
    "comparePrice": "116,50 kr/kg u. spad",
    "currentPrice": 34.95,
    "attributes": [],
    "imgUrl": "https://handlaprivatkund.ica.se/images-v3/bf7a00ca-390e-4769-865f-dc369586872e/1ff8f36a-89c5-4492-95cd-97250541c089/500x500.jpg",
    "productInformation": "Klädesholmen Fransk Löksill 550g Glas.Kryddsill i bitar med lök, dill och kryddpeppar i ensås på traditionellt vis.",
    "countryText": "",
    "companyText": "Klädesholmen",
    "ingrediensText": "INGREDIENSER: Kryddad SILL (Clupea harengus) i bitar (SILL, salt, socker, kryddor), vatten, socker, lök 9%, ättika, kryddpeppar, dill, salt, kryddor, vitlök, kryddextrakt, konserveringsmedel (E211), arom.",
    "storage": "Förvaras kylt.",
    "allergens": "",
    "usage": "",
    "nutrition": [
      {
        "Näringsvärde": "Energi (kcal)",
        "100 Gram": "210 kcal"
      },
      {
        "Näringsvärde": "Energi (kJ)",
        "100 Gram": "880 kJ"
      },
      {
        "Näringsvärde": "Fett",
        "100 Gram": "11 g"
      },
      {
        "Näringsvärde": "Varav fleromättat fett",
        "100 Gram": "3 g"
      },
      {
        "Näringsvärde": "Varav mättat fett",
        "100 Gram": "2.4 g"
      },
      {
        "Näringsvärde": "Varav enkelomättat fett",
        "100 Gram": "5.3 g"
      },
      {
        "Näringsvärde": "Kolhydrat",
        "100 Gram": "21 g"
      },
      {
        "Näringsvärde": "Varav sockerarter",
        "100 Gram": "20 g"
      },
      {
        "Näringsvärde": "Protein",
        "100 Gram": "7 g"
      },
      {
        "Näringsvärde": "Salt",
        "100 Gram": "4 g"
      }
    ],
    "nutritionUnitText": "Näringsvärde per 100 gram",
    "categories": {
      "mainCategory": "Fisk & Skaldjur",
      "subCategories": [
        {
          "name": "Sill & Ansjovis",
          "subSubCategories": [
            "Inlagd sill"
          ]
        }
      ]
    }
  },
  {
    "name": "Laxfilé Färsk Kallrökt 150g Miljömärkt Korshags",
    "weightText": "0.15 kg",
    "caPart": "",
    "weightValue": 0.15,
    "weightUnit": "kg",
    "comparePrice": "473,00 kr/kg",
    "currentPrice": 70.95,
    "attributes": [
      "Nyckelhålet"
    ],
    "imgUrl": "https://handlaprivatkund.ica.se/images-v3/bf7a00ca-390e-4769-865f-dc369586872e/e7a28890-625e-442e-821a-3b94821e2b09/500x500.jpg",
    "productInformation": "Kallrökt lax av högsta kvalité i fina skivor. Färskrökt för hand i Falkenberg med enbär, färskflisad alved från Halland och helt utan tillsatser. De naturliga aromerna från veden ger en välbalanserad röksmak och fin karaktär. Färdig att ätas i pasta eller som topping på pizzan. Hållbart odlad (ASC) och nyckelhålsmärkt. Korshags började 1937 med en liten fiskbutik i Falkenberg och rymmer idag tre generationer av kunskap, hantverk och nyfikenhet. Och det är vår genuina kärlek till råvarorna, maten och havet som genomsyrar allt vi gör.",
    "countryText": "",
    "companyText": "Korshags",
    "ingrediensText": "LAX, salt",
    "storage": "",
    "allergens": "",
    "usage": "",
    "nutrition": [
      {
        "Näringsvärde": "Energi (kcal)",
        "100 Gram": "180 kcal"
      },
      {
        "Näringsvärde": "Energi (kJ)",
        "100 Gram": "740 kJ"
      },
      {
        "Näringsvärde": "Fett",
        "100 Gram": "11 g"
      },
      {
        "Näringsvärde": "Varav fleromättat fett",
        "100 Gram": "3.5 g"
      },
      {
        "Näringsvärde": "Varav mättat fett",
        "100 Gram": "1.8 g"
      },
      {
        "Näringsvärde": "Varav enkelomättat fett",
        "100 Gram": "5.7 g"
      },
      {
        "Näringsvärde": "Kolhydrat",
        "100 Gram": "0.5 g"
      },
      {
        "Näringsvärde": "Varav sockerarter",
        "100 Gram": "0.1 g"
      },
      {
        "Näringsvärde": "Protein",
        "100 Gram": "19 g"
      },
      {
        "Näringsvärde": "Salt",
        "100 Gram": "3 g"
      }
    ],
    "nutritionUnitText": "Näringsvärde per 100 gram",
    "categories": {
      "mainCategory": "Jul",
      "subCategories": [
        {
          "name": "Julmat",
          "subSubCategories": [
            "Lax & Gravlaxsås"
          ]
        }
      ]
    }
  },
  {
    "name": "Kräftmarinerad sill 420g Klädesholmen",
    "weightText": "0.2 kg",
    "caPart": "",
    "weightValue": 0.2,
    "weightUnit": "kg",
    "comparePrice": "204,75 kr/kg u. spad",
    "currentPrice": 40.95,
    "attributes": [],
    "imgUrl": "https://handlaprivatkund.ica.se/images-v3/bf7a00ca-390e-4769-865f-dc369586872e/8dd8790b-e39a-4b52-ad78-e7f39dafa9f4/500x500.jpg",
    "productInformation": "Premium Kräftmarinerad Sill 420g Glas.Utvalda bitar marinerad sill som förbehandlas i en lagför en mildare ton. Kryddad med chilisås, purjolök och dill.",
    "countryText": "",
    "companyText": "Klädesholmen",
    "ingrediensText": "INGREDIENSER: Marinerad SILL (Clupea harengus) i bitar (SILL, ättika, salt, socker), rapsolja, vatten, socker, chilisås (tomatpuré, socker, salt, chili, kryddor), lök, ättika, ÄGGPULVER, purjolök, dill, surhetsreglerande medel (E330), förtjockningsmedel (E415), konserveringsmedel (E211, E202), aromer (innehåller bl a SKALDJUR).",
    "storage": "Förvaras i kylskåp efter öppning.Öppnad förpackning hållbar ca 14 dagar.",
    "allergens": "",
    "usage": "",
    "nutrition": [
      {
        "Näringsvärde": "Energi (kcal)",
        "100 Gram": "280 kcal"
      },
      {
        "Näringsvärde": "Energi (kJ)",
        "100 Gram": "1170 kJ"
      },
      {
        "Näringsvärde": "Fett",
        "100 Gram": "20 g"
      },
      {
        "Näringsvärde": "Varav fleromättat fett",
        "100 Gram": "5.6 g"
      },
      {
        "Näringsvärde": "Varav mättat fett",
        "100 Gram": "2.5 g"
      },
      {
        "Näringsvärde": "Varav enkelomättat fett",
        "100 Gram": "12 g"
      },
      {
        "Näringsvärde": "Kolhydrat",
        "100 Gram": "18 g"
      },
      {
        "Näringsvärde": "Varav sockerarter",
        "100 Gram": "17 g"
      },
      {
        "Näringsvärde": "Protein",
        "100 Gram": "7 g"
      },
      {
        "Näringsvärde": "Salt",
        "100 Gram": "2 g"
      }
    ],
    "nutritionUnitText": "Näringsvärde per 100 gram",
    "categories": {
      "mainCategory": "Fisk & Skaldjur",
      "subCategories": [
        {
          "name": "Sill & Ansjovis",
          "subSubCategories": [
            "Inlagd sill"
          ]
        }
      ]
    }
  },
  {
    "name": "Laxfilé Färsk Varmrökt Dubbel i bit 600g Miljömärkt Korshags",
    "weightText": "Ca 0.6 kg",
    "caPart": "Ca",
    "weightValue": 0.6,
    "weightUnit": "kg",
    "comparePrice": "402,00 kr/kg",
    "currentPrice": 241.2,
    "attributes": [
      "Nyckelhålet"
    ],
    "imgUrl": "https://handlaprivatkund.ica.se/images-v3/bf7a00ca-390e-4769-865f-dc369586872e/1c871686-5ed3-4367-8c4c-f515d7fc28c5/500x500.jpg",
    "productInformation": "Varmrökt lax av högsta kvalité i saftig dubbelfilé. Färskrökt för hand i Falkenberg med enbär, färskflisad alved från Halland och helt utan tillsatser. De naturliga aromerna från veden ger en välbalanserad röksmak och fin karaktär. Färdig att ätas i allt från pasta till en härlig sallad. Hållbart odlad (ASC) och nyckelhålsmärkt. Korshags började 1937 med en liten fiskbutik i Falkenberg och rymmer idag tre generationer av kunskap, hantverk och nyfikenhet. Och det är vår genuina kärlek till råvarorna, maten och havet som genomsyrar allt vi gör.",
    "countryText": "",
    "companyText": "Korshags",
    "ingrediensText": "LAX, salt",
    "storage": "Skinnpack",
    "allergens": "",
    "usage": "",
    "nutrition": [
      {
        "Näringsvärde": "Energi (kcal)",
        "100 Gram": "240 kcal"
      },
      {
        "Näringsvärde": "Energi (kJ)",
        "100 Gram": "1000 kJ"
      },
      {
        "Näringsvärde": "Fett",
        "100 Gram": "17 g"
      },
      {
        "Näringsvärde": "Varav fleromättat fett",
        "100 Gram": "4.6 g"
      },
      {
        "Näringsvärde": "Varav mättat fett",
        "100 Gram": "2.4 g"
      },
      {
        "Näringsvärde": "Varav enkelomättat fett",
        "100 Gram": "8.5 g"
      },
      {
        "Näringsvärde": "Kolhydrat",
        "100 Gram": "0.5 g"
      },
      {
        "Näringsvärde": "Varav sockerarter",
        "100 Gram": "0.1 g"
      },
      {
        "Näringsvärde": "Protein",
        "100 Gram": "23.2 g"
      },
      {
        "Näringsvärde": "Salt",
        "100 Gram": "1.8 g"
      }
    ],
    "nutritionUnitText": "Näringsvärde per 100 gram",
    "categories": {
      "mainCategory": "Jul",
      "subCategories": [
        {
          "name": "Julmat",
          "subSubCategories": [
            "Lax & Gravlaxsås"
          ]
        }
      ]
    }
  },
  {
    "name": "Räkor med skal Fryst 1kg MSC Ullmo",
    "weightText": "1 kg",
    "caPart": "",
    "weightValue": 1,
    "weightUnit": "kg",
    "comparePrice": "149,00 kr/kg",
    "currentPrice": 149,
    "attributes": [
      "Nyckelhålet",
      "MSC-märkt"
    ],
    "imgUrl": "https://handlaprivatkund.ica.se/images-v3/bf7a00ca-390e-4769-865f-dc369586872e/e25e5abb-de86-4d9a-ac73-a2dfe00018ef/500x500.jpg",
    "productInformation": "",
    "countryText": "",
    "companyText": "Ullmo",
    "ingrediensText": "Djupfrysta vildfångade NORDHAVSRÄKOR[Pandalus borealis] Ingredienser: Räkor, vatten, salt. Räkorna är kokade i lättsaltat vatten.Vid infrysningen glaseras de med en tunnishinna för att skydda räkorna mot uttorkning,samt för att bevara räkornas fina smak.",
    "storage": "",
    "allergens": "Innehåller: Kräftdjur",
    "usage": "",
    "nutrition": [
      {
        "Näringsvärde": "Energi (kcal)",
        "100 Gram": "107 kcal"
      },
      {
        "Näringsvärde": "Energi (kJ)",
        "100 Gram": "449 kJ"
      },
      {
        "Näringsvärde": "Fett",
        "100 Gram": "1.1 g"
      },
      {
        "Näringsvärde": "Varav mättat fett",
        "100 Gram": "0.2 g"
      },
      {
        "Näringsvärde": "Kolhydrat",
        "100 Gram": "0 g"
      },
      {
        "Näringsvärde": "Varav sockerarter",
        "100 Gram": "0 g"
      },
      {
        "Näringsvärde": "Protein",
        "100 Gram": "24 g"
      },
      {
        "Näringsvärde": "Salt",
        "100 Gram": "2.5 g"
      }
    ],
    "nutritionUnitText": "Näringsvärde per 100 gram",
    "categories": {
      "mainCategory": "Fisk & Skaldjur",
      "subCategories": [
        {
          "name": "Skaldjur",
          "subSubCategories": [
            "Räkor",
            "Frysta räkor"
          ]
        }
      ]
    }
  },
  {
    "name": "Årets sill Kalles kaviar 230g Abba",
    "weightText": "0.23 kg",
    "caPart": "",
    "weightValue": 0.23,
    "weightUnit": "kg",
    "comparePrice": "110,87 kr/kg u. spad",
    "currentPrice": 25.5,
    "attributes": [],
    "imgUrl": "https://handlaprivatkund.ica.se/images-v3/bf7a00ca-390e-4769-865f-dc369586872e/e97d8355-801a-4176-8466-ce88c336eb47/500x500.jpg",
    "productInformation": "Abba Årets smak, Kalles sill - En krämig sill smaksatt med Kalles kaviar, en läcker och originell rätt som passar perfekt till frukost eller fest. Den har en mild rökighet och en lagom sälta som balanseras av den krämiga såsen och de små romkornen. Enkel att tycka om på ägg, macka eller på den stundande sillbuffén. En unik sill i begränsad upplaga.",
    "countryText": "",
    "companyText": "Abba",
    "ingrediensText": "SILL i bitar, SKUMMJÖLK, rapsolja, socker, KAVIAR 6% (varav 63% sockersaltad TORSKrom, rapsolja, socker, tomatpuré, potatisflingor, konserveringsmedel (kaliumsorbat, natriumbensoat)), salt, ÄGGula, syra (ättiksyra, mjölksyra), ättika, kryddor, modifierad majsstärkelse, förtjockningsmedel (xantangummi), aromer (innehåller kanel), svart morotskoncentrat, paprikaoleoresin, konserveringsmedel (natriumbensoat, kaliumsorbat).",
    "storage": "Lägsta förvaringstemperatur 2°C Högsta förvaringstemperatur 8°C",
    "allergens": "",
    "usage": "",
    "nutrition": [
      {
        "Näringsvärde": "Energi (kcal)",
        "100 Gram": "255 kcal"
      },
      {
        "Näringsvärde": "Energi (kJ)",
        "100 Gram": "1061 kJ"
      },
      {
        "Näringsvärde": "Fett",
        "100 Gram": "18 g"
      },
      {
        "Näringsvärde": "Varav mättat fett",
        "100 Gram": "3.2 g"
      },
      {
        "Näringsvärde": "Kolhydrat",
        "100 Gram": "15 g"
      },
      {
        "Näringsvärde": "Varav sockerarter",
        "100 Gram": "14 g"
      },
      {
        "Näringsvärde": "Protein",
        "100 Gram": "8.8 g"
      },
      {
        "Näringsvärde": "Salt",
        "100 Gram": "4.2 g"
      }
    ],
    "nutritionUnitText": "Näringsvärde per 100 gram",
    "categories": {
      "mainCategory": "Fisk & Skaldjur",
      "subCategories": [
        {
          "name": "Sill & Ansjovis",
          "subSubCategories": [
            "Inlagd sill"
          ]
        }
      ]
    }
  },
  {
    "name": "Brantevikssill 250g Fiskexporten",
    "weightText": "0.17 kg",
    "caPart": "",
    "weightValue": 0.17,
    "weightUnit": "kg",
    "comparePrice": "185,29 kr/kg u. spad",
    "currentPrice": 31.5,
    "attributes": [],
    "imgUrl": "https://handlaprivatkund.ica.se/images-v3/bf7a00ca-390e-4769-865f-dc369586872e/f3d7b194-aec1-4470-9364-b9322aee6d5c/500x500.jpg",
    "productInformation": "Färsk sill som läggs i ättikslag där den mognar i cirka en månad. Därefter vattnas sillbitarna ur och läggs in tillsammans med lök och sockerlag. Detta resulterar i en klar sill med karaktär, där salt och sött balanserar med markerad pepparsmak. Den färska löken höjer i sin tur smaken ytterligare vilket gör detta till en fantastisk sill som man inte kan låta bli att bjuda sina bästa vänner på.",
    "countryText": "",
    "companyText": "Fiskexporten",
    "ingrediensText": "Ingredienser:SILL (Clupea Harengus, fiskad i nordostatlanten FAO 27 med not och trål), vatten, socker, röd & gul lök, ättika, dill,salt, kryddor,citronextrakt, potatisstärkelse, lagerblad, surhetsreglerande medel(citronsyra) konserveringsmedel (kaliumsorbat, natriumbensoat).",
    "storage": "",
    "allergens": "",
    "usage": "",
    "nutrition": [
      {
        "Näringsvärde": "Energi (kcal)",
        "100 Gram": "178 kcal"
      },
      {
        "Näringsvärde": "Energi (kJ)",
        "100 Gram": "744 kJ"
      },
      {
        "Näringsvärde": "Fett",
        "100 Gram": "6.2 g"
      },
      {
        "Näringsvärde": "Varav mättat fett",
        "100 Gram": "1.4 g"
      },
      {
        "Näringsvärde": "Kolhydrat",
        "100 Gram": "23 g"
      },
      {
        "Näringsvärde": "Varav sockerarter",
        "100 Gram": "21 g"
      },
      {
        "Näringsvärde": "Protein",
        "100 Gram": "6.9 g"
      },
      {
        "Näringsvärde": "Salt",
        "100 Gram": "2.2 g"
      }
    ],
    "nutritionUnitText": "Näringsvärde per 100 gram",
    "categories": {
      "mainCategory": "Fisk & Skaldjur",
      "subCategories": [
        {
          "name": "Sill & Ansjovis",
          "subSubCategories": [
            "Inlagd sill"
          ]
        }
      ]
    }
  },
  {
    "name": "Stenbitsrom Röd 75g Royal Greenland",
    "weightText": "0.075 kg",
    "caPart": "",
    "weightValue": 0.075,
    "weightUnit": "kg",
    "comparePrice": "412,67 kr/kg",
    "currentPrice": 30.95,
    "attributes": [
      "Nyckelhålet",
      "MSC-märkt"
    ],
    "imgUrl": "https://handlaprivatkund.ica.se/images-v3/bf7a00ca-390e-4769-865f-dc369586872e/c85fe9b9-13f6-49bc-969f-f214aa851bab/500x500.jpg",
    "productInformation": "",
    "countryText": "",
    "companyText": "Royal Greenland",
    "ingrediensText": "Ingredienser: Stenbitsrom (FISK) (Cyclopterus lumpus) 88%, vatten, salt, koncentrat av rödbeta, koncentrat av safflor, konserveringsmedel: E211, surhetsreglerande medel: E330, stabiliseringsmedel: E415",
    "storage": "",
    "allergens": "",
    "usage": "",
    "nutrition": [
      {
        "Näringsvärde": "Energi (kcal)",
        "100 Gram": "81 kcal"
      },
      {
        "Näringsvärde": "Energi (kJ)",
        "100 Gram": "340 kJ"
      },
      {
        "Näringsvärde": "Fett",
        "100 Gram": "3.2 g"
      },
      {
        "Näringsvärde": "Varav mättat fett",
        "100 Gram": "0.8 g"
      },
      {
        "Näringsvärde": "Kolhydrat",
        "100 Gram": "2.3 g"
      },
      {
        "Näringsvärde": "Varav sockerarter",
        "100 Gram": "0.5 g"
      },
      {
        "Näringsvärde": "Protein",
        "100 Gram": "11 g"
      },
      {
        "Näringsvärde": "Salt",
        "100 Gram": "2.6 g"
      }
    ],
    "nutritionUnitText": "Näringsvärde per 100 gram",
    "categories": {
      "mainCategory": "Jul",
      "subCategories": [
        {
          "name": "Julmat",
          "subSubCategories": [
            "Lutfisk, Caviar & Röror"
          ]
        }
      ]
    }
  },
  {
    "name": "Matjessill hela filéer 215g Abba",
    "weightText": "0.125 kg",
    "caPart": "",
    "weightValue": 0.125,
    "weightUnit": "kg",
    "comparePrice": "268,00 kr/kg",
    "currentPrice": 33.5,
    "attributes": [],
    "imgUrl": "https://handlaprivatkund.ica.se/images-v3/bf7a00ca-390e-4769-865f-dc369586872e/a4057d97-8d55-42d8-9d6c-b898af53f7db/500x500.jpg",
    "productInformation": "Abba Matjes i hela filéer har en traditionellt rund kryddig smak och är extra omtyckt att använda när man vill göra fina uppläggningar. Varför inte en matjeskrans? Eller lerpottasill? Vår matjes innehåller sill (Clupea harengus) av högsta kvalitet som fiskas i Nordostatlanten och som enbart kommer från livskraftiga bestånd. Sillen får mogna i tunnor med en kryddlag i vårt bergrum i Kungshamn på bohuslänska västkusten tills att den smakar som allra bäst och är redo att njutas av! Matjessill har en given plats vid midsommarfirandet eller äts som den är tillsammans med färsk potatis, gräddfil, gräslök och lite brynt smör. Läs mer på abba.se",
    "countryText": "",
    "companyText": "Abba",
    "ingrediensText": "SILLfiléer, socker, salt, ättika, kryddor (bl.a. kanel, muskotblomma, padoukträ, paprika), lök, dill, naturlig arom, rött padoukextrakt, konserveringsmedel (natriumbensoat, kaliumsorbat).",
    "storage": "I kylskåp 2-8 °C",
    "allergens": "",
    "usage": "",
    "nutrition": [
      {
        "Näringsvärde": "Energi (kcal)",
        "100 Gram": "229 kcal"
      },
      {
        "Näringsvärde": "Energi (kJ)",
        "100 Gram": "958 kJ"
      },
      {
        "Näringsvärde": "Fett",
        "100 Gram": "13 g"
      },
      {
        "Näringsvärde": "Varav mättat fett",
        "100 Gram": "3.3 g"
      },
      {
        "Näringsvärde": "Kolhydrat",
        "100 Gram": "18 g"
      },
      {
        "Näringsvärde": "Varav sockerarter",
        "100 Gram": "17 g"
      },
      {
        "Näringsvärde": "Protein",
        "100 Gram": "11 g"
      },
      {
        "Näringsvärde": "Salt",
        "100 Gram": "6.7 g"
      }
    ],
    "nutritionUnitText": "Näringsvärde per 100 gram",
    "categories": {
      "mainCategory": "Fisk & Skaldjur",
      "subCategories": [
        {
          "name": "Sill & Ansjovis",
          "subSubCategories": [
            "Inlagd sill"
          ]
        }
      ]
    }
  },
  {
    "name": "Torskfilé 300g ICA Gott Liv",
    "weightText": "0.3 kg",
    "caPart": "",
    "weightValue": 0.3,
    "weightUnit": "kg",
    "comparePrice": "340,00 kr/kg",
    "currentPrice": 102,
    "attributes": [
      "Nyckelhålet",
      "MSC-märkt"
    ],
    "imgUrl": "https://handlaprivatkund.ica.se/images-v3/bf7a00ca-390e-4769-865f-dc369586872e/8ae849f6-8424-469a-9f33-a68779743534/500x500.jpg",
    "productInformation": "Torskfilé i två fina bitar om 150g var. Torskfiléer kan du både koka, steka eller använda i soppa, gryta och gratäng. Vår torsk är givetvis MSC-märkt, vilket betyder att den har fiskats hållbart. Infrysning/upptining: Fisk som upplevs som färsk året runt! Direkt efter fångst fryses fisken snabbt ner för att bevara färskhet och kvalité. Fisken tinas sedan varsamt, för att vara så färsk som möjligt när den når dig som kund.",
    "countryText": "",
    "companyText": "ICA Gott Liv",
    "ingrediensText": "TORSKFILÉ* (Gadus morhua) utan skinn. Enstaka ben kan förekomma.*För fångstområde och fiskeredskap se tryck på etikett.",
    "storage": "",
    "allergens": "",
    "usage": "",
    "nutrition": [
      {
        "Näringsvärde": "Energi (kcal)",
        "100 Gram": "78 kcal"
      },
      {
        "Näringsvärde": "Energi (kJ)",
        "100 Gram": "328 kJ"
      },
      {
        "Näringsvärde": "Fett",
        "100 Gram": "0.5 g"
      },
      {
        "Näringsvärde": "Varav mättat fett",
        "100 Gram": "0.5 g"
      },
      {
        "Näringsvärde": "Kolhydrat",
        "100 Gram": "0 g"
      },
      {
        "Näringsvärde": "Varav sockerarter",
        "100 Gram": "0 g"
      },
      {
        "Näringsvärde": "Protein",
        "100 Gram": "18 g"
      },
      {
        "Näringsvärde": "Salt",
        "100 Gram": "0.2 g"
      },
      {
        "Näringsvärde": "Vitamin D",
        "100 Gram": "1.84 µg",
        "% av DRI(*)": "36"
      }
    ],
    "nutritionUnitText": "Näringsvärde per 100 gram",
    "categories": {
      "mainCategory": "Fisk & Skaldjur",
      "subCategories": [
        {
          "name": "Fisk",
          "subSubCategories": [
            "Torsk & Vitfisk",
            "Färsk Torsk & Vitfisk"
          ]
        }
      ]
    }
  },
  {
    "name": "Bläckfiskringar 300g ICA",
    "weightText": "0.3 kg",
    "caPart": "",
    "weightValue": 0.3,
    "weightUnit": "kg",
    "comparePrice": "216,50 kr/kg",
    "currentPrice": 64.95,
    "attributes": [
      "MSC-märkt"
    ],
    "imgUrl": "https://handlaprivatkund.ica.se/images-v3/bf7a00ca-390e-4769-865f-dc369586872e/5f43e674-8ae6-43fc-84c0-2e47ed6d7c16/500x500.jpg",
    "productInformation": "ICAs Bläckfiskringar är en riktig medelhavsklassiker. Enkel att tillaga och god att bjuda på.",
    "countryText": "",
    "companyText": "ICA",
    "ingrediensText": "75 % BLÄCKFISK, vatten, fuktighetsbevarande medel (E330, E331, E451, E452), salt. Fiskad me Trålar i Nordvästatlanten, fångstzon 21.",
    "storage": "Lägsta förvaringstemperatur -20°C Högsta förvaringstemperatur -18°C",
    "allergens": "Undeclared Lupin Undeclared Selleri Undeclared Senap Undeclared Svaveldioxid eller sulfit Undeclared Kräftdjur Undeclared Sojabönor Undeclared Sesamfrön Undeclared Ägg Undeclared Mjölk Undeclared Nötter (eng: tree nuts) Undeclared Jordnötter Undeclared Fisk Innehåller Blötdjur Undeclared Spannmål som innehåller gluten",
    "usage": "",
    "nutrition": [
      {
        "Näringsvärde": "Energi (kcal)",
        "100 Gram": "50 kcal"
      },
      {
        "Näringsvärde": "Energi (kJ)",
        "100 Gram": "230 kJ"
      },
      {
        "Näringsvärde": "Fett",
        "100 Gram": "0.6 g"
      },
      {
        "Näringsvärde": "Varav mättat fett",
        "100 Gram": "0.3 g"
      },
      {
        "Näringsvärde": "Protein",
        "100 Gram": "12 g"
      },
      {
        "Näringsvärde": "Salt",
        "100 Gram": "1.2 g"
      },
      {
        "Näringsvärde": "Natrium",
        "100 Gram": "0.48 g"
      }
    ],
    "nutritionUnitText": "Näringsvärde per 100 gram",
    "categories": {
      "mainCategory": "Fryst",
      "subCategories": [
        {
          "name": "Fryst fisk & Skaldjur",
          "subSubCategories": [
            "Frysta skaldjursdelikatesser"
          ]
        }
      ]
    }
  },
  {
    "name": "Kräftgravad sill 250g Fiskexporten",
    "weightText": "0.25 kg",
    "caPart": "",
    "weightValue": 0.25,
    "weightUnit": "kg",
    "comparePrice": "126,00 kr/kg",
    "currentPrice": 31.5,
    "attributes": [],
    "imgUrl": "https://handlaprivatkund.ica.se/images-v3/bf7a00ca-390e-4769-865f-dc369586872e/72ce43fe-6b5f-4628-b0c4-19eceed0a397/500x500.jpg",
    "productInformation": "Färsk sill som läggs direkt i en söt ättikslag där den får mogna. Därefter läggs den i vår krämiga kräftsås, vilket resulterar i en mjuk men fyllig sill där kräftsmaken och krondillen är tongivande. Med andra ord, en god sillklassiker!",
    "countryText": "",
    "companyText": "Fiskexporten",
    "ingrediensText": "Ingredienser: SILL (Clupea harengus, fiskad i Nordostatlanten FAO27, med not och trål), rapsolja, vatten, socker, röd lök, tomat, ÄGGULA, SENAPSFRÖ, ättika, salt, dill, kryddor, arom (bl a SELLERI), citronkoncentrat, konserveringsmedel (kaliumsorbat, natriumbensoat), förtjockningsmedel (guarkärnmjöl, xantangummi), surhetsreglerande medel (mjölksyra, citronsyra), färgämne (riboflavin, betakaroten), sandel.",
    "storage": "",
    "allergens": "",
    "usage": "",
    "nutrition": [
      {
        "Näringsvärde": "Energi (kcal)",
        "100 Gram": "276 kcal"
      },
      {
        "Näringsvärde": "Energi (kJ)",
        "100 Gram": "1156 kJ"
      },
      {
        "Näringsvärde": "Fett",
        "100 Gram": "22 g"
      },
      {
        "Näringsvärde": "Varav mättat fett",
        "100 Gram": "2.7 g"
      },
      {
        "Näringsvärde": "Kolhydrat",
        "100 Gram": "12 g"
      },
      {
        "Näringsvärde": "Varav sockerarter",
        "100 Gram": "11 g"
      },
      {
        "Näringsvärde": "Protein",
        "100 Gram": "8.7 g"
      },
      {
        "Näringsvärde": "Salt",
        "100 Gram": "3.8 g"
      }
    ],
    "nutritionUnitText": "Näringsvärde per 100 gram",
    "categories": {
      "mainCategory": "Fisk & Skaldjur",
      "subCategories": [
        {
          "name": "Sill & Ansjovis",
          "subSubCategories": [
            "Inlagd sill"
          ]
        }
      ]
    }
  },
  {
    "name": "Löjrom kyld 50g Ullmo",
    "weightText": "0.05 kg",
    "caPart": "",
    "weightValue": 0.05,
    "weightUnit": "kg",
    "comparePrice": "2 300,00 kr/kg",
    "currentPrice": 115,
    "attributes": [],
    "imgUrl": "https://handlaprivatkund.ica.se/images-v3/bf7a00ca-390e-4769-865f-dc369586872e/b4f8eee1-14c3-4bb5-9269-80a7163eef6a/500x500.jpg",
    "productInformation": "",
    "countryText": "",
    "companyText": "Ullmo",
    "ingrediensText": "Nordamerikansk LÖJROM* från Amerikansk siklöja (Coregonus artedi), salt 3,5%. Nettovikt: 50g. Pastöriserad utan konserveringsmedel. *Fiskad med garn i Lake Superior, USA.",
    "storage": "",
    "allergens": "",
    "usage": "",
    "nutrition": [
      {
        "Näringsvärde": "Energi (kcal)",
        "100 Gram": "126 kcal"
      },
      {
        "Näringsvärde": "Energi (kJ)",
        "100 Gram": "527 kJ"
      },
      {
        "Näringsvärde": "Fett",
        "100 Gram": "2.3 g"
      },
      {
        "Näringsvärde": "Varav mättat fett",
        "100 Gram": "0.4 g"
      },
      {
        "Näringsvärde": "Kolhydrat",
        "100 Gram": "1.5 g"
      },
      {
        "Näringsvärde": "Varav sockerarter",
        "100 Gram": "0 g"
      },
      {
        "Näringsvärde": "Protein",
        "100 Gram": "24.5 g"
      },
      {
        "Näringsvärde": "Salt",
        "100 Gram": "3.5 g"
      }
    ],
    "nutritionUnitText": "Näringsvärde per 100 gram",
    "categories": {
      "mainCategory": "Fisk & Skaldjur",
      "subCategories": [
        {
          "name": "Kaviar & Rom",
          "subSubCategories": [
            "Färsk rom"
          ]
        }
      ]
    }
  },
  {
    "name": "Laxfilé Färsk Gravad 100g Miljömärkt Korshags",
    "weightText": "0.1 kg",
    "caPart": "",
    "weightValue": 0.1,
    "weightUnit": "kg",
    "comparePrice": "539,50 kr/kg",
    "currentPrice": 53.95,
    "attributes": [
      "Nyckelhålet"
    ],
    "imgUrl": "https://handlaprivatkund.ica.se/images-v3/bf7a00ca-390e-4769-865f-dc369586872e/3cb3fe5f-5765-4310-8ff4-ea1b5611da0a/500x500.jpg",
    "productInformation": "Gravad lax av högsta kvalité i fina skivor. Handgravad i Falkenberg enligt vårt origanlrecept med salt, socker, dill och vitpeppar och helt utan tillsatser. Färdig att ätas till risotton eller rårakan. Hållbart odlad (ASC) och nyckelhålsmärkt. Korshags började 1937 med en liten fiskbutik i Falkenberg och rymmer idag tre generationer av kunskap, hantverk och nyfikenhet. Och det är vår genuina kärlek till råvarorna, maten och havet som genomsyrar allt vi gör.",
    "countryText": "",
    "companyText": "Korshags",
    "ingrediensText": "LAX, salt, socker, dill, vitpeppar",
    "storage": "",
    "allergens": "",
    "usage": "",
    "nutrition": [
      {
        "Näringsvärde": "Energi (kcal)",
        "100 Gram": "190 kcal"
      },
      {
        "Näringsvärde": "Energi (kJ)",
        "100 Gram": "800 kJ"
      },
      {
        "Näringsvärde": "Fett",
        "100 Gram": "12 g"
      },
      {
        "Näringsvärde": "Varav fleromättat fett",
        "100 Gram": "3.6 g"
      },
      {
        "Näringsvärde": "Varav mättat fett",
        "100 Gram": "1.8 g"
      },
      {
        "Näringsvärde": "Varav enkelomättat fett",
        "100 Gram": "6.5 g"
      },
      {
        "Näringsvärde": "Kolhydrat",
        "100 Gram": "2.7 g"
      },
      {
        "Näringsvärde": "Varav sockerarter",
        "100 Gram": "1.7 g"
      },
      {
        "Näringsvärde": "Protein",
        "100 Gram": "18.5 g"
      },
      {
        "Näringsvärde": "Salt",
        "100 Gram": "3 g"
      }
    ],
    "nutritionUnitText": "Näringsvärde per 100 gram",
    "categories": {
      "mainCategory": "Jul",
      "subCategories": [
        {
          "name": "Julmat",
          "subSubCategories": [
            "Lax & Gravlaxsås"
          ]
        }
      ]
    }
  },
  {
    "name": "Sill Asian Fusion Chili Ingefära Salladslök 240g Abba",
    "weightText": "0.12 kg",
    "caPart": "",
    "weightValue": 0.12,
    "weightUnit": "kg",
    "comparePrice": "212,50 kr/kg",
    "currentPrice": 25.5,
    "attributes": [],
    "imgUrl": "https://handlaprivatkund.ica.se/images-v3/bf7a00ca-390e-4769-865f-dc369586872e/1928264d-07f1-4e06-9f5c-18e6d6700e6f/500x500.jpg",
    "productInformation": "Abba Årets smak, Asian Fusion ? Chili, Ingefära, Salladslök. En härlig ny smak där det traditionella svenska sillhantverket möter spännande asiatiska smaker. Hettan från chili, syrlig lime, sötma från salladslök och rivet från ingefära i kombination med den salta sillen, skapas en harmoni av smaker i munnen där mixen av Asien och Sverige gifter sig perfekt. Perfekt för dig som vill testa något nytt och spännande på sillbordet!",
    "countryText": "",
    "companyText": "Abba",
    "ingrediensText": "SILL i bitar, socker, limejuice från koncentrat, salt, ingefära, salladslök 2%, ättika, chiliflakes, svartpeppar, limeolja, naturlig arom (innehåller kanel), syra (ättiksyra), konserveringsmedel (natriumbensoat, kaliumsorbat)",
    "storage": "Öppnad produkt smakar bäst inom 14 dagar. I kylskåp 2-8 °C",
    "allergens": "",
    "usage": "",
    "nutrition": [
      {
        "Näringsvärde": "Energi (kcal)",
        "100 Gram": "247 kcal"
      },
      {
        "Näringsvärde": "Energi (kJ)",
        "100 Gram": "1035 kJ"
      },
      {
        "Näringsvärde": "Fett",
        "100 Gram": "13 g"
      },
      {
        "Näringsvärde": "Varav mättat fett",
        "100 Gram": "3.4 g"
      },
      {
        "Näringsvärde": "Kolhydrat",
        "100 Gram": "22 g"
      },
      {
        "Näringsvärde": "Varav sockerarter",
        "100 Gram": "21 g"
      },
      {
        "Näringsvärde": "Protein",
        "100 Gram": "11 g"
      },
      {
        "Näringsvärde": "Salt",
        "100 Gram": "3.1 g"
      }
    ],
    "nutritionUnitText": "Näringsvärde per 100 gram",
    "categories": {
      "mainCategory": "Fisk & Skaldjur",
      "subCategories": [
        {
          "name": "Sill & Ansjovis",
          "subSubCategories": [
            "Inlagd sill"
          ]
        }
      ]
    }
  },
  {
    "name": "Rom svart finkornig 78g Abba",
    "weightText": "0.078 kg",
    "caPart": "",
    "weightValue": 0.078,
    "weightUnit": "kg",
    "comparePrice": "409,62 kr/kg",
    "currentPrice": 31.95,
    "attributes": [
      "MSC-märkt"
    ],
    "imgUrl": "https://handlaprivatkund.ica.se/images-v3/bf7a00ca-390e-4769-865f-dc369586872e/a2c26e5e-854d-4950-b07a-221c64cbd7d0/500x500.jpg",
    "productInformation": "Abba Finkornig rom är en svart caviar med små fina romkorn som är ett prisvärt alternativ till löjrom och stenbitsrom och passar perfekt som lyxigt tillbehör till förrätten, såsen eller varför inte chipsen? Finkornig rom består av rom från sill (Clupea harengus) av högsta kvalitet som fiskas i Nordostatlanten och som enbart kommer från livskraftiga bestånd. Romen lagras sedan i vårt bergrum i Kungshamn på bohuslänska västkusten innan den hamnar i förpackningen. Vad ska du laga för mat idag? Varför inte göra en smörstekt toast med caviar, finhackad rödlök, lite smetana och dill?",
    "countryText": "",
    "companyText": "Abba",
    "ingrediensText": "Saltad SILLrom (88%), vatten, svart morotsjuicekoncentrat, färgämne (E153, E120, E133, E150d (Innehåller SVAVELdioxid)), förtjockningsmedel (E415), konserveringsmedel (E202, E211), socker, syra (E330), naturlig lökarom.",
    "storage": "I kylskåp max 8 °C. Öppnad förpackning konsumeras inom 14 dagar Lägsta förvaringstemperatur 2°C Högsta förvaringstemperatur 8°C",
    "allergens": "",
    "usage": "",
    "nutrition": [
      {
        "Näringsvärde": "Energi (kcal)",
        "100 Gram": "70 kcal"
      },
      {
        "Näringsvärde": "Energi (kJ)",
        "100 Gram": "295 kJ"
      },
      {
        "Näringsvärde": "Fett",
        "100 Gram": "1.3 g"
      },
      {
        "Näringsvärde": "Varav mättat fett",
        "100 Gram": "0 g"
      },
      {
        "Näringsvärde": "Kolhydrat",
        "100 Gram": "3.5 g"
      },
      {
        "Näringsvärde": "Varav sockerarter",
        "100 Gram": "0.8 g"
      },
      {
        "Näringsvärde": "Protein",
        "100 Gram": "11 g"
      },
      {
        "Näringsvärde": "Salt",
        "100 Gram": "5.3 g"
      }
    ],
    "nutritionUnitText": "Näringsvärde per 100 gram",
    "categories": {
      "mainCategory": "Jul",
      "subCategories": [
        {
          "name": "Julmat",
          "subSubCategories": [
            "Lutfisk, Caviar & Röror"
          ]
        }
      ]
    }
  },
  {
    "name": "Regnbågslax Färsk Varmrökt ca 800g Korshags",
    "weightText": "Ca 0.8 kg",
    "caPart": "Ca",
    "weightValue": 0.8,
    "weightUnit": "kg",
    "comparePrice": "199,00 kr/kg",
    "currentPrice": 159.2,
    "attributes": [
      "Nyckelhålet"
    ],
    "imgUrl": "https://handlaprivatkund.ica.se/images-v3/bf7a00ca-390e-4769-865f-dc369586872e/d2d0da28-d1dc-4e5e-a3e4-5216c1975d43/500x500.jpg",
    "productInformation": "Varmrökt regnbågslax av högsta kvalité. Färskrökt för hand i Falkenberg med enbär, färskflisad alved från Halland och helt utan tillsatser. De naturliga aromerna från veden ger en välbalanserad röksmak och fin karaktär. Hållbart odlad (ASC) och nyckelhålsmärkt. Korshags började 1937 med en liten fiskbutik i Falkenberg och rymmer idag tre generationer av kunskap, hantverk och nyfikenhet. Och det är vår genuina kärlek till råvarorna, maten och havet som genomsyrar allt vi gör.",
    "countryText": "",
    "companyText": "Korshags",
    "ingrediensText": "Ingredienser: REGNBÅGSLAX, salt",
    "storage": "",
    "allergens": "",
    "usage": "",
    "nutrition": [
      {
        "Näringsvärde": "Energi (kcal)",
        "100 Gram": "160 kcal"
      },
      {
        "Näringsvärde": "Energi (kJ)",
        "100 Gram": "670 kJ"
      },
      {
        "Näringsvärde": "Fett",
        "100 Gram": "7.7 g"
      },
      {
        "Näringsvärde": "Varav fleromättat fett",
        "100 Gram": "2.1 g"
      },
      {
        "Näringsvärde": "Varav mättat fett",
        "100 Gram": "1.2 g"
      },
      {
        "Näringsvärde": "Varav enkelomättat fett",
        "100 Gram": "3.6 g"
      },
      {
        "Näringsvärde": "Kolhydrat",
        "100 Gram": "0.5 g"
      },
      {
        "Näringsvärde": "Varav sockerarter",
        "100 Gram": "0.5 g"
      },
      {
        "Näringsvärde": "Protein",
        "100 Gram": "22.3 g"
      },
      {
        "Näringsvärde": "Salt",
        "100 Gram": "1.9 g"
      }
    ],
    "nutritionUnitText": "Näringsvärde per 100 gram",
    "categories": {
      "mainCategory": "Fisk & Skaldjur",
      "subCategories": [
        {
          "name": "Fisk",
          "subSubCategories": [
            "Lax",
            "Rökt lax"
          ]
        }
      ]
    }
  },
  {
    "name": "Surströmming filé 10-12st 300g Oskars",
    "weightText": "0.3 kg",
    "caPart": "",
    "weightValue": 0.3,
    "weightUnit": "kg",
    "comparePrice": "333,17 kr/kg u. spad",
    "currentPrice": 99.95,
    "attributes": [],
    "imgUrl": "https://handlaprivatkund.ica.se/images-v3/bf7a00ca-390e-4769-865f-dc369586872e/721ae95a-f74a-435d-9471-3ba3e57b022c/500x500.jpg",
    "productInformation": "Kylkonserv. Förvaras kallt (+4°C till +6°C",
    "countryText": "",
    "companyText": "Oskars",
    "ingrediensText": "",
    "storage": "",
    "allergens": "",
    "usage": "",
    "nutrition": [],
    "nutritionUnitText": "",
    "categories": {
      "mainCategory": "Fisk & Skaldjur",
      "subCategories": [
        {
          "name": "Sill & Ansjovis",
          "subSubCategories": [
            "Surströmming"
          ]
        }
      ]
    }
  },
  {
    "name": "Matjessill 300g Mor Brittas",
    "weightText": "0.3 kg",
    "caPart": "",
    "weightValue": 0.3,
    "weightUnit": "kg",
    "comparePrice": "133,17 kr/kg",
    "currentPrice": 39.95,
    "attributes": [],
    "imgUrl": "https://handlaprivatkund.ica.se/images-v3/bf7a00ca-390e-4769-865f-dc369586872e/8e4e91ca-410c-43a3-bba0-5d2c4fc8cc6b/500x500.jpg",
    "productInformation": "Kylvara. Förvaras vid högst +8°C",
    "countryText": "",
    "companyText": "Kosterfiskarn",
    "ingrediensText": "",
    "storage": "",
    "allergens": "",
    "usage": "",
    "nutrition": [],
    "nutritionUnitText": "",
    "categories": {
      "mainCategory": "Fisk & Skaldjur",
      "subCategories": [
        {
          "name": "Sill & Ansjovis",
          "subSubCategories": [
            "Inlagd sill"
          ]
        }
      ]
    }
  },
  {
    "name": "Surströmmingsfiléer 300g Röda Ulven",
    "weightText": "0.3 kg",
    "caPart": "",
    "weightValue": 0.3,
    "weightUnit": "kg",
    "comparePrice": "350,00 kr/kg u. spad",
    "currentPrice": 105,
    "attributes": [],
    "imgUrl": "https://handlaprivatkund.ica.se/images-v3/bf7a00ca-390e-4769-865f-dc369586872e/24583c11-c604-4640-804d-42d7c46def8e/500x500.jpg",
    "productInformation": "",
    "countryText": "",
    "companyText": "Röda Ulven",
    "ingrediensText": "Strömmingsfilé, vatten och salt",
    "storage": "",
    "allergens": "",
    "usage": "",
    "nutrition": [
      {
        "Näringsvärde": "Energi (kcal)",
        "100 Gram": "61 kcal"
      },
      {
        "Näringsvärde": "Energi (kJ)",
        "100 Gram": "255 kJ"
      },
      {
        "Näringsvärde": "Fett",
        "100 Gram": "2.2 g"
      },
      {
        "Näringsvärde": "Varav mättat fett",
        "100 Gram": "0.5 g"
      },
      {
        "Näringsvärde": "Kolhydrat",
        "100 Gram": "0.59 g"
      },
      {
        "Näringsvärde": "Varav sockerarter",
        "100 Gram": "0.59 g"
      },
      {
        "Näringsvärde": "Protein",
        "100 Gram": "9.7 g"
      },
      {
        "Näringsvärde": "Salt",
        "100 Gram": "7.5 g"
      }
    ],
    "nutritionUnitText": "Näringsvärde per 100 gram",
    "categories": {
      "mainCategory": "Fisk & Skaldjur",
      "subCategories": [
        {
          "name": "Sill & Ansjovis",
          "subSubCategories": [
            "Surströmming"
          ]
        }
      ]
    }
  },
  {
    "name": "Surströmmingsfilé 300g Kallax",
    "weightText": "0.3 kg",
    "caPart": "",
    "weightValue": 0.3,
    "weightUnit": "kg",
    "comparePrice": "296,50 kr/kg u. spad",
    "currentPrice": 88.95,
    "attributes": [],
    "imgUrl": "https://handlaprivatkund.ica.se/images-v3/bf7a00ca-390e-4769-865f-dc369586872e/732010fd-7334-45b0-93f0-5cd8c1bd9402/500x500.jpg",
    "productInformation": "",
    "countryText": "",
    "companyText": "Kallax",
    "ingrediensText": "STRÖMMING (clupea harengus), Vatten, Salt",
    "storage": "",
    "allergens": "",
    "usage": "",
    "nutrition": [],
    "nutritionUnitText": "",
    "categories": {
      "mainCategory": "Fisk & Skaldjur",
      "subCategories": [
        {
          "name": "Sill & Ansjovis",
          "subSubCategories": [
            "Surströmming"
          ]
        }
      ]
    }
  },
  {
    "name": "Laxfilé Färsk Varmrökt Chili & Sesam 125g Korshags",
    "weightText": "0.125 kg",
    "caPart": "",
    "weightValue": 0.125,
    "weightUnit": "kg",
    "comparePrice": "559,60 kr/kg",
    "currentPrice": 69.95,
    "attributes": [
      "Nyckelhålet"
    ],
    "imgUrl": "https://handlaprivatkund.ica.se/images-v3/bf7a00ca-390e-4769-865f-dc369586872e/42142e9a-ebda-46de-b550-140b5c80c3fb/500x500.jpg",
    "productInformation": "Varmrökt lax av högsta kvalité med en kryddig glaze av chili, vitlök och toppad med vita sesamfrön. Färskrökt för hand i Falkenberg med enbär, färskflisad alved från Halland och helt utan tillsatser. Klar att ätas, inspirerad av det koreanska köket men lika självklar i andra asiatiska recept. Hållbart odlad (ASC) och nyckelhålsmärkt. Korshags började 1937 med en liten fiskbutik i Falkenberg och rymmer idag tre generationer av kunskap, hantverk och nyfikenhet. Och det är vår genuina kärlek till råvarorna, maten och havet som genomsyrar allt vi gör.",
    "countryText": "",
    "companyText": "Korshags",
    "ingrediensText": "Ingredienser: LAX, salt, SESAMFRÖ, vitlök, druvsocker, chiliflakes, kryddor, vitvinsvinägerpulver.",
    "storage": "",
    "allergens": "",
    "usage": "",
    "nutrition": [
      {
        "Näringsvärde": "Energi (kcal)",
        "100 Gram": "279 kcal"
      },
      {
        "Näringsvärde": "Energi (kJ)",
        "100 Gram": "1161 kJ"
      },
      {
        "Näringsvärde": "Fett",
        "100 Gram": "19.3 g"
      },
      {
        "Näringsvärde": "Varav fleromättat fett",
        "100 Gram": "6.3 g"
      },
      {
        "Näringsvärde": "Varav mättat fett",
        "100 Gram": "2.5 g"
      },
      {
        "Näringsvärde": "Varav enkelomättat fett",
        "100 Gram": "8.8 g"
      },
      {
        "Näringsvärde": "Kolhydrat",
        "100 Gram": "0.6 g"
      },
      {
        "Näringsvärde": "Varav sockerarter",
        "100 Gram": "0.5 g"
      },
      {
        "Näringsvärde": "Protein",
        "100 Gram": "25.7 g"
      },
      {
        "Näringsvärde": "Salt",
        "100 Gram": "1.1 g"
      }
    ],
    "nutritionUnitText": "Näringsvärde per 100 gram",
    "categories": {
      "mainCategory": "Fisk & Skaldjur",
      "subCategories": [
        {
          "name": "Fisk",
          "subSubCategories": [
            "Lax",
            "Rökt lax"
          ]
        }
      ]
    }
  },
  {
    "name": "Senapssill 250g Fiskexporten",
    "weightText": "0.25 kg",
    "caPart": "",
    "weightValue": 0.25,
    "weightUnit": "kg",
    "comparePrice": "126,00 kr/kg",
    "currentPrice": 31.5,
    "attributes": [],
    "imgUrl": "https://handlaprivatkund.ica.se/images-v3/bf7a00ca-390e-4769-865f-dc369586872e/e419b713-ef88-4100-8649-5c7bf64aeafc/500x500.jpg",
    "productInformation": "En klassiker på festbordet. Gjord på skånsk grovkornig senap. Salt sill som vattnas ur och läggs i en sockerlag och därefter i en krämig senapsås.",
    "countryText": "",
    "companyText": "Fiskexporten",
    "ingrediensText": "Ingredienser: SILL (Clupea harengus, fiskad i Nordostatlanten FAO27, med not och trål), rapsolja, vatten, socker, SENAPSFRÖ, ättika, ÄGGULA, dill, salt, kryddor, modifierad majsstärkelse, citronkoncentrat, konserveringsmedel (kaliumsorbat, natriumbensoat), förtjockningsmedel (guarkärnmjöl, xantangummi), surhetsreglerande medel (mjölksyra, citronsyra), färgämne (riboflavin, betakaroten).",
    "storage": "",
    "allergens": "",
    "usage": "",
    "nutrition": [
      {
        "Näringsvärde": "Energi (kcal)",
        "100 Gram": "262 kcal"
      },
      {
        "Näringsvärde": "Energi (kJ)",
        "100 Gram": "1096 kJ"
      },
      {
        "Näringsvärde": "Fett",
        "100 Gram": "14 g"
      },
      {
        "Näringsvärde": "Varav mättat fett",
        "100 Gram": "1.7 g"
      },
      {
        "Näringsvärde": "Kolhydrat",
        "100 Gram": "23 g"
      },
      {
        "Näringsvärde": "Varav sockerarter",
        "100 Gram": "21 g"
      },
      {
        "Näringsvärde": "Protein",
        "100 Gram": "10 g"
      },
      {
        "Näringsvärde": "Salt",
        "100 Gram": "2 g"
      }
    ],
    "nutritionUnitText": "Näringsvärde per 100 gram",
    "categories": {
      "mainCategory": "Fisk & Skaldjur",
      "subCategories": [
        {
          "name": "Sill & Ansjovis",
          "subSubCategories": [
            "Inlagd sill"
          ]
        }
      ]
    }
  },
  {
    "name": "Grönmusslor Fryst 500g ICA",
    "weightText": "0.5 kg",
    "caPart": "",
    "weightValue": 0.5,
    "weightUnit": "kg",
    "comparePrice": "185,90 kr/kg",
    "currentPrice": 92.95,
    "attributes": [
      "Nyckelhålet"
    ],
    "imgUrl": "https://handlaprivatkund.ica.se/images-v3/bf7a00ca-390e-4769-865f-dc369586872e/863a9f5c-8c65-4af7-ac49-492ccdd02d55/500x500.jpg",
    "productInformation": "ICAs Grönmusslor är färdiga att grantinera, se tips på recept på baksidan av förpackningen.",
    "countryText": "",
    "companyText": "ICA",
    "ingrediensText": "Grönmusslor/grønnskjell* med skal. (Perna canaliculus) *Odlade i Nya Zeeland.",
    "storage": "Lägsta förvaringstemperatur -24°C Högsta förvaringstemperatur -18°C",
    "allergens": "Innehåller Blötdjur",
    "usage": "",
    "nutrition": [],
    "nutritionUnitText": "Näringsvärde per styck",
    "categories": {
      "mainCategory": "Fryst",
      "subCategories": [
        {
          "name": "Fryst fisk & Skaldjur",
          "subSubCategories": [
            "Frysta skaldjursdelikatesser"
          ]
        }
      ]
    }
  },
  {
    "name": "Kräftmarinerad Sill 250g Klädesholmen",
    "weightText": "0.125 kg",
    "caPart": "",
    "weightValue": 0.125,
    "weightUnit": "kg",
    "comparePrice": "196,00 kr/kg u. spad",
    "currentPrice": 24.5,
    "attributes": [],
    "imgUrl": "https://handlaprivatkund.ica.se/images-v3/bf7a00ca-390e-4769-865f-dc369586872e/441b2d0b-fe4b-4d8a-8305-0e95f8c2b004/500x500.jpg",
    "productInformation": "",
    "countryText": "",
    "companyText": "Klädesholmen",
    "ingrediensText": "Ingredienser: Marinerad SILL (Clupea harengus)* i bitar (SILL, salt, ättika, socker), rapsolja, vatten, socker, chilisås (tomatpuré, socker, salt, chili, kryddor), lök, röd SUMPKRÄFTA (Procambarus clarkii) 2,0%, ättika, ÄGGPULVER, purjolök, dill, surhetsreglerande medel (citronsyra), förtjockningsmedel (E415), konserveringsmedel (E211, E202), aromer (bl.a. SKALDJUR).",
    "storage": "Förvaras kylt. Lägsta förvaringstemperatur 2°C Högsta förvaringstemperatur 8°C",
    "allergens": "",
    "usage": "",
    "nutrition": [
      {
        "Näringsvärde": "Energi (kcal)",
        "100 Gram": "230 kcal"
      },
      {
        "Näringsvärde": "Energi (kJ)",
        "100 Gram": "1100 kJ"
      },
      {
        "Näringsvärde": "Fett",
        "100 Gram": "18 g"
      },
      {
        "Näringsvärde": "Varav mättat fett",
        "100 Gram": "2.4 g"
      },
      {
        "Näringsvärde": "Kolhydrat",
        "100 Gram": "18 g"
      },
      {
        "Näringsvärde": "Varav sockerarter",
        "100 Gram": "17 g"
      },
      {
        "Näringsvärde": "Protein",
        "100 Gram": "7.1 g"
      },
      {
        "Näringsvärde": "Salt",
        "100 Gram": "2.5 g"
      }
    ],
    "nutritionUnitText": "Näringsvärde per 100 gram",
    "categories": {
      "mainCategory": "Fisk & Skaldjur",
      "subCategories": [
        {
          "name": "Sill & Ansjovis",
          "subSubCategories": [
            "Inlagd sill"
          ]
        }
      ]
    }
  },
  {
    "name": "Laxfilé Färsk Varmrökt Smokey Taco 125g Korshags",
    "weightText": "0.125 kg",
    "caPart": "",
    "weightValue": 0.125,
    "weightUnit": "kg",
    "comparePrice": "559,60 kr/kg",
    "currentPrice": 69.95,
    "attributes": [
      "Nyckelhålet"
    ],
    "imgUrl": "https://handlaprivatkund.ica.se/images-v3/bf7a00ca-390e-4769-865f-dc369586872e/b4b9c93e-6af8-4f26-95d7-c94fe14fffcf/500x500.jpg",
    "productInformation": "Varmrökt lax av högsta kvalité med en mild och frisk tacokryddning av vitlök, paprika, koriander, ingefära, mango och lime. Färskrökt för hand i Falkenberg med enbär, färskflisad alved från Halland och helt utan tillsatser. Färdig att ätas, dela i mindre bitar till tacos med dina favorittillbehör. Hållbart odlad (ASC) och nyckelhålsmärkt. Korshags började 1937 med en liten fiskbutik i Falkenberg och rymmer idag tre generationer av kunskap, hantverk och nyfikenhet. Och det är vår genuina kärlek till råvarorna, maten och havet som genomsyrar allt vi gör.",
    "countryText": "",
    "companyText": "Korshags",
    "ingrediensText": "Ingredienser: LAX, salt, kryddor, druvsocker, tomat, lök, vitlök, koriander, citronjuicepulver, paprika, limejuicepulver, mangojuicepulver, kryddextrakt",
    "storage": "",
    "allergens": "",
    "usage": "",
    "nutrition": [
      {
        "Näringsvärde": "Energi (kcal)",
        "100 Gram": "210 kcal"
      },
      {
        "Näringsvärde": "Energi (kJ)",
        "100 Gram": "880 kJ"
      },
      {
        "Näringsvärde": "Fett",
        "100 Gram": "11.4 g"
      },
      {
        "Näringsvärde": "Varav fleromättat fett",
        "100 Gram": "3.8 g"
      },
      {
        "Näringsvärde": "Varav mättat fett",
        "100 Gram": "1.5 g"
      },
      {
        "Näringsvärde": "Varav enkelomättat fett",
        "100 Gram": "5 g"
      },
      {
        "Näringsvärde": "Kolhydrat",
        "100 Gram": "1 g"
      },
      {
        "Näringsvärde": "Varav sockerarter",
        "100 Gram": "0.3 g"
      },
      {
        "Näringsvärde": "Protein",
        "100 Gram": "25.9 g"
      },
      {
        "Näringsvärde": "Salt",
        "100 Gram": "2.1 g"
      }
    ],
    "nutritionUnitText": "Näringsvärde per 100 gram",
    "categories": {
      "mainCategory": "Fisk & Skaldjur",
      "subCategories": [
        {
          "name": "Fisk",
          "subSubCategories": [
            "Lax",
            "Rökt lax"
          ]
        }
      ]
    }
  },
  {
    "name": "Laxfilé Färsk Kokt 300g Miljömärkt Korshags",
    "weightText": "0.3 kg",
    "caPart": "",
    "weightValue": 0.3,
    "weightUnit": "kg",
    "comparePrice": "396,67 kr/kg",
    "currentPrice": 119,
    "attributes": [
      "Nyckelhålet"
    ],
    "imgUrl": "https://handlaprivatkund.ica.se/images-v3/bf7a00ca-390e-4769-865f-dc369586872e/b5df6808-d955-4c51-a14a-e09039422918/500x500.jpg",
    "productInformation": "Saftig delibit av kokt lax av högsta kvalité som vi koktat varsamt i Falkenberg. Smaksatt med dill och helt utan tillsatser. Passar hela familen och är färdig att ätas till salladen eller färskpotatisen. Hållbart odlad (ASC) och nyckelhålsmärkt. Korshags började 1937 med en liten fiskbutik i Falkenberg och rymmer idag tre generationer av kunskap, hantverk och nyfikenhet. Och det är vår genuina kärlek till råvarorna, maten och havet som genomsyrar allt vi gör.",
    "countryText": "",
    "companyText": "Korshags",
    "ingrediensText": "LAX, salt, dill",
    "storage": "skinnpack",
    "allergens": "",
    "usage": "",
    "nutrition": [
      {
        "Näringsvärde": "Energi (kcal)",
        "100 Gram": "150 kcal"
      },
      {
        "Näringsvärde": "Energi (kJ)",
        "100 Gram": "630 kJ"
      },
      {
        "Näringsvärde": "Fett",
        "100 Gram": "7.4 g"
      },
      {
        "Näringsvärde": "Varav fleromättat fett",
        "100 Gram": "2.1 g"
      },
      {
        "Näringsvärde": "Varav mättat fett",
        "100 Gram": "1 g"
      },
      {
        "Näringsvärde": "Varav enkelomättat fett",
        "100 Gram": "3.6 g"
      },
      {
        "Näringsvärde": "Kolhydrat",
        "100 Gram": "0.5 g"
      },
      {
        "Näringsvärde": "Varav sockerarter",
        "100 Gram": "0.1 g"
      },
      {
        "Näringsvärde": "Protein",
        "100 Gram": "20.6 g"
      },
      {
        "Näringsvärde": "Salt",
        "100 Gram": "1.1 g"
      }
    ],
    "nutritionUnitText": "Näringsvärde per 100 gram",
    "categories": {
      "mainCategory": "Fisk & Skaldjur",
      "subCategories": [
        {
          "name": "Fisk",
          "subSubCategories": [
            "Lax",
            "Färsk lax"
          ]
        }
      ]
    }
  },
  {
    "name": "Torskrygg Fryst 450g Feldt's",
    "weightText": "0.45 kg",
    "caPart": "",
    "weightValue": 0.45,
    "weightUnit": "kg",
    "comparePrice": "286,67 kr/kg",
    "currentPrice": 129,
    "attributes": [
      "MSC-märkt"
    ],
    "imgUrl": "https://handlaprivatkund.ica.se/images-v3/bf7a00ca-390e-4769-865f-dc369586872e/2e259f20-64c5-451b-a841-b46f4101a61c/500x500.jpg",
    "productInformation": "Benfria ryggbitar av MSC-certifierad torsk",
    "countryText": "",
    "companyText": "FELDTS",
    "ingrediensText": "Benfri ryggfilé av TORSK (Gadus Morhua), 100%. Ursprung: Barents Hav, Nordostatlanten. Havsfiske. Vad",
    "storage": "",
    "allergens": "",
    "usage": "",
    "nutrition": [
      {
        "Näringsvärde": "Energi (kcal)",
        "Gram": "78",
        "% av DRI(*)": "4"
      },
      {
        "Näringsvärde": "Energi (kJ)",
        "Gram": "328",
        "% av DRI(*)": "4"
      },
      {
        "Näringsvärde": "Fett",
        "Gram": "0.5",
        "% av DRI(*)": "1"
      },
      {
        "Näringsvärde": "Varav mättat fett",
        "Gram": "0.1",
        "% av DRI(*)": "1"
      },
      {
        "Näringsvärde": "Kolhydrat",
        "Gram": "0",
        "% av DRI(*)": "0"
      },
      {
        "Näringsvärde": "Varav sockerarter",
        "Gram": "0",
        "% av DRI(*)": "0"
      },
      {
        "Näringsvärde": "Protein",
        "Gram": "18.2",
        "% av DRI(*)": "36"
      },
      {
        "Näringsvärde": "Salt",
        "Gram": "0.2",
        "% av DRI(*)": "3"
      }
    ],
    "nutritionUnitText": "",
    "categories": {
      "mainCategory": "Fisk & Skaldjur",
      "subCategories": [
        {
          "name": "Fisk",
          "subSubCategories": [
            "Torsk & Vitfisk",
            "Fryst Torsk & Vitfisk"
          ]
        }
      ]
    }
  },
  {
    "name": "Sniglar i vitlöksmör Fryst 150g Billot",
    "weightText": "0.15 kg",
    "caPart": "",
    "weightValue": 0.15,
    "weightUnit": "kg",
    "comparePrice": "673,33 kr/kg",
    "currentPrice": 101,
    "attributes": [],
    "imgUrl": "https://handlaprivatkund.ica.se/images-v3/bf7a00ca-390e-4769-865f-dc369586872e/0a45cf7f-42db-438a-a549-245128102baa/500x500.jpg",
    "productInformation": "En fransk delikatess, fylld på klassiskt vis med välkryddat vitlökssmör. Värm i ugn och servera med gott bröd till förrätt.",
    "countryText": "",
    "companyText": "Billot",
    "ingrediensText": "Ingredienser: Snigelkött Helix Lucorum (50%) (salt, kryddor, aromatiska kryddor vara selleri). Fyllning: Smör 75%, vitlök, persilja, salt, kryddor",
    "storage": "Lägsta förvaringstemperatur -25°C Högsta förvaringstemperatur -18°C",
    "allergens": "Innehåller Selleri Innehåller Blötdjur Innehåller Mjölk",
    "usage": "",
    "nutrition": [
      {
        "Näringsvärde": "Energi (kJ)",
        "100 Gram": "87 kJ"
      },
      {
        "Näringsvärde": "Fett",
        "100 Gram": "1.4 g"
      },
      {
        "Näringsvärde": "Kolhydrat",
        "100 Gram": "2.2 g"
      },
      {
        "Näringsvärde": "Protein",
        "100 Gram": "16.1 g"
      }
    ],
    "nutritionUnitText": "Näringsvärde per 100 gram",
    "categories": {
      "mainCategory": "Fryst",
      "subCategories": [
        {
          "name": "Fryst fisk & Skaldjur",
          "subSubCategories": [
            "Frysta skaldjursdelikatesser"
          ]
        }
      ]
    }
  },
  {
    "name": "Fish & Crisp Fish 200g Findus",
    "weightText": "0.2 kg",
    "caPart": "",
    "weightValue": 0.2,
    "weightUnit": "kg",
    "comparePrice": "132,50 kr/kg",
    "currentPrice": 26.5,
    "attributes": [
      "MSC-märkt"
    ],
    "imgUrl": "https://handlaprivatkund.ica.se/images-v3/bf7a00ca-390e-4769-865f-dc369586872e/d53b53b3-57f9-480a-9dd0-f99639b6d591/500x500.jpg",
    "productInformation": "Information från leverantör \n Findus Fish & Crisp av 100% fiskfilé är gjorda på hållbart fiskad Alaska pollock. Väljer du Fish & Crisp till middag så har du gjort ett smart val – det är en bra proteinkälla som har låg andel mättat fett. Findus Fish & Crisp fiskfiléer har tagit inspiration från den brittiska klassikern fish'n chips. Rätten blev snabbt populär bland arbetarklassen i England under andra hälften av 1800-talet. Numera serveras den på många håll i världen och enligt gammal tradition i en strut av tidningspapper. Stänk lite vinäger och salt på för att få den rätta engelska känslan. Smaklig måltid!",
    "countryText": "",
    "companyText": "Findus",
    "ingrediensText": "Renskurna filéer av Alaska pollock* (FISK) 51 % (Theragra chalcogramma), berikat VETEMJÖL (VETEMJÖL, mineraler [kalcium, järn], vitaminer [niacin, tiamin]), vatten, rapsolja, VETESTÄRKELSE, bakpulver (E450, E500), salt, rismjöl, majsmjöl, SENAP, druvsocker, vitlökspulver, VETEGLUTEN, naturliga aromer (bl a karamelliserat socker, SENAP), paprika, kryddextrakt (bl a gurkmeja, peppar). Kan innehålla spår av MJÖLK. *Fiskad i nordöstra eller nordvästra Stilla havet.",
    "storage": "FÖRVARING OCH MINSTA HÅLLBARHET: I frysutrymme (-18ºC eller kallare), se datummärkning. Bör alltid förvaras fryst. Bör ej frysas efter upptining. Lägsta förvaringstemperatur -25°C Högsta förvaringstemperatur -18°C",
    "allergens": "Innehåller Spannmål som innehåller gluten Innehåller Senap Kan innehålla Mjölk Innehåller Fisk",
    "usage": "",
    "nutrition": [
      {
        "Näringsvärde": "Energi (kcal)",
        "100 Gram": "207 kcal"
      },
      {
        "Näringsvärde": "Energi (kJ)",
        "100 Gram": "866 kJ"
      },
      {
        "Näringsvärde": "Fett",
        "100 Gram": "9.5 g"
      },
      {
        "Näringsvärde": "Varav mättat fett",
        "100 Gram": "0.7 g"
      },
      {
        "Näringsvärde": "Kolhydrat",
        "100 Gram": "19 g"
      },
      {
        "Näringsvärde": "Varav sockerarter",
        "100 Gram": "0.5 g"
      },
      {
        "Näringsvärde": "Fiber",
        "100 Gram": "0.6 g"
      },
      {
        "Näringsvärde": "Protein",
        "100 Gram": "11 g"
      },
      {
        "Näringsvärde": "Salt",
        "100 Gram": "0.74 g"
      }
    ],
    "nutritionUnitText": "Näringsvärde per 100 gram",
    "categories": {
      "mainCategory": "Fisk & Skaldjur",
      "subCategories": [
        {
          "name": "Färdiga fiskrätter",
          "subSubCategories": [
            "Fiskpinnar & Panerad fisk",
            "Panerad fisk"
          ]
        }
      ]
    }
  },
  {
    "name": "Matjessill 900g Fiskexporten",
    "weightText": "0.38 kg",
    "caPart": "",
    "weightValue": 0.38,
    "weightUnit": "kg",
    "comparePrice": "170,92 kr/kg u. spad",
    "currentPrice": 64.95,
    "attributes": [],
    "imgUrl": "https://handlaprivatkund.ica.se/images-v3/bf7a00ca-390e-4769-865f-dc369586872e/5d9c73ba-fd5e-4f9e-a836-4e36aba34fc6/500x500.jpg",
    "productInformation": "Färsk sill som läggs i en kryddblandning, där filéerna mognar i cirka tre till sex månader. Kryddblandningen består av vatten, salt och en rad olika kryddor, bl.a. kanel, sandel, nejlika och peppar. Slutligen läggs sillen om i våra konsumenthinkar tillsammans med vår söta Ängholmens matjeslag. Denna sill är lite mildare med en rund balanserad smak som går långt tillbaka i tiden. Med åren har det blivit en riktig Matjesklassiker. Perfekt för finsmakaren att bjuda sina vänner på.",
    "countryText": "",
    "companyText": "Fiskexporten",
    "ingrediensText": "Ingredienser: SILL (Clupea harengus, fångad i Norska havet FAO 27.2 med not och trål), vatten, socker, ättika, salt, dill, sandel, dillarom, kryddor, konserveringsmedel (natriumbensoat, kaliumsorbat).",
    "storage": "",
    "allergens": "",
    "usage": "",
    "nutrition": [
      {
        "Näringsvärde": "Energi (kcal)",
        "100 Gram": "221 kcal"
      },
      {
        "Näringsvärde": "Energi (kJ)",
        "100 Gram": "920 kJ"
      },
      {
        "Näringsvärde": "Fett",
        "100 Gram": "12 g"
      },
      {
        "Näringsvärde": "Varav mättat fett",
        "100 Gram": "2.5 g"
      },
      {
        "Näringsvärde": "Kolhydrat",
        "100 Gram": "16 g"
      },
      {
        "Näringsvärde": "Varav sockerarter",
        "100 Gram": "14 g"
      },
      {
        "Näringsvärde": "Protein",
        "100 Gram": "12 g"
      },
      {
        "Näringsvärde": "Salt",
        "100 Gram": "4.5 g"
      }
    ],
    "nutritionUnitText": "Näringsvärde per 100 gram",
    "categories": {
      "mainCategory": "Fisk & Skaldjur",
      "subCategories": [
        {
          "name": "Sill & Ansjovis",
          "subSubCategories": [
            "Inlagd sill"
          ]
        }
      ]
    }
  },
  {
    "name": "Laxfilé Färsk Gravad 150g Miljömärkt Korshags",
    "weightText": "0.15 kg",
    "caPart": "",
    "weightValue": 0.15,
    "weightUnit": "kg",
    "comparePrice": "473,00 kr/kg",
    "currentPrice": 70.95,
    "attributes": [
      "Nyckelhålet"
    ],
    "imgUrl": "https://handlaprivatkund.ica.se/images-v3/bf7a00ca-390e-4769-865f-dc369586872e/93755ec6-675c-40b6-a34a-cb59d1394390/500x500.jpg",
    "productInformation": "Gravad lax av högsta kvalité i fina skivor. Handgravad i Falkenberg enligt vårt origanlrecept med salt, socker, dill och vitpeppar och helt utan tillsatser. Färdig att ätas till risotton eller rårakan. Hållbart odlad (ASC) och nyckelhålsmärkt. Korshags började 1937 med en liten fiskbutik i Falkenberg och rymmer idag tre generationer av kunskap, hantverk och nyfikenhet. Och det är vår genuina kärlek till råvarorna, maten och havet som genomsyrar allt vi gör.",
    "countryText": "",
    "companyText": "Korshags",
    "ingrediensText": "LAX, salt, socker, dill, vitpeppar",
    "storage": "",
    "allergens": "",
    "usage": "",
    "nutrition": [
      {
        "Näringsvärde": "Energi (kcal)",
        "100 Gram": "190 kcal"
      },
      {
        "Näringsvärde": "Energi (kJ)",
        "100 Gram": "800 kJ"
      },
      {
        "Näringsvärde": "Fett",
        "100 Gram": "12 g"
      },
      {
        "Näringsvärde": "Varav fleromättat fett",
        "100 Gram": "3.6 g"
      },
      {
        "Näringsvärde": "Varav mättat fett",
        "100 Gram": "1.8 g"
      },
      {
        "Näringsvärde": "Varav enkelomättat fett",
        "100 Gram": "6.5 g"
      },
      {
        "Näringsvärde": "Kolhydrat",
        "100 Gram": "2.7 g"
      },
      {
        "Näringsvärde": "Varav sockerarter",
        "100 Gram": "1.7 g"
      },
      {
        "Näringsvärde": "Protein",
        "100 Gram": "18.5 g"
      },
      {
        "Näringsvärde": "Salt",
        "100 Gram": "3 g"
      }
    ],
    "nutritionUnitText": "Näringsvärde per 100 gram",
    "categories": {
      "mainCategory": "Jul",
      "subCategories": [
        {
          "name": "Julmat",
          "subSubCategories": [
            "Lax & Gravlaxsås"
          ]
        }
      ]
    }
  },
  {
    "name": "Saltsillfiléer 900g Fiskexporten",
    "weightText": "0.4 kg",
    "caPart": "",
    "weightValue": 0.4,
    "weightUnit": "kg",
    "comparePrice": "162,38 kr/kg u. spad",
    "currentPrice": 64.95,
    "attributes": [],
    "imgUrl": "https://handlaprivatkund.ica.se/images-v3/bf7a00ca-390e-4769-865f-dc369586872e/ad0db3bb-13ff-4840-9f52-94cf29f58786/500x500.jpg",
    "productInformation": "",
    "countryText": "",
    "companyText": "Fiskexporten",
    "ingrediensText": "Ingredienser: SILL (clupea harengus) fiskad i Nordostatlanten FAO 27, vatten, salt.",
    "storage": "",
    "allergens": "",
    "usage": "",
    "nutrition": [
      {
        "Näringsvärde": "Energi (kcal)",
        "100 Gram": "173 kcal"
      },
      {
        "Näringsvärde": "Energi (kJ)",
        "100 Gram": "722 kJ"
      },
      {
        "Näringsvärde": "Fett",
        "100 Gram": "13 g"
      },
      {
        "Näringsvärde": "Varav mättat fett",
        "100 Gram": "2 g"
      },
      {
        "Näringsvärde": "Kolhydrat",
        "100 Gram": "0 g"
      },
      {
        "Näringsvärde": "Varav sockerarter",
        "100 Gram": "0 g"
      },
      {
        "Näringsvärde": "Protein",
        "100 Gram": "14.2 g"
      },
      {
        "Näringsvärde": "Salt",
        "100 Gram": "12 g"
      }
    ],
    "nutritionUnitText": "Näringsvärde per 100 gram",
    "categories": {
      "mainCategory": "Fisk & Skaldjur",
      "subCategories": [
        {
          "name": "Sill & Ansjovis",
          "subSubCategories": [
            "Inlagd sill"
          ]
        }
      ]
    }
  },
  {
    "name": "Fjällrödingfilé Utan Ben Med Skinn ca 400g Grimsis",
    "weightText": "Ca 0.4 kg",
    "caPart": "Ca",
    "weightValue": 0.4,
    "weightUnit": "kg",
    "comparePrice": "379,00 kr/kg",
    "currentPrice": 151.6,
    "attributes": [],
    "imgUrl": "https://handlaprivatkund.ica.se/images-v3/bf7a00ca-390e-4769-865f-dc369586872e/52f21b35-566a-431f-b1ee-9d38f74d2945/500x500.jpg",
    "productInformation": "Fjällrödingfilé med skinn, utan ben.",
    "countryText": "",
    "companyText": "Grimsis",
    "ingrediensText": "FJÄLLRÖDING (Salvelinus alpinus). Ursprung: Odlad, Island. Odling i vatten av exempelvis fisk, skaldjur, alger eller vattenväxter",
    "storage": "",
    "allergens": "",
    "usage": "Bör ej frysas efter upptining",
    "nutrition": [
      {
        "Näringsvärde": "Energi (kcal)",
        "Gram": "185",
        "% av DRI(*)": "9"
      },
      {
        "Näringsvärde": "Energi (kJ)",
        "Gram": "769",
        "% av DRI(*)": "9"
      },
      {
        "Näringsvärde": "Fett",
        "Gram": "12",
        "% av DRI(*)": "17"
      },
      {
        "Näringsvärde": "Varav mättat fett",
        "Gram": "2",
        "% av DRI(*)": "10"
      },
      {
        "Näringsvärde": "Kolhydrat",
        "Gram": "0",
        "% av DRI(*)": "0"
      },
      {
        "Näringsvärde": "Varav sockerarter",
        "Gram": "0",
        "% av DRI(*)": "0"
      },
      {
        "Näringsvärde": "Protein",
        "Gram": "18.9",
        "% av DRI(*)": "38"
      },
      {
        "Näringsvärde": "Salt",
        "Gram": "0.09",
        "% av DRI(*)": "2"
      }
    ],
    "nutritionUnitText": "Näringsvärde per styck",
    "categories": {
      "mainCategory": "Fryst",
      "subCategories": [
        {
          "name": "Fryst fisk & Skaldjur",
          "subSubCategories": [
            "Fryst övrig fisk"
          ]
        }
      ]
    }
  },
  {
    "name": "Torskrygg ca 600g Grimsis",
    "weightText": "Ca 0.6 kg",
    "caPart": "Ca",
    "weightValue": 0.6,
    "weightUnit": "kg",
    "comparePrice": "349,00 kr/kg",
    "currentPrice": 209.4,
    "attributes": [
      "MSC-märkt"
    ],
    "imgUrl": "https://handlaprivatkund.ica.se/images-v3/bf7a00ca-390e-4769-865f-dc369586872e/23a1131c-78d4-4cfa-adfc-a0981f08a5f3/500x500.jpg",
    "productInformation": "Torskrygg. Skinn- och benfri",
    "countryText": "",
    "companyText": "Grimsis",
    "ingrediensText": "TORSK (Gadus morhua). Ursprung: Vildfångad med Krok, Nordostatlanten på Islands sockeln. FAO 27. Islandssockeln (Sektion 27.5.a). Havsfiske. Krokar och revar",
    "storage": "",
    "allergens": "",
    "usage": "Bör ej frysas efter upptining",
    "nutrition": [
      {
        "Näringsvärde": "Energi (kcal)",
        "Gram": "76",
        "% av DRI(*)": "4"
      },
      {
        "Näringsvärde": "Energi (kJ)",
        "Gram": "323",
        "% av DRI(*)": "4"
      },
      {
        "Näringsvärde": "Fett",
        "Gram": "0.6",
        "% av DRI(*)": "1"
      },
      {
        "Näringsvärde": "Varav mättat fett",
        "Gram": "0.1",
        "% av DRI(*)": "1"
      },
      {
        "Näringsvärde": "Kolhydrat",
        "Gram": "0",
        "% av DRI(*)": "0"
      },
      {
        "Näringsvärde": "Varav sockerarter",
        "Gram": "0",
        "% av DRI(*)": "0"
      },
      {
        "Näringsvärde": "Protein",
        "Gram": "17.7",
        "% av DRI(*)": "35"
      },
      {
        "Näringsvärde": "Salt",
        "Gram": "0.2",
        "% av DRI(*)": "3"
      }
    ],
    "nutritionUnitText": "Näringsvärde per styck",
    "categories": {
      "mainCategory": "Fryst",
      "subCategories": [
        {
          "name": "Fryst fisk & Skaldjur",
          "subSubCategories": [
            "Fryst torsk & vitfisk"
          ]
        }
      ]
    }
  },
  {
    "name": "Lax Färsk Varmrökt Lime och Basilika 125g Miljömärkt Korshags",
    "weightText": "0.125 kg",
    "caPart": "",
    "weightValue": 0.125,
    "weightUnit": "kg",
    "comparePrice": "559,60 kr/kg",
    "currentPrice": 69.95,
    "attributes": [
      "Nyckelhålet"
    ],
    "imgUrl": "https://handlaprivatkund.ica.se/images-v3/bf7a00ca-390e-4769-865f-dc369586872e/d02bbcb4-47ac-4f2c-86f4-b6321da61c7f/500x500.jpg",
    "productInformation": "Varmrökt lax av högsta kvalité. Färskrökt för hand i Falkenberg med enbär och färskflisad alved från Halland och fräscht smaksatt med lime och basilika. De naturliga aromerna från veden ger en välbalanserad röksmak och fin karaktär. Klar att ätas i en sallad eller i pasta. Hållbart odlad (ASC) och nyckelhålsmärkt. Korshags började 1937 med en liten fiskbutik i Falkenberg och rymmer idag tre generationer av kunskap, hantverk och nyfikenhet. Och det är vår genuina kärlek till råvarorna, maten och havet som genomsyrar allt vi gör.",
    "countryText": "",
    "companyText": "Korshags",
    "ingrediensText": "Ingredienser: LAX, salt, basilika, limearom (citronsyra E330, etanol, isopropanol, alfa-tokoferol E307)",
    "storage": "",
    "allergens": "",
    "usage": "",
    "nutrition": [
      {
        "Näringsvärde": "Energi (kcal)",
        "100 Gram": "240 kcal"
      },
      {
        "Näringsvärde": "Energi (kJ)",
        "100 Gram": "1000 kJ"
      },
      {
        "Näringsvärde": "Fett",
        "100 Gram": "17 g"
      },
      {
        "Näringsvärde": "Varav fleromättat fett",
        "100 Gram": "4.6 g"
      },
      {
        "Näringsvärde": "Varav mättat fett",
        "100 Gram": "2.4 g"
      },
      {
        "Näringsvärde": "Varav enkelomättat fett",
        "100 Gram": "8.5 g"
      },
      {
        "Näringsvärde": "Kolhydrat",
        "100 Gram": "0.5 g"
      },
      {
        "Näringsvärde": "Varav sockerarter",
        "100 Gram": "0.1 g"
      },
      {
        "Näringsvärde": "Protein",
        "100 Gram": "23.2 g"
      },
      {
        "Näringsvärde": "Salt",
        "100 Gram": "1.8 g"
      }
    ],
    "nutritionUnitText": "Näringsvärde per 100 gram",
    "categories": {
      "mainCategory": "Fisk & Skaldjur",
      "subCategories": [
        {
          "name": "Fisk",
          "subSubCategories": [
            "Lax",
            "Rökt lax"
          ]
        }
      ]
    }
  },
  {
    "name": "Löksill 300g Mor Brittas",
    "weightText": "0.15 kg",
    "caPart": "",
    "weightValue": 0.15,
    "weightUnit": "kg",
    "comparePrice": "266,33 kr/kg u. spad",
    "currentPrice": 39.95,
    "attributes": [],
    "imgUrl": "https://handlaprivatkund.ica.se/images-v3/bf7a00ca-390e-4769-865f-dc369586872e/30c66d9f-050f-45dc-b467-9d29c5d39605/500x500.jpg",
    "productInformation": "Kylvara. Förvaras vid högst +8°C",
    "countryText": "",
    "companyText": "KosterFiskar",
    "ingrediensText": "",
    "storage": "",
    "allergens": "",
    "usage": "",
    "nutrition": [],
    "nutritionUnitText": "",
    "categories": {
      "mainCategory": "Fisk & Skaldjur",
      "subCategories": [
        {
          "name": "Sill & Ansjovis",
          "subSubCategories": [
            "Inlagd sill"
          ]
        }
      ]
    }
  },
  {
    "name": "Skarpsill i tomatsås 170g Evra Fish",
    "weightText": "0.17 kg",
    "caPart": "",
    "weightValue": 0.17,
    "weightUnit": "kg",
    "comparePrice": "146,76 kr/kg",
    "currentPrice": 24.95,
    "attributes": [],
    "imgUrl": "https://handlaprivatkund.ica.se/images-v3/bf7a00ca-390e-4769-865f-dc369586872e/bf650cee-8d12-4d7f-b680-b9a9f63125a3/500x500.jpg",
    "productInformation": "",
    "countryText": "",
    "companyText": "Evra Fish",
    "ingrediensText": "Ingredienser: 60% SKARP utan huvud, 40% tomatsås (vatten, 19% tomatkoncentrat, socker, rapsolja), salt, modifierad stärkelse, torkad lök, förtjockningsmedel: guargummi, xanthangummi; kryddextrakt (innehåller SELLERI), surhetsreglerande medel ättiksyra. Produkten kan innehålla spår av: GLUTEN, MJÖLK, SENAP, SOJA.",
    "storage": "",
    "allergens": "",
    "usage": "",
    "nutrition": [
      {
        "Näringsvärde": "Energi (kcal)",
        "100 Gram": "113 kcal"
      },
      {
        "Näringsvärde": "Energi (kJ)",
        "100 Gram": "471 kJ"
      },
      {
        "Näringsvärde": "Fett",
        "100 Gram": "6.1 g"
      },
      {
        "Näringsvärde": "Varav mättat fett",
        "100 Gram": "2.7 g"
      },
      {
        "Näringsvärde": "Kolhydrat",
        "100 Gram": "4.4 g"
      },
      {
        "Näringsvärde": "Varav sockerarter",
        "100 Gram": "4.4 g"
      },
      {
        "Näringsvärde": "Protein",
        "100 Gram": "10 g"
      },
      {
        "Näringsvärde": "Salt",
        "100 Gram": "1 g"
      }
    ],
    "nutritionUnitText": "Näringsvärde per 100 gram",
    "categories": {
      "mainCategory": "Skafferi",
      "subCategories": [
        {
          "name": "Smaker från världen",
          "subSubCategories": [
            "Polen",
            "Konserver från Polen"
          ]
        }
      ]
    }
  },
  {
    "name": "Laxfilé Utan Ben Med Skinn ca 600g Grimsis",
    "weightText": "Ca 0.6 kg",
    "caPart": "Ca",
    "weightValue": 0.6,
    "weightUnit": "kg",
    "comparePrice": "329,00 kr/kg",
    "currentPrice": 197.4,
    "attributes": [],
    "imgUrl": "https://handlaprivatkund.ica.se/images-v3/bf7a00ca-390e-4769-865f-dc369586872e/7926b685-b80c-4143-b2c1-86798b78671e/500x500.jpg",
    "productInformation": "Laxfilé i bitar, med skinn, utan ben",
    "countryText": "",
    "companyText": "Grimsis",
    "ingrediensText": "LAX (Salmo salar). Ursprung: Odlad på Island. Odling i vatten av exempelvis fisk, skaldjur, alger eller vattenväxter",
    "storage": "",
    "allergens": "",
    "usage": "",
    "nutrition": [
      {
        "Näringsvärde": "Energi (kcal)",
        "Gram": "187",
        "% av DRI(*)": "9"
      },
      {
        "Näringsvärde": "Energi (kJ)",
        "Gram": "779",
        "% av DRI(*)": "9"
      },
      {
        "Näringsvärde": "Fett",
        "Gram": "12",
        "% av DRI(*)": "17"
      },
      {
        "Näringsvärde": "Varav mättat fett",
        "Gram": "2.3",
        "% av DRI(*)": "12"
      },
      {
        "Näringsvärde": "Kolhydrat",
        "Gram": "0",
        "% av DRI(*)": "0"
      },
      {
        "Näringsvärde": "Varav sockerarter",
        "Gram": "0",
        "% av DRI(*)": "0"
      },
      {
        "Näringsvärde": "Protein",
        "Gram": "19.9",
        "% av DRI(*)": "40"
      },
      {
        "Näringsvärde": "Salt",
        "Gram": "0.1",
        "% av DRI(*)": "2"
      }
    ],
    "nutritionUnitText": "Näringsvärde per styck",
    "categories": {
      "mainCategory": "Fryst",
      "subCategories": [
        {
          "name": "Fryst fisk & Skaldjur",
          "subSubCategories": [
            "Fryst lax"
          ]
        }
      ]
    }
  },
  {
    "name": "Surströmming 475g Röda Ulven",
    "weightText": "0.475 kg",
    "caPart": "",
    "weightValue": 0.475,
    "weightUnit": "kg",
    "comparePrice": "199,89 kr/kg u. spad",
    "currentPrice": 94.95,
    "attributes": [],
    "imgUrl": "https://handlaprivatkund.ica.se/images-v3/bf7a00ca-390e-4769-865f-dc369586872e/c16d89da-dd72-4581-a779-82b434460b9b/500x500.jpg",
    "productInformation": "",
    "countryText": "",
    "companyText": "Röda Ulven",
    "ingrediensText": "Strömming, vatten och salt.",
    "storage": "",
    "allergens": "",
    "usage": "",
    "nutrition": [
      {
        "Näringsvärde": "Energi (kcal)",
        "100 Gram": "93 kcal"
      },
      {
        "Näringsvärde": "Energi (kJ)",
        "100 Gram": "389 kJ"
      },
      {
        "Näringsvärde": "Fett",
        "100 Gram": "4.5 g"
      },
      {
        "Näringsvärde": "Varav mättat fett",
        "100 Gram": "1.1 g"
      },
      {
        "Näringsvärde": "Kolhydrat",
        "100 Gram": "0.73 g"
      },
      {
        "Näringsvärde": "Varav sockerarter",
        "100 Gram": "0.73 g"
      },
      {
        "Näringsvärde": "Protein",
        "100 Gram": "12.6 g"
      },
      {
        "Näringsvärde": "Salt",
        "100 Gram": "7 g"
      }
    ],
    "nutritionUnitText": "Näringsvärde per 100 gram",
    "categories": {
      "mainCategory": "Fisk & Skaldjur",
      "subCategories": [
        {
          "name": "Sill & Ansjovis",
          "subSubCategories": [
            "Surströmming"
          ]
        }
      ]
    }
  },
  {
    "name": "Havskattfilé ca 440g Grimsis",
    "weightText": "Ca 0.44 kg",
    "caPart": "Ca",
    "weightValue": 0.44,
    "weightUnit": "kg",
    "comparePrice": "299,00 kr/kg",
    "currentPrice": 131.56,
    "attributes": [
      "MSC-märkt"
    ],
    "imgUrl": "https://handlaprivatkund.ica.se/images-v3/bf7a00ca-390e-4769-865f-dc369586872e/407dd74d-0035-4bca-92ee-16d440df7cf6/500x500.jpg",
    "productInformation": "Havskattfilé. Skinn- och benfri",
    "countryText": "",
    "companyText": "Grimsis",
    "ingrediensText": "HAVSKATT (Anarhichas lupus). Ursprung: Vildfångad med Snurrevad / Krok i Nordostatlanten på Islands sockeln. FAO 27. Nordostatlanten. Havsfiske. Snurrevad",
    "storage": "",
    "allergens": "",
    "usage": "",
    "nutrition": [
      {
        "Näringsvärde": "Energi (kcal)",
        "Gram": "73",
        "% av DRI(*)": "4"
      },
      {
        "Näringsvärde": "Energi (kJ)",
        "Gram": "305",
        "% av DRI(*)": "4"
      },
      {
        "Näringsvärde": "Fett",
        "Gram": "1.7",
        "% av DRI(*)": "2"
      },
      {
        "Näringsvärde": "Varav mättat fett",
        "Gram": "0.2",
        "% av DRI(*)": "1"
      },
      {
        "Näringsvärde": "Kolhydrat",
        "Gram": "0",
        "% av DRI(*)": "0"
      },
      {
        "Näringsvärde": "Varav sockerarter",
        "Gram": "0",
        "% av DRI(*)": "0"
      },
      {
        "Näringsvärde": "Protein",
        "Gram": "16.2",
        "% av DRI(*)": "32"
      },
      {
        "Näringsvärde": "Salt",
        "Gram": "0.2",
        "% av DRI(*)": "3"
      }
    ],
    "nutritionUnitText": "Näringsvärde per styck",
    "categories": {
      "mainCategory": "Fryst",
      "subCategories": [
        {
          "name": "Fryst fisk & Skaldjur",
          "subSubCategories": [
            "Fryst torsk & vitfisk"
          ]
        }
      ]
    }
  },
  {
    "name": "Sejfilé Ben- och Skinnfri ca 700g Grimsis",
    "weightText": "",
    "caPart": "",
    "weightValue": 0,
    "weightUnit": "",
    "comparePrice": "",
    "currentPrice": 169.95,
    "attributes": [
      "MSC-märkt"
    ],
    "imgUrl": "https://handlaprivatkund.ica.se/images-v3/bf7a00ca-390e-4769-865f-dc369586872e/bc99ca01-641c-4b46-8a4f-5ee34f1afd85/500x500.jpg",
    "productInformation": "Sejfilé. Skinn- och benfri",
    "countryText": "",
    "companyText": "Grimsis",
    "ingrediensText": "SEJ (Pollachius virens). Ursprung: Vildfångad med Trål i Nordostatlanten på Islands sockeln. FAO 27. Islandssockeln (Sektion 27.5.a). Havsfiske",
    "storage": "Djupfryst. Förvaras högst -18 C Lägsta förvaringstemperatur -30°C Högsta förvaringstemperatur -18°C",
    "allergens": "",
    "usage": "Bör ej frysas efter upptining \n \n Skinn- och benfri. Styckfryst",
    "nutrition": [
      {
        "Näringsvärde": "Energi (kcal)",
        "Gram": "80",
        "% av DRI(*)": "4"
      },
      {
        "Näringsvärde": "Energi (kJ)",
        "Gram": "339",
        "% av DRI(*)": "4"
      },
      {
        "Näringsvärde": "Fett",
        "Gram": "0.9",
        "% av DRI(*)": "1"
      },
      {
        "Näringsvärde": "Varav mättat fett",
        "Gram": "0.2",
        "% av DRI(*)": "1"
      },
      {
        "Näringsvärde": "Kolhydrat",
        "Gram": "0",
        "% av DRI(*)": "0"
      },
      {
        "Näringsvärde": "Varav sockerarter",
        "Gram": "0",
        "% av DRI(*)": "0"
      },
      {
        "Näringsvärde": "Protein",
        "Gram": "18.1",
        "% av DRI(*)": "36"
      },
      {
        "Näringsvärde": "Salt",
        "Gram": "0.3",
        "% av DRI(*)": "5"
      }
    ],
    "nutritionUnitText": "Näringsvärde per styck",
    "categories": {
      "mainCategory": "Fisk & Skaldjur",
      "subCategories": [
        {
          "name": "Fisk",
          "subSubCategories": [
            "Torsk & Vitfisk",
            "Fryst Torsk & Vitfisk"
          ]
        }
      ]
    }
  },
  {
    "name": "Laxfilé Färsk Kallrökt 300g Miljömärkt Korshags",
    "weightText": "0.3 kg",
    "caPart": "",
    "weightValue": 0.3,
    "weightUnit": "kg",
    "comparePrice": "460,00 kr/kg",
    "currentPrice": 138,
    "attributes": [
      "Nyckelhålet"
    ],
    "imgUrl": "https://handlaprivatkund.ica.se/images-v3/bf7a00ca-390e-4769-865f-dc369586872e/2a0a4b31-ef29-4bba-8177-29a1963d0dd1/500x500.jpg",
    "productInformation": "Kallrökt lax av högsta kvalité i fina skivor. Färskrökt för hand i Falkenberg med enbär, färskflisad alved från Halland och helt utan tillsatser. De naturliga aromerna från veden ger en välbalanserad röksmak och fin karaktär. Färdig att ätas i pasta eller som topping på pizzan. Hållbart odlad (ASC) och nyckelhålsmärkt. Korshags började 1937 med en liten fiskbutik i Falkenberg och rymmer idag tre generationer av kunskap, hantverk och nyfikenhet. Och det är vår genuina kärlek till råvarorna, maten och havet som genomsyrar allt vi gör.",
    "countryText": "",
    "companyText": "Korshags",
    "ingrediensText": "LAX, salt",
    "storage": "",
    "allergens": "",
    "usage": "",
    "nutrition": [
      {
        "Näringsvärde": "Energi (kcal)",
        "100 Gram": "180 kcal"
      },
      {
        "Näringsvärde": "Energi (kJ)",
        "100 Gram": "740 kJ"
      },
      {
        "Näringsvärde": "Fett",
        "100 Gram": "11 g"
      },
      {
        "Näringsvärde": "Varav fleromättat fett",
        "100 Gram": "3.5 g"
      },
      {
        "Näringsvärde": "Varav mättat fett",
        "100 Gram": "1.8 g"
      },
      {
        "Näringsvärde": "Varav enkelomättat fett",
        "100 Gram": "5.7 g"
      },
      {
        "Näringsvärde": "Kolhydrat",
        "100 Gram": "0.5 g"
      },
      {
        "Näringsvärde": "Varav sockerarter",
        "100 Gram": "0.1 g"
      },
      {
        "Näringsvärde": "Protein",
        "100 Gram": "19 g"
      },
      {
        "Näringsvärde": "Salt",
        "100 Gram": "3 g"
      }
    ],
    "nutritionUnitText": "Näringsvärde per 100 gram",
    "categories": {
      "mainCategory": "Fisk & Skaldjur",
      "subCategories": [
        {
          "name": "Fisk",
          "subSubCategories": [
            "Lax",
            "Rökt lax"
          ]
        }
      ]
    }
  },
  {
    "name": "Laxfilé Färsk Kallrökt bit 300g Miljömärkt Korshags",
    "weightText": "0.3 kg",
    "caPart": "",
    "weightValue": 0.3,
    "weightUnit": "kg",
    "comparePrice": "396,67 kr/kg",
    "currentPrice": 119,
    "attributes": [
      "Nyckelhålet"
    ],
    "imgUrl": "https://handlaprivatkund.ica.se/images-v3/bf7a00ca-390e-4769-865f-dc369586872e/a04ff208-95ed-48c0-b808-46b87a62d5d8/500x500.jpg",
    "productInformation": "Lyxig delibit av kallrökt lax av högsta kvalité. Färskrökt för hand i Falkenberg med enbär, färskflisad alved från Halland och helt utan tillsatser. De naturliga aromerna från veden ger en välbalanserad röksmak och fin karaktär. Skiva upp och servera på buffén eller i snittar. Hållbart odlad (ASC) och nyckelhålsmärkt. Korshags började 1937 med en liten fiskbutik i Falkenberg och rymmer idag tre generationer av kunskap, hantverk och nyfikenhet. Och det är vår genuina kärlek till råvarorna, maten och havet som genomsyrar allt vi gör.",
    "countryText": "",
    "companyText": "Korshags",
    "ingrediensText": "LAX, salt",
    "storage": "skinnpack",
    "allergens": "",
    "usage": "",
    "nutrition": [
      {
        "Näringsvärde": "Energi (kcal)",
        "100 Gram": "180 kcal"
      },
      {
        "Näringsvärde": "Energi (kJ)",
        "100 Gram": "740 kJ"
      },
      {
        "Näringsvärde": "Fett",
        "100 Gram": "11 g"
      },
      {
        "Näringsvärde": "Varav fleromättat fett",
        "100 Gram": "3.5 g"
      },
      {
        "Näringsvärde": "Varav mättat fett",
        "100 Gram": "1.8 g"
      },
      {
        "Näringsvärde": "Varav enkelomättat fett",
        "100 Gram": "5.7 g"
      },
      {
        "Näringsvärde": "Kolhydrat",
        "100 Gram": "0.5 g"
      },
      {
        "Näringsvärde": "Varav sockerarter",
        "100 Gram": "0.1 g"
      },
      {
        "Näringsvärde": "Protein",
        "100 Gram": "19 g"
      },
      {
        "Näringsvärde": "Salt",
        "100 Gram": "3 g"
      }
    ],
    "nutritionUnitText": "Näringsvärde per 100 gram",
    "categories": {
      "mainCategory": "Jul",
      "subCategories": [
        {
          "name": "Julmat",
          "subSubCategories": [
            "Lax & Gravlaxsås"
          ]
        }
      ]
    }
  },
  {
    "name": "Koljarygg ca 450g Grimsis",
    "weightText": "Ca 0.45 kg",
    "caPart": "Ca",
    "weightValue": 0.45,
    "weightUnit": "kg",
    "comparePrice": "329,00 kr/kg",
    "currentPrice": 148.05,
    "attributes": [
      "MSC-märkt"
    ],
    "imgUrl": "https://handlaprivatkund.ica.se/images-v3/bf7a00ca-390e-4769-865f-dc369586872e/5bf3c903-41cd-4e91-ab9a-76aab78a206a/500x500.jpg",
    "productInformation": "Skinn- och benfri Koljarygg.",
    "countryText": "",
    "companyText": "Grimsis",
    "ingrediensText": "KOLJA (Melanogrammus Aeglefinus). Ursprung: Island. Islandssockeln (Sektion 27.5.a). Havsfiske. Krokar och revar",
    "storage": "",
    "allergens": "",
    "usage": "",
    "nutrition": [
      {
        "Näringsvärde": "Energi (kcal)",
        "Gram": "76",
        "% av DRI(*)": "4"
      },
      {
        "Näringsvärde": "Energi (kJ)",
        "Gram": "323",
        "% av DRI(*)": "4"
      },
      {
        "Näringsvärde": "Fett",
        "Gram": "0.6",
        "% av DRI(*)": "1"
      },
      {
        "Näringsvärde": "Varav mättat fett",
        "Gram": "0.1",
        "% av DRI(*)": "1"
      },
      {
        "Näringsvärde": "Kolhydrat",
        "Gram": "0",
        "% av DRI(*)": "0"
      },
      {
        "Näringsvärde": "Varav sockerarter",
        "Gram": "0",
        "% av DRI(*)": "0"
      },
      {
        "Näringsvärde": "Protein",
        "Gram": "17.7",
        "% av DRI(*)": "35"
      },
      {
        "Näringsvärde": "Salt",
        "Gram": "0.2",
        "% av DRI(*)": "3"
      }
    ],
    "nutritionUnitText": "Näringsvärde per styck",
    "categories": {
      "mainCategory": "Fisk & Skaldjur",
      "subCategories": [
        {
          "name": "Fisk",
          "subSubCategories": [
            "Torsk & Vitfisk",
            "Fryst Torsk & Vitfisk"
          ]
        }
      ]
    }
  },
  {
    "name": "Laxfilé Gravad Skivad 150g Lillängshamnen",
    "weightText": "0.15 kg",
    "caPart": "",
    "weightValue": 0.15,
    "weightUnit": "kg",
    "comparePrice": "419,33 kr/kg",
    "currentPrice": 62.9,
    "attributes": [
      "Nyckelhålet"
    ],
    "imgUrl": "https://handlaprivatkund.ica.se/images-v3/bf7a00ca-390e-4769-865f-dc369586872e/b659b13f-e9b4-413e-b2ae-4af90d7e1db0/500x500.jpg",
    "productInformation": "Vi värnar om vårt arv och därför förädlar vi fortfarande fisken på samma sätt som farmor Doris gjorde när hon rökte fisken för 40 år sedan i Lillängshamnen, men nu gör vi det i en helt ny rökerianläggning. Till vår gravade lax används endast färsk superior d-trim lax som handsaltas av våra duktiga rökmästare för att sedan strö färsk dill och krossad vitpeppar tätt över hela fisken. Gravningen tar ca 72tim för att uppnå bästa resultat, precis som farmor Doris tidigare gjorde.",
    "countryText": "",
    "companyText": "Lillängshamnen",
    "ingrediensText": "Ingredienser: LAX (Salmo salar) odlad i Norge, salt, socker, dill samt vitpeppar.",
    "storage": "Obruten kylkedja",
    "allergens": "",
    "usage": "Färdig att ätas",
    "nutrition": [
      {
        "Näringsvärde": "Energi (kcal)",
        "100 Gram": "181 kcal"
      },
      {
        "Näringsvärde": "Energi (kJ)",
        "100 Gram": "759 kJ"
      },
      {
        "Näringsvärde": "Fett",
        "100 Gram": "11 g"
      },
      {
        "Näringsvärde": "Varav mättat fett",
        "100 Gram": "2 g"
      },
      {
        "Näringsvärde": "Kolhydrat",
        "100 Gram": "4 g"
      },
      {
        "Näringsvärde": "Varav sockerarter",
        "100 Gram": "3 g"
      },
      {
        "Näringsvärde": "Protein",
        "100 Gram": "20 g"
      },
      {
        "Näringsvärde": "Salt",
        "100 Gram": "3 g"
      }
    ],
    "nutritionUnitText": "Näringsvärde per 100 gram",
    "categories": {
      "mainCategory": "Fisk & Skaldjur",
      "subCategories": [
        {
          "name": "Fisk",
          "subSubCategories": [
            "Lax",
            "Gravad lax"
          ]
        }
      ]
    }
  },
  {
    "name": "Laxfilé Färsk Varmrökt Citronpeppar ca 500g Miljömärkt Korshags",
    "weightText": "Ca 0.5 kg",
    "caPart": "Ca",
    "weightValue": 0.5,
    "weightUnit": "kg",
    "comparePrice": "432,00 kr/kg",
    "currentPrice": 216,
    "attributes": [
      "Nyckelhålet"
    ],
    "imgUrl": "https://handlaprivatkund.ica.se/images-v3/bf7a00ca-390e-4769-865f-dc369586872e/dd7f5583-2c59-46bf-ae86-4c2cda8f3aab/500x500.jpg",
    "productInformation": "Varmrökt lax av högsta kvalité. Färskrökt för hand i Falkenberg med enbär, färskflisad alved från Halland och helt utan tillsatser. Klassiskt kryddad med citronpeppar. De naturliga aromerna från veden ger en välbalanserad röksmak och fin karaktär. Klar att ätas i en sallad eller brytas i en pasta. Hållbart odlad (ASC) och nyckelhålsmärkt. Korshags började 1937 med en liten fiskbutik i Falkenberg och rymmer idag tre generationer av kunskap, hantverk och nyfikenhet. Och det är vår genuina kärlek till råvarorna, maten och havet som genomsyrar allt vi gör.",
    "countryText": "",
    "companyText": "Korshags",
    "ingrediensText": "Ingredienser: LAX, salt, svartpeppar, citronjuicepulver, socker, citronskal, vitlök.",
    "storage": "",
    "allergens": "",
    "usage": "",
    "nutrition": [
      {
        "Näringsvärde": "Energi (kcal)",
        "100 Gram": "240 kcal"
      },
      {
        "Näringsvärde": "Energi (kJ)",
        "100 Gram": "1000 kJ"
      },
      {
        "Näringsvärde": "Fett",
        "100 Gram": "17 g"
      },
      {
        "Näringsvärde": "Varav fleromättat fett",
        "100 Gram": "4.6 g"
      },
      {
        "Näringsvärde": "Varav mättat fett",
        "100 Gram": "2.4 g"
      },
      {
        "Näringsvärde": "Varav enkelomättat fett",
        "100 Gram": "8.5 g"
      },
      {
        "Näringsvärde": "Kolhydrat",
        "100 Gram": "0.5 g"
      },
      {
        "Näringsvärde": "Varav sockerarter",
        "100 Gram": "0.14 g"
      },
      {
        "Näringsvärde": "Protein",
        "100 Gram": "23.2 g"
      },
      {
        "Näringsvärde": "Salt",
        "100 Gram": "1.8 g"
      }
    ],
    "nutritionUnitText": "Näringsvärde per 100 gram",
    "categories": {
      "mainCategory": "Fisk & Skaldjur",
      "subCategories": [
        {
          "name": "Fisk",
          "subSubCategories": [
            "Lax",
            "Rökt lax"
          ]
        }
      ]
    }
  },
  {
    "name": "Laxfilé varmrökt dubbel ca 2,6kg Miljömärkt Korshags",
    "weightText": "Ca 2.6 kg",
    "caPart": "Ca",
    "weightValue": 2.6,
    "weightUnit": "kg",
    "comparePrice": "284,56 kr/kg",
    "currentPrice": 739.86,
    "attributes": [
      "Nyckelhålet"
    ],
    "imgUrl": "https://handlaprivatkund.ica.se/images-v3/bf7a00ca-390e-4769-865f-dc369586872e/21ab27d8-6e4b-4c52-ad8f-32de86a7639d/500x500.jpg",
    "productInformation": "",
    "countryText": "",
    "companyText": "Korshags",
    "ingrediensText": "LAX, salt",
    "storage": "",
    "allergens": "",
    "usage": "",
    "nutrition": [
      {
        "Näringsvärde": "Energi (kcal)",
        "100 Gram": "240 kcal"
      },
      {
        "Näringsvärde": "Energi (kJ)",
        "100 Gram": "1000 kJ"
      },
      {
        "Näringsvärde": "Fett",
        "100 Gram": "17 g"
      },
      {
        "Näringsvärde": "Varav fleromättat fett",
        "100 Gram": "4.6 g"
      },
      {
        "Näringsvärde": "Varav mättat fett",
        "100 Gram": "2.4 g"
      },
      {
        "Näringsvärde": "Varav enkelomättat fett",
        "100 Gram": "8.5 g"
      },
      {
        "Näringsvärde": "Kolhydrat",
        "100 Gram": "0.5 g"
      },
      {
        "Näringsvärde": "Varav sockerarter",
        "100 Gram": "0.1 g"
      },
      {
        "Näringsvärde": "Protein",
        "100 Gram": "23.2 g"
      },
      {
        "Näringsvärde": "Salt",
        "100 Gram": "1.8 g"
      }
    ],
    "nutritionUnitText": "Näringsvärde per 100 gram",
    "categories": {
      "mainCategory": "Fisk & Skaldjur",
      "subCategories": [
        {
          "name": "Fisk",
          "subSubCategories": [
            "Lax",
            "Rökt lax"
          ]
        }
      ]
    }
  },

  {
    "name": "Knäckebröd 100 Frön & Havssalt 245g Wasa",
    "weightText": "0.245 kg",
    "caPart": "",
    "weightValue": 0.245,
    "weightUnit": "kg",
    "comparePrice": "97,76 kr/kg",
    "currentPrice": 23.95,
    "attributes": [
      "Nyckelhålet"
    ],
    "imgUrl": "https://handlaprivatkund.ica.se/images-v3/bf7a00ca-390e-4769-865f-dc369586872e/e9fc43a2-1694-4d7e-959e-a73e94de2d41/500x500.jpg",
    "productInformation": "Wasa 100 Frön & Havssalt är vårt ljuvliga jubileumsknäcke. Vi firar att Wasa har förgyllt våra måltider med gott knäcke i över 100 år. Det här är ett tunt knäckebröd som är bakat på 100% fullkornsråg, toppat med havssalt, linfrön och vallmofrön. Knäckebröd med havssalt ger en fulländad smakbrytning till de runda och nötiga tonerna från fröna. Servera detta knäckebröd med frön som kex till en ostbricka eller som knäckemacka med valfritt pålägg. Wasas hårda tunnbröd är 100% klimatkompenserat.",
    "countryText": "",
    "companyText": "Wasa",
    "ingrediensText": "FULLKORNSRÅGMJÖL (95 g*), linfrön (5,9 g*), vallmofrön (4,2 g*), jäst, havssalt (0,5 g*), salt. *i g för 100 g produkt.",
    "storage": "Förvaras torrt och mörkt.",
    "allergens": "Kan innehålla spår av Mjölk.",
    "usage": "",
    "nutrition": [
      {
        "Näringsvärde": "Energi (kcal)",
        "100 Gram": "348 kcal"
      },
      {
        "Näringsvärde": "Energi (kJ)",
        "100 Gram": "1461 kJ"
      },
      {
        "Näringsvärde": "Fett",
        "100 Gram": "5 g"
      },
      {
        "Näringsvärde": "Varav mättat fett",
        "100 Gram": "0.7 g"
      },
      {
        "Näringsvärde": "Kolhydrat",
        "100 Gram": "54 g"
      },
      {
        "Näringsvärde": "Varav sockerarter",
        "100 Gram": "1 g"
      },
      {
        "Näringsvärde": "Fiber",
        "100 Gram": "21 g"
      },
      {
        "Näringsvärde": "Protein",
        "100 Gram": "11 g"
      },
      {
        "Näringsvärde": "Salt",
        "100 Gram": "1.2 g"
      }
    ],
    "nutritionUnitText": "Näringsvärde per 100 gram",
    "categories": {
      "mainCategory": "Bröd & Kakor",
      "subCategories": [
        {
          "name": "Knäckebröd & Skorpor",
          "subSubCategories": [
            "Knäckebröd",
            "Mörkt knäckebröd"
          ]
        }
      ]
    }
  },
  {
    "name": "Wasa100 490g Wasa",
    "weightText": "0.49 kg",
    "caPart": "",
    "weightValue": 0.49,
    "weightUnit": "kg",
    "comparePrice": "83,57 kr/kg",
    "currentPrice": 40.95,
    "attributes": [
      "Nyckelhålet"
    ],
    "imgUrl": "https://handlaprivatkund.ica.se/images-v3/bf7a00ca-390e-4769-865f-dc369586872e/a69a90ea-d3f0-445e-a9c3-6e4257c4a1fc/500x500.jpg",
    "productInformation": "Wasa 100 Frön & Havssalt är vårt ljuvliga jubileumsknäcke. Vi firar att Wasa har förgyllt våra måltider med gott knäcke i över 100 år. Det här är ett tunt knäckebröd som är bakat på 100% fullkornsråg, toppat med havssalt, linfrön och vallmofrön. Knäckebröd med havssalt ger en fulländad smakbrytning till de runda och nötiga tonerna från fröna. Servera detta knäckebröd med frön som kex till en ostbricka eller som knäckemacka med valfritt pålägg. Wasas hårda tunnbröd är 100% klimatkompenserat.",
    "countryText": "",
    "companyText": "Wasa",
    "ingrediensText": "FULLKORNSRÅGMJÖL (95% g*), linfrön (5,9 g*), vallmofrön (4,2 g*), jäst, havssalt (0,5 g*), salt. *i g för 100 g produkt.",
    "storage": "",
    "allergens": "",
    "usage": "",
    "nutrition": [
      {
        "Näringsvärde": "Energi (kcal)",
        "100 Gram": "348 kcal"
      },
      {
        "Näringsvärde": "Energi (kJ)",
        "100 Gram": "1461 kJ"
      },
      {
        "Näringsvärde": "Fett",
        "100 Gram": "5 g"
      },
      {
        "Näringsvärde": "Varav mättat fett",
        "100 Gram": "0.7 g"
      },
      {
        "Näringsvärde": "Kolhydrat",
        "100 Gram": "54 g"
      },
      {
        "Näringsvärde": "Varav sockerarter",
        "100 Gram": "1 g"
      },
      {
        "Näringsvärde": "Fiber",
        "100 Gram": "21 g"
      },
      {
        "Näringsvärde": "Protein",
        "100 Gram": "11 g"
      },
      {
        "Näringsvärde": "Salt",
        "100 Gram": "1.2 g"
      }
    ],
    "nutritionUnitText": "Näringsvärde per 100 gram",
    "categories": {
      "mainCategory": "Bröd & Kakor",
      "subCategories": [
        {
          "name": "Knäckebröd & Skorpor",
          "subSubCategories": [
            "Knäckebröd",
            "Mörkt knäckebröd"
          ]
        }
      ]
    }
  },
  {
    "name": "Skärgårdskaka Hönö 750g Pågen",
    "weightText": "0.75 kg",
    "caPart": "",
    "weightValue": 0.75,
    "weightUnit": "kg",
    "comparePrice": "33,33 kr/kg",
    "currentPrice": 25,
    "attributes": [
      "Ursprungsland Sverige"
    ],
    "imgUrl": "https://handlaprivatkund.ica.se/images-v3/bf7a00ca-390e-4769-865f-dc369586872e/0edeccd5-ef0e-49ef-b782-edc76ed17c84/500x500.jpg",
    "productInformation": "Hönö Skärgårdskaka är en ljus, mjuk vetekaka. Ät till mellanmål eller ta med på utflykten. Prova med kokt ägg och toppa med kaviar eller makrill!",
    "countryText": "Sverige",
    "companyText": "Pågen",
    "ingrediensText": "VETEmjöl, vatten, socker, siktat RÅGmjöl, rapsolja, fullkornsRÅGmjöl, fullkornsVETEmjöl, skållat VETEmjöl, vegetabiliskt emulgeringsmedel mono- och diglycerider av fettsyror (solros, raps), bakpulver (hjorthornssalt), VETEgluten, malt av KORN, jäst, salt, mjölbehandlingsmedel (askorbinsyra). SVENSKT MJÖL Mer än 90% mjöl från svenskodlat spannmål malt i egen kvarn. (Swedish)",
    "storage": "",
    "allergens": "",
    "usage": "",
    "nutrition": [
      {
        "Näringsvärde": "Energi (kcal)",
        "100 Gram": "296 kcal"
      },
      {
        "Näringsvärde": "Energi (kJ)",
        "100 Gram": "1238 kJ"
      },
      {
        "Näringsvärde": "Fett",
        "100 Gram": "4.5 g"
      },
      {
        "Näringsvärde": "Varav mättat fett",
        "100 Gram": "0.5 g"
      },
      {
        "Näringsvärde": "Kolhydrat",
        "100 Gram": "52 g"
      },
      {
        "Näringsvärde": "Varav sockerarter",
        "100 Gram": "9.7 g"
      },
      {
        "Näringsvärde": "Fiber",
        "100 Gram": "3.3 g"
      },
      {
        "Näringsvärde": "Protein",
        "100 Gram": "9.1 g"
      },
      {
        "Näringsvärde": "Salt",
        "100 Gram": "0.75 g"
      }
    ],
    "nutritionUnitText": "Näringsvärde per 100 gram",
    "categories": {
      "mainCategory": "Bröd & Kakor",
      "subCategories": [
        {
          "name": "Matbröd",
          "subSubCategories": [
            "Mjukt tunnbröd & Vetekakor",
            "Vetekakor"
          ]
        }
      ]
    }
  },
  {
    "name": "Normalgräddat knäckebröd 200g Leksands Knäckebröd",
    "weightText": "0.2 kg",
    "caPart": "",
    "weightValue": 0.2,
    "weightUnit": "kg",
    "comparePrice": "62,50 kr/kg",
    "currentPrice": 12.5,
    "attributes": [
      "Från Sverige",
      "Nyckelhålet",
      "Ursprungsland Sverige"
    ],
    "imgUrl": "https://handlaprivatkund.ica.se/images-v3/bf7a00ca-390e-4769-865f-dc369586872e/edd5f086-50f0-4143-bb4b-62b8136522a7/500x500.jpg",
    "productInformation": "En riktig vardagsfavorit från LEKSANDS KNÄCKEBRÖD bakad på närodlad råg och vatten från egen källa.Trekantbrödet är ett rundknäcke skuret i portionsbitar, lagom för de flesta. Äkta njutning sedan 1817.",
    "countryText": "Sverige",
    "companyText": "Leksands Knäcke",
    "ingrediensText": "Ingredienser: FULLKORNSRÅGMJÖL/FULLKORNSRUGMEL/FULDKORNSRUGMEL**, vatten/vann/vand**, jäst/gjær/gær**, salt. **Från Sverige",
    "storage": "",
    "allergens": "Innehåller Spannmål som innehåller gluten",
    "usage": "Torrt och mörkt",
    "nutrition": [
      {
        "Näringsvärde": "Energi (kcal)",
        "100 Gram": "350 kcal"
      },
      {
        "Näringsvärde": "Energi (kJ)",
        "100 Gram": "1400 kJ"
      },
      {
        "Näringsvärde": "Fett",
        "100 Gram": "1.6 g"
      },
      {
        "Näringsvärde": "Varav mättat fett",
        "100 Gram": "0.3 g"
      },
      {
        "Näringsvärde": "Kolhydrat",
        "100 Gram": "60 g"
      },
      {
        "Näringsvärde": "Varav sockerarter",
        "100 Gram": "0.5 g"
      },
      {
        "Näringsvärde": "Fiber",
        "100 Gram": "20 g"
      },
      {
        "Näringsvärde": "Protein",
        "100 Gram": "8.9 g"
      },
      {
        "Näringsvärde": "Salt",
        "100 Gram": "1.2 g"
      }
    ],
    "nutritionUnitText": "Näringsvärde per 100 gram",
    "categories": {
      "mainCategory": "Bröd & Kakor",
      "subCategories": [
        {
          "name": "Knäckebröd & Skorpor",
          "subSubCategories": [
            "Knäckebröd",
            "Mörkt knäckebröd"
          ]
        }
      ]
    }
  },
  {
    "name": "Frysta Vitlöksbaguetter 2-p 350g ICA",
    "weightText": "0.35 kg",
    "caPart": "",
    "weightValue": 0.35,
    "weightUnit": "kg",
    "comparePrice": "70,00 kr/kg",
    "currentPrice": 24.5,
    "attributes": [],
    "imgUrl": "https://handlaprivatkund.ica.se/images-v3/bf7a00ca-390e-4769-865f-dc369586872e/6c291ca3-cabc-4acc-95db-15513b7b003b/500x500.jpg",
    "productInformation": "ICA Frysta Vitlöksbaguetter är precis det där tillbehöret som ibland kan göra hela middagen. När du serverar dem nygräddade till en soppa, till exempel. För att inte tala om hur de gör sig till räkmyset. Våra vitlöksbaguetter är fyllda med ett milt vitlökssmör som smälter i ugnen och gör dem perfekt smöriga inuti.",
    "countryText": "",
    "companyText": "ICA",
    "ingrediensText": "Baguette (VETEMJÖL*, vatten, joderat salt, jäst, RÅGMJÖL, mältat VETEMJÖL, salt, mjölförbättringsmedel (E 300)). Vitlökssmör 15% (SMÖR, lök, vitlök, persilja, stärkelse, surhetsreglerande medel (E330), vitlöksarom). Kan innehålla spår av soja, senap och sesam. *Ursprung EU.",
    "storage": "Lägsta förvaringstemperatur -18°C Högsta förvaringstemperatur -18°C",
    "allergens": "Innehåller Mjölk Kan innehålla Senap Kan innehålla Sojabönor Innehåller Spannmål som innehåller gluten Kan innehålla Sesamfrön",
    "usage": "",
    "nutrition": [
      {
        "Näringsvärde": "Energi (kcal)",
        "100 Gram": "296 kcal"
      },
      {
        "Näringsvärde": "Energi (kJ)",
        "100 Gram": "1245 kJ"
      },
      {
        "Näringsvärde": "Fett",
        "100 Gram": "10 g"
      },
      {
        "Näringsvärde": "Varav mättat fett",
        "100 Gram": "6 g"
      },
      {
        "Näringsvärde": "Kolhydrat",
        "100 Gram": "43 g"
      },
      {
        "Näringsvärde": "Varav sockerarter",
        "100 Gram": "2.5 g"
      },
      {
        "Näringsvärde": "Fiber",
        "100 Gram": "2.3 g"
      },
      {
        "Näringsvärde": "Protein",
        "100 Gram": "6.9 g"
      },
      {
        "Näringsvärde": "Salt",
        "100 Gram": "1.4 g"
      }
    ],
    "nutritionUnitText": "Näringsvärde per 100 gram",
    "categories": {
      "mainCategory": "Fryst",
      "subCategories": [
        {
          "name": "Fryst bröd & dessert",
          "subSubCategories": [
            "Fryst bröd"
          ]
        }
      ]
    }
  },
  {
    "name": "Brungräddat Knäckebröd Trekant 200g Leksands Knäckebröd",
    "weightText": "0.2 kg",
    "caPart": "",
    "weightValue": 0.2,
    "weightUnit": "kg",
    "comparePrice": "62,50 kr/kg",
    "currentPrice": 12.5,
    "attributes": [
      "Från Sverige",
      "Nyckelhålet",
      "Ursprungsland Sverige"
    ],
    "imgUrl": "https://handlaprivatkund.ica.se/images-v3/bf7a00ca-390e-4769-865f-dc369586872e/9b2b0641-704b-42ad-b434-3526d8d7e520/500x500.jpg",
    "productInformation": "En brungräddad vardagsfavorit från LEKSANDS KNÄCKEBRÖD bakad på närodlad råg och vatten från egen källa. Trekantbrödet är ett rundknäcke skuret i portionsbitar, lagom för de flesta. Äkta njutning sedan 1817.",
    "countryText": "Sverige",
    "companyText": "Leksands Knäcke",
    "ingrediensText": "Ingredienser: FULLKORNSRÅGMJÖL/FULDKORNSRUGMEL/FULDKORNSRUGMEL**, vatten/vann/vand**, jäst/gjær/gær**, salt.  **Från Sverige",
    "storage": "",
    "allergens": "Innehåller Spannmål som innehåller gluten",
    "usage": "",
    "nutrition": [
      {
        "Näringsvärde": "Energi (kcal)",
        "100 Gram": "350 kcal"
      },
      {
        "Näringsvärde": "Energi (kJ)",
        "100 Gram": "1400 kJ"
      },
      {
        "Näringsvärde": "Fett",
        "100 Gram": "1.6 g"
      },
      {
        "Näringsvärde": "Varav mättat fett",
        "100 Gram": "0.3 g"
      },
      {
        "Näringsvärde": "Kolhydrat",
        "100 Gram": "60 g"
      },
      {
        "Näringsvärde": "Varav sockerarter",
        "100 Gram": "0.5 g"
      },
      {
        "Näringsvärde": "Fiber",
        "100 Gram": "20 g"
      },
      {
        "Näringsvärde": "Protein",
        "100 Gram": "8.9 g"
      },
      {
        "Näringsvärde": "Salt",
        "100 Gram": "1.2 g"
      }
    ],
    "nutritionUnitText": "Näringsvärde per 100 gram",
    "categories": {
      "mainCategory": "Bröd & Kakor",
      "subCategories": [
        {
          "name": "Knäckebröd & Skorpor",
          "subSubCategories": [
            "Knäckebröd",
            "Mörkt knäckebröd"
          ]
        }
      ]
    }
  },
  {
    "name": "Lingongrova 500g Pågen",
    "weightText": "0.5 kg",
    "caPart": "",
    "weightValue": 0.5,
    "weightUnit": "kg",
    "comparePrice": "47,90 kr/kg",
    "currentPrice": 23.95,
    "attributes": [
      "Ursprungsland Sverige"
    ],
    "imgUrl": "https://handlaprivatkund.ica.se/images-v3/bf7a00ca-390e-4769-865f-dc369586872e/95f6847b-af0e-4f97-aee1-eff1876dd3d4/500x500.jpg",
    "productInformation": "LingonGrova innehåller bland annat fullkornsråg, surdeg och lingon. Ett mörkt bröd som passar med några skivor av din favoritost och en paprikaring.",
    "countryText": "Sverige",
    "companyText": "Pågen",
    "ingrediensText": "Vatten, VETEmjöl, siktat RÅGmjöl, fullkornsRÅGmjöl*, sirap, klippt fullkornsRÅG*, surdeg på fullkornsRÅG* och VETE, fullkornsVETEmjöl*, malt av KORN, lingon (1,5%), röda vinbär, rapsolja, skållat VETEmjöl, VETEkli, VETEgluten, socker, jäst, salt, mjölbehandlingsmedel (askorbinsyra). *Fullkornsingrediens. Fullkornshalten i brödet är 23% vilket motsvarar 33% av torrvikten. SVENSKT MJÖL Mer än 90% mjöl från svenskodlat spannmål malt i egen kvarn.",
    "storage": "",
    "allergens": "",
    "usage": "",
    "nutrition": [
      {
        "Näringsvärde": "Energi (kcal)",
        "100 Gram": "266 kcal"
      },
      {
        "Näringsvärde": "Energi (kJ)",
        "100 Gram": "1112 kJ"
      },
      {
        "Näringsvärde": "Fett",
        "100 Gram": "3 g"
      },
      {
        "Näringsvärde": "Varav mättat fett",
        "100 Gram": "0.3 g"
      },
      {
        "Näringsvärde": "Kolhydrat",
        "100 Gram": "47 g"
      },
      {
        "Näringsvärde": "Varav sockerarter",
        "100 Gram": "9 g"
      },
      {
        "Näringsvärde": "Fiber",
        "100 Gram": "6.1 g"
      },
      {
        "Näringsvärde": "Protein",
        "100 Gram": "8.8 g"
      },
      {
        "Näringsvärde": "Salt",
        "100 Gram": "0.77 g"
      }
    ],
    "nutritionUnitText": "Näringsvärde per 100 gram",
    "categories": {
      "mainCategory": "Bröd & Kakor",
      "subCategories": [
        {
          "name": "Matbröd",
          "subSubCategories": [
            "Mörkt & Grovt bröd",
            "Mörkt skivat bröd"
          ]
        }
      ]
    }
  },
  {
    "name": "Majskakor Popcorn 125g Friggs",
    "weightText": "0.125 kg",
    "caPart": "",
    "weightValue": 0.125,
    "weightUnit": "kg",
    "comparePrice": "151,60 kr/kg",
    "currentPrice": 18.95,
    "attributes": [
      "Glutenfritt"
    ],
    "imgUrl": "https://handlaprivatkund.ica.se/images-v3/bf7a00ca-390e-4769-865f-dc369586872e/92a7ded9-91b6-4f24-b1ca-9f33e6e2f557/500x500.jpg",
    "productInformation": "Friggs Majskakor Popcorn är naturligt glutenfria majskakor med god smak av smöriga popcorn. Perfekt för dig som älskar popcorn och vill kunna äta ett gott snacks vart man än är. Och det bästa är…. Du behöver ingen spis eller mikrovågsugn för att tillaga dem, det har vi redan tagit hand om.",
    "countryText": "",
    "companyText": "Friggs",
    "ingrediensText": "Ingredienser: Majs (78%), rapsolja, kryddblandning (maltodextrin, salt, socker, jästextrakt, kryddextrakt (paprika, gurkmeja), arom). Kan innehålla spår av soja, mjölk och sesamfrön.",
    "storage": "Torrt, ej över normal rumstemperatur.",
    "allergens": "Kan innehålla spår av Mjölk, Sesamfrön, Sojabönor.",
    "usage": "",
    "nutrition": [
      {
        "Näringsvärde": "Energi (kcal)",
        "100 Gram": "414 kcal"
      },
      {
        "Näringsvärde": "Energi (kJ)",
        "100 Gram": "1740 kJ"
      },
      {
        "Näringsvärde": "Fett",
        "100 Gram": "14.4 g"
      },
      {
        "Näringsvärde": "Varav mättat fett",
        "100 Gram": "1.5 g"
      },
      {
        "Näringsvärde": "Kolhydrat",
        "100 Gram": "65 g"
      },
      {
        "Näringsvärde": "Varav sockerarter",
        "100 Gram": "2.2 g"
      },
      {
        "Näringsvärde": "Fiber",
        "100 Gram": "0.7 g"
      },
      {
        "Näringsvärde": "Protein",
        "100 Gram": "5.7 g"
      },
      {
        "Näringsvärde": "Salt",
        "100 Gram": "1.8 g"
      }
    ],
    "nutritionUnitText": "Näringsvärde per 100 gram",
    "categories": {
      "mainCategory": "Bröd & Kakor",
      "subCategories": [
        {
          "name": "Knäckebröd & Skorpor",
          "subSubCategories": [
            "Riskakor"
          ]
        }
      ]
    }
  },
  {
    "name": "Pågenlimpan 900g Pågen",
    "weightText": "0.9 kg",
    "caPart": "",
    "weightValue": 0.9,
    "weightUnit": "kg",
    "comparePrice": "38,33 kr/kg",
    "currentPrice": 34.5,
    "attributes": [
      "Ursprungsland Sverige"
    ],
    "imgUrl": "https://handlaprivatkund.ica.se/images-v3/bf7a00ca-390e-4769-865f-dc369586872e/4b3043db-b36f-415d-b033-1a6037334ad1/500x500.jpg",
    "productInformation": "Älskade limpmacka! Nu Sverige mest sålda limpa. PågenLimpan var en av de första skivade limporna när den lanserades i början av 90-talet. Den klassiska svenska limpan är bakad på vete och siktat rågmjöl som tillsammans med surdeg och sirap ger en härlig mjuk och saftigt limpa. Njut av en Svensk klassiker!",
    "countryText": "Sverige",
    "companyText": "Pågen",
    "ingrediensText": "VETEmjöl, vatten, siktat och skållat RÅGmjöl, sirap, surdeg på fullkornsRÅG och VETE, VETEgluten, skållat VETEmjöl, rapsolja, malt av KORN, jäst, salt, mjölbehandlingsmedel (askorbinsyra). SVENSKT MJÖL Mer än 90% mjöl från svenskodlat spannmål malt i egen kvarn.",
    "storage": "",
    "allergens": "",
    "usage": "",
    "nutrition": [
      {
        "Näringsvärde": "Energi (kcal)",
        "100 Gram": "275 kcal"
      },
      {
        "Näringsvärde": "Energi (kJ)",
        "100 Gram": "1150 kJ"
      },
      {
        "Näringsvärde": "Fett",
        "100 Gram": "1.9 g"
      },
      {
        "Näringsvärde": "Varav mättat fett",
        "100 Gram": "0.7 g"
      },
      {
        "Näringsvärde": "Kolhydrat",
        "100 Gram": "52 g"
      },
      {
        "Näringsvärde": "Varav sockerarter",
        "100 Gram": "11 g"
      },
      {
        "Näringsvärde": "Fiber",
        "100 Gram": "3.8 g"
      },
      {
        "Näringsvärde": "Protein",
        "100 Gram": "9.6 g"
      },
      {
        "Näringsvärde": "Salt",
        "100 Gram": "0.9 g"
      }
    ],
    "nutritionUnitText": "Näringsvärde per 100 gram",
    "categories": {
      "mainCategory": "Bröd & Kakor",
      "subCategories": [
        {
          "name": "Matbröd",
          "subSubCategories": [
            "Ljust bröd",
            "Limpa"
          ]
        }
      ]
    }
  },
  {
    "name": "Korvbröd 16-p 432g Korvbrödsbagarn",
    "weightText": "0.432 kg",
    "caPart": "",
    "weightValue": 0.432,
    "weightUnit": "kg",
    "comparePrice": "48,50 kr/kg",
    "currentPrice": 20.95,
    "attributes": [
      "Från Sverige",
      "Ursprungsland Sverige"
    ],
    "imgUrl": "https://handlaprivatkund.ica.se/images-v3/bf7a00ca-390e-4769-865f-dc369586872e/da84c271-b3df-4804-b916-04273a87d5bc/500x500.jpg",
    "productInformation": "Ljust korvbröd – originalet sedan 1957. Fyll med korv och klassiska tillbehör för en enkel och god måltid runt grillen eller köksbordet.",
    "countryText": "Sverige",
    "companyText": "Korvbrödsbagarn",
    "ingrediensText": "Ingredienser: VETEMJÖL*, vatten*, invertsocker*, rapsolja*, jäst*, VETEGLUTEN, salt, fermenterat vetemjöl, maltmjöl av KORN, vegetabiliskt emulgeringsmedel (E471), mjölbehandlingsmedel (E300). Kan innehålla spår av sesamfrö. *Råvaran har svenskt ursprung.",
    "storage": "Förvara i sin förpackning i rumstemperatur. Lägsta förvaringstemperatur 8°C Högsta förvaringstemperatur 25°C",
    "allergens": "",
    "usage": "",
    "nutrition": [
      {
        "Näringsvärde": "Energi (kcal)",
        "100 Gram": "292 kcal"
      },
      {
        "Näringsvärde": "Energi (kJ)",
        "100 Gram": "1241 kJ"
      },
      {
        "Näringsvärde": "Fett",
        "100 Gram": "6.3 g"
      },
      {
        "Näringsvärde": "Varav mättat fett",
        "100 Gram": "0.8 g"
      },
      {
        "Näringsvärde": "Kolhydrat",
        "100 Gram": "48 g"
      },
      {
        "Näringsvärde": "Varav sockerarter",
        "100 Gram": "4.4 g"
      },
      {
        "Näringsvärde": "Fiber",
        "100 Gram": "3.6 g"
      },
      {
        "Näringsvärde": "Protein",
        "100 Gram": "9.3 g"
      },
      {
        "Näringsvärde": "Salt",
        "100 Gram": "0.45 g"
      }
    ],
    "nutritionUnitText": "Näringsvärde per 100 gram",
    "categories": {
      "mainCategory": "Bröd & Kakor",
      "subCategories": [
        {
          "name": "Korvbröd, Hamburgerbröd & Maträttsbröd",
          "subSubCategories": [
            "Korvbröd"
          ]
        }
      ]
    }
  },
  {
    "name": "Rosta Rostbröd 450g Pågen",
    "weightText": "0.45 kg",
    "caPart": "",
    "weightValue": 0.45,
    "weightUnit": "kg",
    "comparePrice": "44,33 kr/kg",
    "currentPrice": 19.95,
    "attributes": [
      "Ursprungsland Sverige"
    ],
    "imgUrl": "https://handlaprivatkund.ica.se/images-v3/bf7a00ca-390e-4769-865f-dc369586872e/a5ae4e56-89e8-4f8b-a311-c8156d48c812/500x500.jpg",
    "productInformation": "Brödet för dig som verkligen älskar att rosta. Frasigt och gott med solmoget vete! Lika gott till en lång härlig söndagsbrunch som när du vill ha en riktigt frasig start på dagen eller till kvällsfikat med smör och marmelad. En garanterat frasig stund när som du blir sugen!",
    "countryText": "Sverige",
    "companyText": "Pågen",
    "ingrediensText": "VETEmjöl, vatten, VETEgluten, skållat VETEmjöl, rapsolja (1%), sirap, malt av KORN, jäst, salt, mjölbehandlingsmedel (askorbinsyra). Brödet innehåller 72% vete. Kan innehålla spår av vallmofrö. SVENSKT MJÖL Mer än 90% mjöl från svenskodlat spannmål malt i egen kvarn.",
    "storage": "",
    "allergens": "",
    "usage": "",
    "nutrition": [
      {
        "Näringsvärde": "Energi (kcal)",
        "100 Gram": "256 kcal"
      },
      {
        "Näringsvärde": "Energi (kJ)",
        "100 Gram": "1071 kJ"
      },
      {
        "Näringsvärde": "Fett",
        "100 Gram": "2.2 g"
      },
      {
        "Näringsvärde": "Varav mättat fett",
        "100 Gram": "0.3 g"
      },
      {
        "Näringsvärde": "Kolhydrat",
        "100 Gram": "47 g"
      },
      {
        "Näringsvärde": "Varav sockerarter",
        "100 Gram": "3.3 g"
      },
      {
        "Näringsvärde": "Fiber",
        "100 Gram": "3.1 g"
      },
      {
        "Näringsvärde": "Protein",
        "100 Gram": "9.6 g"
      },
      {
        "Näringsvärde": "Salt",
        "100 Gram": "1 g"
      }
    ],
    "nutritionUnitText": "Näringsvärde per 100 gram",
    "categories": {
      "mainCategory": "Bröd & Kakor",
      "subCategories": [
        {
          "name": "Matbröd",
          "subSubCategories": [
            "Ljust bröd",
            "Rostbröd"
          ]
        }
      ]
    }
  },
  {
    "name": "Skogaholmslimpa skivad 775g Skogaholms",
    "weightText": "0.775 kg",
    "caPart": "",
    "weightValue": 0.775,
    "weightUnit": "kg",
    "comparePrice": "33,48 kr/kg",
    "currentPrice": 25.95,
    "attributes": [
      "Ursprungsland Sverige"
    ],
    "imgUrl": "https://handlaprivatkund.ica.se/images-v3/bf7a00ca-390e-4769-865f-dc369586872e/e9017145-066e-44d0-b9c3-8357c6332d44/500x500.jpg",
    "productInformation": "Skogaholmslimpa har funnits sedan 1926. Passar till frukosten och till mellanmålet med valfritt smörgåspålägg och ett glas mjölk.",
    "countryText": "Sverige",
    "companyText": "Skogaholms",
    "ingrediensText": "VETEmjöl, siktat RÅGmjöl 20 %, vatten, sirap, jäst, rapsolja, skållat fullkornsRÅGmjöl, surdegspulver av VETE, salt, VETEgluten, malt av KORN, mjölbehandlingsmedel (askorbinsyra). Brödet innehåller 38 % vete.",
    "storage": "Lägsta förvaringstemperatur 8°C Högsta förvaringstemperatur 25°C",
    "allergens": "",
    "usage": "",
    "nutrition": [
      {
        "Näringsvärde": "Energi (kcal)",
        "100 Gram": "280 kcal"
      },
      {
        "Näringsvärde": "Energi (kJ)",
        "100 Gram": "1150 kJ"
      },
      {
        "Näringsvärde": "Fett",
        "100 Gram": "3.8 g"
      },
      {
        "Näringsvärde": "Varav mättat fett",
        "100 Gram": "0.5 g"
      },
      {
        "Näringsvärde": "Kolhydrat",
        "100 Gram": "51 g"
      },
      {
        "Näringsvärde": "Varav sockerarter",
        "100 Gram": "9.8 g"
      },
      {
        "Näringsvärde": "Fiber",
        "100 Gram": "4.2 g"
      },
      {
        "Näringsvärde": "Protein",
        "100 Gram": "7.3 g"
      },
      {
        "Näringsvärde": "Salt",
        "100 Gram": "0.7 g"
      }
    ],
    "nutritionUnitText": "",
    "categories": {
      "mainCategory": "Bröd & Kakor",
      "subCategories": [
        {
          "name": "Matbröd",
          "subSubCategories": [
            "Ljust bröd",
            "Limpa"
          ]
        }
      ]
    }
  },
  {
    "name": "Hamburgerbröd Frisco 4-p 324g Korvbrödsbagarn",
    "weightText": "0.324 kg",
    "caPart": "",
    "weightValue": 0.324,
    "weightUnit": "kg",
    "comparePrice": "72,53 kr/kg",
    "currentPrice": 23.5,
    "attributes": [
      "Från Sverige",
      "Ursprungsland Sverige"
    ],
    "imgUrl": "https://handlaprivatkund.ica.se/images-v3/bf7a00ca-390e-4769-865f-dc369586872e/59763e46-0352-4ac8-9866-e69a4c64efee/500x500.jpg",
    "productInformation": "Frisco är ett lite lyxigare hamburgerbröd, det är ett ljust smakrikt bröd som toppas med mannagryn.",
    "countryText": "Sverige",
    "companyText": "Korvbrödsbagarn",
    "ingrediensText": "Ingredienser: VETEMJÖL*, vatten*, invertsocker*, VETEGLUTEN, rapsolja*, jäst*, mannagryn (VETE), potatisflingor, salt, VETESKÅLLNING*, potatisstärkelse*,  vegetabiliskt emulgeringsmedel (E471, E481), krydda, naturlig arom, maltmjöl av KORN, torkad surdeg (VETE), mjölbehandlingsmedel (E300), stabiliseringsmedel (E466). Kan innehålla spår av SESAMFRÖ. * råvaran har svenskt ursprung.",
    "storage": "Förvara i sin förpackning i rumstemperatur.",
    "allergens": "",
    "usage": "Rosta gärna innan servering.",
    "nutrition": [
      {
        "Näringsvärde": "Energi (kcal)",
        "100 Gram": "290 kcal"
      },
      {
        "Näringsvärde": "Energi (kJ)",
        "100 Gram": "1223 kJ"
      },
      {
        "Näringsvärde": "Fett",
        "100 Gram": "5 g"
      },
      {
        "Näringsvärde": "Varav mättat fett",
        "100 Gram": "0.9 g"
      },
      {
        "Näringsvärde": "Kolhydrat",
        "100 Gram": "49 g"
      },
      {
        "Näringsvärde": "Varav sockerarter",
        "100 Gram": "4.9 g"
      },
      {
        "Näringsvärde": "Fiber",
        "100 Gram": "2 g"
      },
      {
        "Näringsvärde": "Protein",
        "100 Gram": "11 g"
      },
      {
        "Näringsvärde": "Salt",
        "100 Gram": "1.53 g"
      }
    ],
    "nutritionUnitText": "Näringsvärde per 100 gram",
    "categories": {
      "mainCategory": "Bröd & Kakor",
      "subCategories": [
        {
          "name": "Korvbröd, Hamburgerbröd & Maträttsbröd",
          "subSubCategories": [
            "Hamburgerbröd"
          ]
        }
      ]
    }
  },
  {
    "name": "Levainbröd Surdeg Vete 650g Pågen",
    "weightText": "0.65 kg",
    "caPart": "",
    "weightValue": 0.65,
    "weightUnit": "kg",
    "comparePrice": "61,46 kr/kg",
    "currentPrice": 39.95,
    "attributes": [
      "Ursprungsland Sverige"
    ],
    "imgUrl": "https://handlaprivatkund.ica.se/images-v3/bf7a00ca-390e-4769-865f-dc369586872e/2169f45e-4c33-4c9e-a959-a1238c751b8f/500x500.jpg",
    "productInformation": "",
    "countryText": "Sverige",
    "companyText": "Pågen",
    "ingrediensText": "VETEmjöl, vatten, surdeg på RÅG och durumVETE (10%), fullkornsdurumVETEmjöl, VETEgluten, malt av KORN, jäst, salt, mjölbehandlingsmedel (askorbinsyra). SVENSKT MJÖL Mer än 90% mjöl från svenskodlat spannmål malt i egen kvarn.",
    "storage": "",
    "allergens": "",
    "usage": "",
    "nutrition": [
      {
        "Näringsvärde": "Energi (kcal)",
        "100 Gram": "235 kcal"
      },
      {
        "Näringsvärde": "Energi (kJ)",
        "100 Gram": "984 kJ"
      },
      {
        "Näringsvärde": "Fett",
        "100 Gram": "1.3 g"
      },
      {
        "Näringsvärde": "Varav mättat fett",
        "100 Gram": "0.3 g"
      },
      {
        "Näringsvärde": "Kolhydrat",
        "100 Gram": "44 g"
      },
      {
        "Näringsvärde": "Varav sockerarter",
        "100 Gram": "3.2 g"
      },
      {
        "Näringsvärde": "Fiber",
        "100 Gram": "3.4 g"
      },
      {
        "Näringsvärde": "Protein",
        "100 Gram": "9.9 g"
      },
      {
        "Näringsvärde": "Salt",
        "100 Gram": "1.3 g"
      }
    ],
    "nutritionUnitText": "Näringsvärde per 100 gram",
    "categories": {
      "mainCategory": "Bröd & Kakor",
      "subCategories": [
        {
          "name": "Matbröd",
          "subSubCategories": [
            "Surdegsbröd"
          ]
        }
      ]
    }
  },
  {
    "name": "Sandwich Tomato & Basil 40g Wasa",
    "weightText": "0.04 kg",
    "caPart": "",
    "weightValue": 0.04,
    "weightUnit": "kg",
    "comparePrice": "237,50 kr/kg",
    "currentPrice": 9.5,
    "attributes": [],
    "imgUrl": "https://handlaprivatkund.ica.se/images-v3/bf7a00ca-390e-4769-865f-dc369586872e/42f3d3f5-0067-4228-a940-4726152f1dc4/500x500.jpg",
    "productInformation": "Wasa Sandwich Tomato & Basil är ett veteknäcke i portionsförpackning. Vårt färdiga knäckebröd har en krämig fyllning med smak av ost, tomat och basilika, vilket ger en god knäckemacka med smaker som för tankarna till soliga Italien. Detta knäckebröd med fyllning är delat i två knäckehalvor så att du enkelt kan avnjuta det även på språng. Vårt spröda veteknäckebröd i kombination med den krämiga ostfyllningen blir ett välsmakande mellanmål eller frukost i farten. Wasa Sandwich Tomato & Basil är 100% klimatkompenserad.",
    "countryText": "",
    "companyText": "Wasa",
    "ingrediensText": "VETEknäckebröd (VETEmjöl 57%, jäst, solrosolja, socker, salt), fyllning 38% (rapsolja, ostpulver 9,3% (MJÖLK), sheasmör, KÄRNMJÖLKSpulver, maltodextrin, naturlig arom (MJÖLK), torkad tomat 0,7%, torkad basilika 0,02%). Kan innehålla spår av SESAMFRÖN, SOJA, LUPIN, SELLERI och SENAP.",
    "storage": "Förvaras torrt och mörkt.",
    "allergens": "Kan innehålla Sesamfrön Innehåller Spannmål som innehåller gluten Kan innehålla Sojabönor Innehåller Mjölk Kan innehålla Lupin",
    "usage": "",
    "nutrition": [
      {
        "Näringsvärde": "Energi (kcal)",
        "100 Gram": "479 kcal"
      },
      {
        "Näringsvärde": "Energi (kJ)",
        "100 Gram": "2005 kJ"
      },
      {
        "Näringsvärde": "Fett",
        "100 Gram": "23 g"
      },
      {
        "Näringsvärde": "Varav mättat fett",
        "100 Gram": "8 g"
      },
      {
        "Näringsvärde": "Kolhydrat",
        "100 Gram": "54 g"
      },
      {
        "Näringsvärde": "Varav sockerarter",
        "100 Gram": "5 g"
      },
      {
        "Näringsvärde": "Fiber",
        "100 Gram": "5 g"
      },
      {
        "Näringsvärde": "Protein",
        "100 Gram": "12 g"
      },
      {
        "Näringsvärde": "Salt",
        "100 Gram": "1.3 g"
      }
    ],
    "nutritionUnitText": "Näringsvärde per 100 gram",
    "categories": {
      "mainCategory": "Bröd & Kakor",
      "subCategories": [
        {
          "name": "Knäckebröd & Skorpor",
          "subSubCategories": [
            "Knäckebröd",
            "Knäcke med pålägg"
          ]
        }
      ]
    }
  },
  {
    "name": "Roast'n toast Rostbröd 800g Pågen",
    "weightText": "0.8 kg",
    "caPart": "",
    "weightValue": 0.8,
    "weightUnit": "kg",
    "comparePrice": "41,19 kr/kg",
    "currentPrice": 32.95,
    "attributes": [
      "Ursprungsland Sverige"
    ],
    "imgUrl": "https://handlaprivatkund.ica.se/images-v3/bf7a00ca-390e-4769-865f-dc369586872e/70e08362-9cc4-41b8-8dd8-3e9e529e8a6e/500x500.jpg",
    "productInformation": "Sveriges mest sålda rostbröd! Ett extra gott rostbröd som höjer smaken på dina tillbehör. Utsökt rostbröd för alla som älskar att rosta, passar lika bra till en skön långfrukost som till en lyxig förrätt. Mjuk och saftig med goda vallmofrön gör Roast'n Toast oemotståndligt gott!",
    "countryText": "Sverige",
    "companyText": "Pågen",
    "ingrediensText": "VETEmjöl, vatten, surdeg på VETE, rapsolja, vallmofrö (1%), VETEgluten, socker, malt av KORN, jäst, salt, mjölbehandlingsmedel (askorbinsyra). SVENSKT MJÖL Mer än 90% mjöl från svenskodlat spannmål malt i egen kvarn.",
    "storage": "",
    "allergens": "",
    "usage": "",
    "nutrition": [
      {
        "Näringsvärde": "Energi (kcal)",
        "100 Gram": "263 kcal"
      },
      {
        "Näringsvärde": "Energi (kJ)",
        "100 Gram": "1100 kJ"
      },
      {
        "Näringsvärde": "Fett",
        "100 Gram": "3.6 g"
      },
      {
        "Näringsvärde": "Varav mättat fett",
        "100 Gram": "0.4 g"
      },
      {
        "Näringsvärde": "Kolhydrat",
        "100 Gram": "46 g"
      },
      {
        "Näringsvärde": "Varav sockerarter",
        "100 Gram": "4.7 g"
      },
      {
        "Näringsvärde": "Fiber",
        "100 Gram": "3.6 g"
      },
      {
        "Näringsvärde": "Protein",
        "100 Gram": "8.9 g"
      },
      {
        "Näringsvärde": "Salt",
        "100 Gram": "1.3 g"
      }
    ],
    "nutritionUnitText": "Näringsvärde per 100 gram",
    "categories": {
      "mainCategory": "Bröd & Kakor",
      "subCategories": [
        {
          "name": "Matbröd",
          "subSubCategories": [
            "Ljust bröd",
            "Rostbröd"
          ]
        }
      ]
    }
  },
  {
    "name": "Knäckebröd Falu Råg-Rut 470g Wasa",
    "weightText": "0.47 kg",
    "caPart": "",
    "weightValue": 0.47,
    "weightUnit": "kg",
    "comparePrice": "40,32 kr/kg",
    "currentPrice": 18.95,
    "attributes": [
      "Nyckelhålet"
    ],
    "imgUrl": "https://handlaprivatkund.ica.se/images-v3/bf7a00ca-390e-4769-865f-dc369586872e/589d82be-7bf8-40b7-abaa-cf2b3c0eb7fd/500x500.jpg",
    "productInformation": "Wasa Knäckebröd Falu Råg-rut i storpack är en populär klassiker rik på kostfiber. Detta knäckebröd består av kuddar i perfekta rader. Det är ett krispigt och luftigt rågknäckebröd med 100% fullkorn. Om du bryter rågknäcket på mitten får du två knäckemackor, alternativt kan du bryta isär varje kudde i ditt fullkornsknäckebröd och strö dem över soppan eller ha som näringsrika frukostflingor. Wasa knäcke Falu Rågrut är bakat på fullkornsmjöl av råg och är 100% klimatkompenserat.",
    "countryText": "",
    "companyText": "Wasa",
    "ingrediensText": "Ingredienser: FullkornsRÅGmjöl 105 g*, jäst, salt, mältat KORN. *i g per 100 g produkt.",
    "storage": "",
    "allergens": "",
    "usage": "",
    "nutrition": [
      {
        "Näringsvärde": "Energi (kcal)",
        "100 Gram": "332 kcal"
      },
      {
        "Näringsvärde": "Energi (kJ)",
        "100 Gram": "1397 kJ"
      },
      {
        "Näringsvärde": "Fett",
        "100 Gram": "1.5 g"
      },
      {
        "Näringsvärde": "Varav mättat fett",
        "100 Gram": "0.3 g"
      },
      {
        "Näringsvärde": "Kolhydrat",
        "100 Gram": "60 g"
      },
      {
        "Näringsvärde": "Varav sockerarter",
        "100 Gram": "1 g"
      },
      {
        "Näringsvärde": "Fiber",
        "100 Gram": "20 g"
      },
      {
        "Näringsvärde": "Protein",
        "100 Gram": "9.5 g"
      },
      {
        "Näringsvärde": "Salt",
        "100 Gram": "1.2 g"
      }
    ],
    "nutritionUnitText": "Näringsvärde per 100 gram",
    "categories": {
      "mainCategory": "Bröd & Kakor",
      "subCategories": [
        {
          "name": "Knäckebröd & Skorpor",
          "subSubCategories": [
            "Knäckebröd",
            "Mörkt knäckebröd"
          ]
        }
      ]
    }
  },
  {
    "name": "Grötbröd 780g Pågen",
    "weightText": "0.78 kg",
    "caPart": "",
    "weightValue": 0.78,
    "weightUnit": "kg",
    "comparePrice": "40,38 kr/kg",
    "currentPrice": 31.5,
    "attributes": [
      "Nyckelhålet",
      "Ursprungsland Sverige"
    ],
    "imgUrl": "https://handlaprivatkund.ica.se/images-v3/bf7a00ca-390e-4769-865f-dc369586872e/748ccce6-93f7-43e2-a00b-ed7b82829c02/500x500.jpg",
    "productInformation": "Börja dagen med en rejäl frukost. Vår moderna tolkning av Grötbröd är bakat med grötskållning av havre som gör brödet extra saftigt och gott och får sädesslagens rena smaker att ta för sig. Ta en skiva till, det mättar gott!",
    "countryText": "Sverige",
    "companyText": "Pågen",
    "ingrediensText": "Vatten, VETEmjöl, HAVREgryn*, surdeg på VETE, sirap, VETEgluten, fullkornsVETEmjöl*, fullkornsRÅGmjöl*, solrosfrö (2%), skållat fullkornsHAVREmjöl*, VETEkli, rapsolja, malt av RÅG* och KORN, jäst, salt, mjölbehandlingsmedel (askorbinsyra). Havreinnehåll: 17%. * Fullkornsingrediens. Fullkornshalten i brödet är 24% vilket motsvarar 37% av torrvikten. SVENSKT MJÖL Mer än 90% mjöl från svenskodlat spannmål malt i egen kvarn.",
    "storage": "",
    "allergens": "",
    "usage": "",
    "nutrition": [
      {
        "Näringsvärde": "Energi (kcal)",
        "100 Gram": "266 kcal"
      },
      {
        "Näringsvärde": "Energi (kJ)",
        "100 Gram": "1114 kJ"
      },
      {
        "Näringsvärde": "Fett",
        "100 Gram": "4.7 g"
      },
      {
        "Näringsvärde": "Varav mättat fett",
        "100 Gram": "0.6 g"
      },
      {
        "Näringsvärde": "Kolhydrat",
        "100 Gram": "42 g"
      },
      {
        "Näringsvärde": "Varav sockerarter",
        "100 Gram": "4.9 g"
      },
      {
        "Näringsvärde": "Fiber",
        "100 Gram": "5 g"
      },
      {
        "Näringsvärde": "Protein",
        "100 Gram": "11 g"
      },
      {
        "Näringsvärde": "Salt",
        "100 Gram": "1 g"
      }
    ],
    "nutritionUnitText": "Näringsvärde per 100 gram",
    "categories": {
      "mainCategory": "Bröd & Kakor",
      "subCategories": [
        {
          "name": "Matbröd",
          "subSubCategories": [
            "Mörkt & Grovt bröd",
            "Mörkt skivat bröd"
          ]
        }
      ]
    }
  },
  {
    "name": "JätteFranska Rostbröd 1,1kg Pågen",
    "weightText": "1.1 kg",
    "caPart": "",
    "weightValue": 1.1,
    "weightUnit": "kg",
    "comparePrice": "26,82 kr/kg",
    "currentPrice": 29.5,
    "attributes": [
      "Ursprungsland Sverige"
    ],
    "imgUrl": "https://handlaprivatkund.ica.se/images-v3/bf7a00ca-390e-4769-865f-dc369586872e/d3df5680-9197-4f38-aaea-9cd6d797bf36/500x500.jpg",
    "productInformation": "Härligt rostbröd med tydlig och balanserad smak - Jättegott! Lanserades 1960 och är Sveriges första skivade formfranska. Idén kom från USA där just skivad formfranska var oerhört populärt. I Sverige tog vi snabbt till oss den amerikanska trenden med att rosta brödet och JätteFranska blev folkets favorit.",
    "countryText": "Sverige",
    "companyText": "Pågen",
    "ingrediensText": "VETEmjöl, vatten, sirap, rapsolja, surdeg på VETE, siktat RÅGmjöl, malt av KORN/BYGG, jäst/gær, salt, mjölbehandlingsmedel (askorbinsyra). SVENSKT MJÖL Mer än 90% mjöl från svenskodlat spannmål malt i egen kvarn.",
    "storage": "Lägsta förvaringstemperatur 10°C Högsta förvaringstemperatur 40°C",
    "allergens": "",
    "usage": "",
    "nutrition": [
      {
        "Näringsvärde": "Energi (kcal)",
        "100 Gram": "269 kcal"
      },
      {
        "Näringsvärde": "Energi (kJ)",
        "100 Gram": "1139 kJ"
      },
      {
        "Näringsvärde": "Fett",
        "100 Gram": "3.7 g"
      },
      {
        "Näringsvärde": "Varav mättat fett",
        "100 Gram": "0.4 g"
      },
      {
        "Näringsvärde": "Kolhydrat",
        "100 Gram": "50 g"
      },
      {
        "Näringsvärde": "Varav sockerarter",
        "100 Gram": "2.7 g"
      },
      {
        "Näringsvärde": "Fiber",
        "100 Gram": "2.5 g"
      },
      {
        "Näringsvärde": "Protein",
        "100 Gram": "7.8 g"
      },
      {
        "Näringsvärde": "Salt",
        "100 Gram": "1.4 g"
      }
    ],
    "nutritionUnitText": "Näringsvärde per 100 gram",
    "categories": {
      "mainCategory": "Bröd & Kakor",
      "subCategories": [
        {
          "name": "Matbröd",
          "subSubCategories": [
            "Ljust bröd",
            "Rostbröd"
          ]
        }
      ]
    }
  },
  {
    "name": "Vetekaka 24-p 900g Polarbröd",
    "weightText": "0.9 kg",
    "caPart": "",
    "weightValue": 0.9,
    "weightUnit": "kg",
    "comparePrice": "37,22 kr/kg",
    "currentPrice": 33.5,
    "attributes": [
      "Från Sverige",
      "Ursprungsland Sverige"
    ],
    "imgUrl": "https://handlaprivatkund.ica.se/images-v3/bf7a00ca-390e-4769-865f-dc369586872e/ad094187-fdba-470f-a920-e35843620b7a/500x500.jpg",
    "productInformation": "Naggande goda vetekakor från Polarbröd.",
    "countryText": "Sverige",
    "companyText": "Polarbröd",
    "ingrediensText": "Ingredienser: VETEmjöl1, vatten, socker1, rapsolja1, fermenterat VETEmjöl, jäst1, VETEGLUTEN, salt, HAVREfiber, vegetabiliskt emulgeringsmedel (mono- och diglycerider av fettsyror, mono- och diglyceriders mono- och diacetylvinsyraestrar), bakpulver (hjorthornssalt), maltmjöl (KORN). 1Ursprungsland: Sverige.",
    "storage": "Frys gärna in en del av bröden hemma och ta fram efter behov, så maxar du njutningen och minskar svinnet på en och samma gång. Lägsta förvaringstemperatur 15°C Högsta förvaringstemperatur 25°C",
    "allergens": "",
    "usage": "",
    "nutrition": [
      {
        "Näringsvärde": "Energi (kcal)",
        "100 Gram": "290 kcal"
      },
      {
        "Näringsvärde": "Energi (kJ)",
        "100 Gram": "1200 kJ"
      },
      {
        "Näringsvärde": "Fett",
        "100 Gram": "6.4 g"
      },
      {
        "Näringsvärde": "Varav mättat fett",
        "100 Gram": "0.8 g"
      },
      {
        "Näringsvärde": "Kolhydrat",
        "100 Gram": "48 g"
      },
      {
        "Näringsvärde": "Varav sockerarter",
        "100 Gram": "5.4 g"
      },
      {
        "Näringsvärde": "Fiber",
        "100 Gram": "3.1 g"
      },
      {
        "Näringsvärde": "Protein",
        "100 Gram": "8.3 g"
      },
      {
        "Näringsvärde": "Salt",
        "100 Gram": "0.63 g"
      }
    ],
    "nutritionUnitText": "Näringsvärde per 100 gram",
    "categories": {
      "mainCategory": "Bröd & Kakor",
      "subCategories": [
        {
          "name": "Matbröd",
          "subSubCategories": [
            "Mjukt tunnbröd & Vetekakor",
            "Vetekakor"
          ]
        }
      ]
    }
  },
  {
    "name": "Lingongrova Special 500g Pågen",
    "weightText": "0.5 kg",
    "caPart": "",
    "weightValue": 0.5,
    "weightUnit": "kg",
    "comparePrice": "55,90 kr/kg",
    "currentPrice": 27.95,
    "attributes": [
      "Nyckelhålet",
      "Ursprungsland Sverige"
    ],
    "imgUrl": "https://handlaprivatkund.ica.se/images-v3/bf7a00ca-390e-4769-865f-dc369586872e/3b591934-c722-4cb4-aacb-fb30247678f3/500x500.jpg",
    "productInformation": "LingonGrova Special med bland annat lingon, vetekärnor, klippt råg och solroskärnor. Passar med en härlig äggsallad och några matjesfiléer.",
    "countryText": "Sverige",
    "companyText": "Pågen",
    "ingrediensText": "Vatten, VETEmjöl, fullkornsRÅGmjöl*, siktat RÅGmjöl, surdeg på fullkornsRÅG* och VETE, klippt fullkornsRÅG*, VETEgluten, solrosfrö, skållat VETEmjöl, lingon (2%), röda vinbär, rapsolja, malt av KORN och RÅG*, HAVREfiber, VETEkli, socker, jäst, salt, mjölbehandlingsmedel (askorbinsyra). *Fullkornsingrediens. Fullkornshalten i brödet är 24% vilket motsvarar 35% av torrvikten. SVENSKT MJÖL Mer än 90% mjöl från svenskodlat spannmål malt i egen kvarn.",
    "storage": "",
    "allergens": "",
    "usage": "",
    "nutrition": [
      {
        "Näringsvärde": "Energi (kcal)",
        "100 Gram": "279 kcal"
      },
      {
        "Näringsvärde": "Energi (kJ)",
        "100 Gram": "1178 kJ"
      },
      {
        "Näringsvärde": "Fett",
        "100 Gram": "4.6 g"
      },
      {
        "Näringsvärde": "Varav mättat fett",
        "100 Gram": "0.6 g"
      },
      {
        "Näringsvärde": "Kolhydrat",
        "100 Gram": "46 g"
      },
      {
        "Näringsvärde": "Varav sockerarter",
        "100 Gram": "5 g"
      },
      {
        "Näringsvärde": "Fiber",
        "100 Gram": "6 g"
      },
      {
        "Näringsvärde": "Protein",
        "100 Gram": "11 g"
      },
      {
        "Näringsvärde": "Salt",
        "100 Gram": "1 g"
      }
    ],
    "nutritionUnitText": "Näringsvärde per 100 gram",
    "categories": {
      "mainCategory": "Bröd & Kakor",
      "subCategories": [
        {
          "name": "Matbröd",
          "subSubCategories": [
            "Mörkt & Grovt bröd",
            "Mörkt skivat bröd"
          ]
        }
      ]
    }
  },
  {
    "name": "Hönö Jollekaka 400g Pågen",
    "weightText": "0.4 kg",
    "caPart": "",
    "weightValue": 0.4,
    "weightUnit": "kg",
    "comparePrice": "62,38 kr/kg",
    "currentPrice": 24.95,
    "attributes": [
      "Ursprungsland Sverige"
    ],
    "imgUrl": "https://handlaprivatkund.ica.se/images-v3/bf7a00ca-390e-4769-865f-dc369586872e/d59cf287-6e7d-45b2-a236-085e8107c076/500x500.jpg",
    "productInformation": "Sätt guldkant på dagen med färsk Jollekaka, mjuka och goda brödkakor som gräddats härligt gyllene. Delade och färdiga att njutas med ditt favoritpålägg. Enkelt och gott till frukost och mellanmål.",
    "countryText": "Sverige",
    "companyText": "Pågen",
    "ingrediensText": "VETEmjöl, vatten, socker, siktat RÅGmjöl, rapsolja, RÅGskållning, malt av KORN, jäst, bakpulver (hjorthornssalt), salt, vegetabiliskt emulgeringsmedel mono- och diglycerider av fettsyror (solros, raps), VETEgluten, mjölbehandlingsmedel (askorbinsyra). SVENSKT MJÖL Mer än 90% mjöl från svenskodlat spannmål malt i egen kvarn.",
    "storage": "",
    "allergens": "",
    "usage": "",
    "nutrition": [
      {
        "Näringsvärde": "Energi (kcal)",
        "100 Gram": "296 kcal"
      },
      {
        "Näringsvärde": "Energi (kJ)",
        "100 Gram": "1238 kJ"
      },
      {
        "Näringsvärde": "Fett",
        "100 Gram": "4.5 g"
      },
      {
        "Näringsvärde": "Varav mättat fett",
        "100 Gram": "0.5 g"
      },
      {
        "Näringsvärde": "Kolhydrat",
        "100 Gram": "52 g"
      },
      {
        "Näringsvärde": "Varav sockerarter",
        "100 Gram": "9.7 g"
      },
      {
        "Näringsvärde": "Fiber",
        "100 Gram": "3.3 g"
      },
      {
        "Näringsvärde": "Protein",
        "100 Gram": "9.1 g"
      },
      {
        "Näringsvärde": "Salt",
        "100 Gram": "0.75 g"
      }
    ],
    "nutritionUnitText": "Näringsvärde per 100 gram",
    "categories": {
      "mainCategory": "Bröd & Kakor",
      "subCategories": [
        {
          "name": "Matbröd",
          "subSubCategories": [
            "Mjukt tunnbröd & Vetekakor",
            "Vetekakor"
          ]
        }
      ]
    }
  },
  {
    "name": "Majskakor Ost 125g Friggs",
    "weightText": "0.125 kg",
    "caPart": "",
    "weightValue": 0.125,
    "weightUnit": "kg",
    "comparePrice": "151,60 kr/kg",
    "currentPrice": 18.95,
    "attributes": [
      "Glutenfritt"
    ],
    "imgUrl": "https://handlaprivatkund.ica.se/images-v3/bf7a00ca-390e-4769-865f-dc369586872e/be983fdd-61da-46ad-a717-182e8ea55988/500x500.jpg",
    "productInformation": "",
    "countryText": "",
    "companyText": "Friggs",
    "ingrediensText": "Majs (78%), rapsolja, krydd- blandning (vasslepulver (från MJÖLK), OST- PULVER, salt, arom, surhetsreglerande medel (mjölksyra, kalciumlaktat), kryddextrakt, färgämne (paprikaoleoresin)). Kan innehålla spår av soja och sesamfrö.",
    "storage": "Torrt, ej över normal rumstemperatur.",
    "allergens": "Kan innehålla spår av Sesamfrön, Sojabönor.",
    "usage": "",
    "nutrition": [
      {
        "Näringsvärde": "Energi (kcal)",
        "100 Gram": "410 kcal"
      },
      {
        "Näringsvärde": "Energi (kJ)",
        "100 Gram": "1750 kJ"
      },
      {
        "Näringsvärde": "Fett",
        "100 Gram": "14 g"
      },
      {
        "Näringsvärde": "Varav mättat fett",
        "100 Gram": "2 g"
      },
      {
        "Näringsvärde": "Kolhydrat",
        "100 Gram": "63 g"
      },
      {
        "Näringsvärde": "Varav sockerarter",
        "100 Gram": "5.3 g"
      },
      {
        "Näringsvärde": "Fiber",
        "100 Gram": "0.9 g"
      },
      {
        "Näringsvärde": "Protein",
        "100 Gram": "7.3 g"
      },
      {
        "Näringsvärde": "Salt",
        "100 Gram": "1.6 g"
      }
    ],
    "nutritionUnitText": "Näringsvärde per 100 gram",
    "categories": {
      "mainCategory": "Bröd & Kakor",
      "subCategories": [
        {
          "name": "Knäckebröd & Skorpor",
          "subSubCategories": [
            "Riskakor"
          ]
        }
      ]
    }
  },
  {
    "name": "Digestive 400g ICA",
    "weightText": "0.4 kg",
    "caPart": "",
    "weightValue": 0.4,
    "weightUnit": "kg",
    "comparePrice": "36,25 kr/kg",
    "currentPrice": 14.5,
    "attributes": [],
    "imgUrl": "https://images.ctfassets.net/l3dfc9zfaimi/qZc37LgTPPuZhIUMEbPJx/d4918e773827f51582d837109cfcb604/jul-25-produktdetaljbanner-insamlingen-desktop.jpg",
    "productInformation": "ICA Digestivekex är toppen att ha hemma och kan användas till det mesta eftersom de bär upp både söta och salta smaker. De är ett perfekt sällskap till osten på ostbrickan och blir samtidigt en ljuvlig botten på en cheesecake. Dessutom blir de snabbt ett mellanmål med bara lite smör och ost på.",
    "countryText": "",
    "companyText": "ICA",
    "ingrediensText": "VETEMJÖL* 53%, solrosolja 20%, socker, FULLKORNSVETEMJÖL 15%, invertsockersirap, bakpulver (E500, E503, E330), salt. *Odlat i EU.",
    "storage": "Förvaras torrt och svalt, ej över normal rumstemperatur. Lägsta förvaringstemperatur 0°C Högsta förvaringstemperatur 30°C",
    "allergens": "Kan innehålla spår av Mjölk, Sesamfrön.",
    "usage": "",
    "nutrition": [
      {
        "Näringsvärde": "Energi (kcal)",
        "100 Gram": "479 kcal"
      },
      {
        "Näringsvärde": "Energi (kJ)",
        "100 Gram": "2008 kJ"
      },
      {
        "Näringsvärde": "Fett",
        "100 Gram": "20 g"
      },
      {
        "Näringsvärde": "Varav mättat fett",
        "100 Gram": "1.8 g"
      },
      {
        "Näringsvärde": "Kolhydrat",
        "100 Gram": "66 g"
      },
      {
        "Näringsvärde": "Varav sockerarter",
        "100 Gram": "19 g"
      },
      {
        "Näringsvärde": "Fiber",
        "100 Gram": "3 g"
      },
      {
        "Näringsvärde": "Protein",
        "100 Gram": "6.3 g"
      },
      {
        "Näringsvärde": "Salt",
        "100 Gram": "1.2 g"
      }
    ],
    "nutritionUnitText": "",
    "categories": {
      "mainCategory": "Jul",
      "subCategories": [
        {
          "name": "Julens godaste varor",
          "subSubCategories": []
        }
      ]
    }
  },
  {
    "name": "Gifflar Kanel 300g Pågen",
    "weightText": "0.3 kg",
    "caPart": "",
    "weightValue": 0.3,
    "weightUnit": "kg",
    "comparePrice": "83,17 kr/kg",
    "currentPrice": 24.95,
    "attributes": [],
    "imgUrl": "https://handlaprivatkund.ica.se/images-v3/bf7a00ca-390e-4769-865f-dc369586872e/8d860bdc-6f73-44f3-ac1a-f0efcb643e1f/500x500.jpg",
    "productInformation": "Vi vet, det är omöjligt att öppna en påse gifflar och bara äta en. Det är som att det är något magiskt i den här påsen som drar handen till sig, igen och igen. Det är faktiskt inte magi, det är bara oemotståndligt goda gifflar med härlig, virvlande fyllning. Så lagom små och goda att du bara vill ta en till. Gifflar Kanel är bakade i Sverige på svenskt mjöl från Pågens egna kvarn.",
    "countryText": "",
    "companyText": "Pågen",
    "ingrediensText": "VETEmjöl, vatten, socker, rapsolja, farinsocker, vegetabiliskt fullhärdat fett (raps), aprikoskärnor, MANDEL, skumMJÖLK, ÄGG, invertsocker, jäst, malt av KORN, salt, modifierad stärkelse, bakpulver (E450, E500), vegetabiliskt emulgeringsmedel (E471), konserveringsmedel (E200, E282), förtjockningsmedel (E440), surhetsreglerande medel (E330), kanel (0,7%).",
    "storage": ". Lägsta förvaringstemperatur 10°C Högsta förvaringstemperatur 40°C",
    "allergens": "Innehåller Spannmål som innehåller gluten Innehåller Mjölk Innehåller Ägg",
    "usage": "",
    "nutrition": [
      {
        "Näringsvärde": "Energi (kcal)",
        "100 Gram": "373 kcal"
      },
      {
        "Näringsvärde": "Energi (kJ)",
        "100 Gram": "1559 kJ"
      },
      {
        "Näringsvärde": "Fett",
        "100 Gram": "14 g"
      },
      {
        "Näringsvärde": "Varav mättat fett",
        "100 Gram": "2.5 g"
      },
      {
        "Näringsvärde": "Kolhydrat",
        "100 Gram": "52 g"
      },
      {
        "Näringsvärde": "Varav sockerarter",
        "100 Gram": "19 g"
      },
      {
        "Näringsvärde": "Protein",
        "100 Gram": "7.3 g"
      },
      {
        "Näringsvärde": "Salt",
        "100 Gram": "0.76 g"
      }
    ],
    "nutritionUnitText": "Näringsvärde per 100 gram",
    "categories": {
      "mainCategory": "Bröd & Kakor",
      "subCategories": [
        {
          "name": "Kaffebröd",
          "subSubCategories": [
            "Bullar & Vetelängder",
            "Bullar"
          ]
        }
      ]
    }
  },
  {
    "name": "Guldkorn 500g Pågen",
    "weightText": "0.5 kg",
    "caPart": "",
    "weightValue": 0.5,
    "weightUnit": "kg",
    "comparePrice": "47,00 kr/kg",
    "currentPrice": 23.5,
    "attributes": [
      "Ursprungsland Sverige"
    ],
    "imgUrl": "https://handlaprivatkund.ica.se/images-v3/bf7a00ca-390e-4769-865f-dc369586872e/8ca7b918-1b95-447b-852a-483a15efd946/500x500.jpg",
    "productInformation": "Guldkorn med bl.a. surdeg och våra fyra sädesslag - vete, havre, korn och råg. Passar både med ost och skinka som keso med böngroddar.",
    "countryText": "Sverige",
    "companyText": "Pågen",
    "ingrediensText": "VETEmjöl, vatten, siktat RÅGmjöl, sirap, fullkornsVETEmjöl*, klippt fullkornsRÅG*, surdeg på fullkornsRÅG* och VETE, VETEgluten, skållat VETEmjöl, rapsolja, VETEgroddar, malt av KORN, jäst, salt, mjölbehandlingsmedel (askorbinsyra). Innehåll av vete och råg: 68%. *Fullkornsingrediens. Fullkornshalten i brödet är 11% vilket motsvarar 16% av torrvikten. SVENSKT MJÖL Mer än 90% mjöl från svenskodlat spannmål malt i egen kvarn.",
    "storage": "",
    "allergens": "",
    "usage": "",
    "nutrition": [
      {
        "Näringsvärde": "Energi (kcal)",
        "100 Gram": "272 kcal"
      },
      {
        "Näringsvärde": "Energi (kJ)",
        "100 Gram": "1150 kJ"
      },
      {
        "Näringsvärde": "Fett",
        "100 Gram": "2.5 g"
      },
      {
        "Näringsvärde": "Varav mättat fett",
        "100 Gram": "0.3 g"
      },
      {
        "Näringsvärde": "Kolhydrat",
        "100 Gram": "51 g"
      },
      {
        "Näringsvärde": "Varav sockerarter",
        "100 Gram": "7.3 g"
      },
      {
        "Näringsvärde": "Fiber",
        "100 Gram": "4.8 g"
      },
      {
        "Näringsvärde": "Protein",
        "100 Gram": "9.3 g"
      },
      {
        "Näringsvärde": "Salt",
        "100 Gram": "1.1 g"
      }
    ],
    "nutritionUnitText": "Näringsvärde per 100 gram",
    "categories": {
      "mainCategory": "Bröd & Kakor",
      "subCategories": [
        {
          "name": "Matbröd",
          "subSubCategories": [
            "Mörkt & Grovt bröd",
            "Mörkt skivat bröd"
          ]
        }
      ]
    }
  },
  {
    "name": "Hamburgerbröd 8-p 448g Korvbrödsbagarn",
    "weightText": "0.448 kg",
    "caPart": "",
    "weightValue": 0.448,
    "weightUnit": "kg",
    "comparePrice": "65,85 kr/kg",
    "currentPrice": 29.5,
    "attributes": [
      "Från Sverige"
    ],
    "imgUrl": "https://handlaprivatkund.ica.se/images-v3/bf7a00ca-390e-4769-865f-dc369586872e/a2da07a3-3f7e-489f-9f4c-3de019c5689a/500x500.jpg",
    "productInformation": "Klassiskt ljust hamburgerbröd, mjukt, gott och toppat med sesamfrön.",
    "countryText": "",
    "companyText": "Korvbrödsbagarn",
    "ingrediensText": "Ingredienser: VETEMJÖL*, vatten*, invertsocker*, rapsolja*, SESAMFRÖ (1,5 %), jäst*, salt, vegetabiliskt emulgeringsmedel (E471), maltmjöl av VETE, mjölbehandlingsmedel (E300). * råvaran har svenskt ursprung.",
    "storage": "Förvara i sin förpackning i rumstemperatur.",
    "allergens": "",
    "usage": "Rosta gärna innan servering.",
    "nutrition": [
      {
        "Näringsvärde": "Energi (kcal)",
        "100 Gram": "283 kcal"
      },
      {
        "Näringsvärde": "Energi (kJ)",
        "100 Gram": "1192 kJ"
      },
      {
        "Näringsvärde": "Fett",
        "100 Gram": "5.8 g"
      },
      {
        "Näringsvärde": "Varav mättat fett",
        "100 Gram": "0.8 g"
      },
      {
        "Näringsvärde": "Kolhydrat",
        "100 Gram": "48 g"
      },
      {
        "Näringsvärde": "Varav sockerarter",
        "100 Gram": "5.1 g"
      },
      {
        "Näringsvärde": "Fiber",
        "100 Gram": "2.5 g"
      },
      {
        "Näringsvärde": "Protein",
        "100 Gram": "8.8 g"
      },
      {
        "Näringsvärde": "Salt",
        "100 Gram": "0.76 g"
      }
    ],
    "nutritionUnitText": "Näringsvärde per 100 gram",
    "categories": {
      "mainCategory": "Bröd & Kakor",
      "subCategories": [
        {
          "name": "Korvbröd, Hamburgerbröd & Maträttsbröd",
          "subSubCategories": [
            "Hamburgerbröd"
          ]
        }
      ]
    }
  },
  {
    "name": "LantGoda Surdegsbröd 650g Pågen",
    "weightText": "0.65 kg",
    "caPart": "",
    "weightValue": 0.65,
    "weightUnit": "kg",
    "comparePrice": "52,23 kr/kg",
    "currentPrice": 33.95,
    "attributes": [
      "Nyckelhålet",
      "Ursprungsland Sverige"
    ],
    "imgUrl": "https://handlaprivatkund.ica.se/images-v3/bf7a00ca-390e-4769-865f-dc369586872e/3f197319-cd09-4bb7-a363-036fe0f1fda4/500x500.jpg",
    "productInformation": "Härligt osötat surdegsbröd med en fyllig, rustik ton av fullkornsvete. Bakat med dinkel och havre som tillsammans med gula linfrön och vetegroddar ger brödet karaktär. Njut av den goda smaken som rundas av med extra fin kallpressad rapsolja från Österlen.",
    "countryText": "Sverige",
    "companyText": "Pågen",
    "ingrediensText": "Vatten, VETEmjöl, fullkornsVETEmjöl*, surdeg på VETE (10%), durumVETEmjöl, krossade fullkornskärnor av dinkelVETE* och VETE*, HAVREgryn*, skållat fullkornsHAVREmjöl*, VETEgluten, fullkornsRÅGmjöl*, fullkornsdurumVETEmjöl*, HAVREfiber, kallpressad rapsolja (1%), VETEgroddar, gula linfrö, socker (endast som jästnäring), dextros, jäst, malt av KORN och VETE, salt, mjölbehandlingsmedel (askorbinsyra). Brödet innehåller 5% durum. * Fullkornsingrediens. Fullkornshalten i brödet är 24% vilket motsvarar 37% av torrvikten. SVENSKT MJÖL Mer än 90% mjöl från svenskodlat spannmål malt i egen kvarn.",
    "storage": "",
    "allergens": "",
    "usage": "",
    "nutrition": [
      {
        "Näringsvärde": "Energi (kcal)",
        "100 Gram": "251 kcal"
      },
      {
        "Näringsvärde": "Energi (kJ)",
        "100 Gram": "1061 kJ"
      },
      {
        "Näringsvärde": "Fett",
        "100 Gram": "3.1 g"
      },
      {
        "Näringsvärde": "Varav mättat fett",
        "100 Gram": "0.5 g"
      },
      {
        "Näringsvärde": "Kolhydrat",
        "100 Gram": "43 g"
      },
      {
        "Näringsvärde": "Varav sockerarter",
        "100 Gram": "4.1 g"
      },
      {
        "Näringsvärde": "Fiber",
        "100 Gram": "5 g"
      },
      {
        "Näringsvärde": "Protein",
        "100 Gram": "10 g"
      },
      {
        "Näringsvärde": "Salt",
        "100 Gram": "1 g"
      }
    ],
    "nutritionUnitText": "Näringsvärde per 100 gram",
    "categories": {
      "mainCategory": "Bröd & Kakor",
      "subCategories": [
        {
          "name": "Matbröd",
          "subSubCategories": [
            "Ljust bröd",
            "Lantbröd"
          ]
        }
      ]
    }
  },
  {
    "name": "Tunnbröd Sarek 375g Polarbröd",
    "weightText": "0.375 kg",
    "caPart": "",
    "weightValue": 0.375,
    "weightUnit": "kg",
    "comparePrice": "55,87 kr/kg",
    "currentPrice": 20.95,
    "attributes": [
      "Från Sverige",
      "Ursprungsland Sverige"
    ],
    "imgUrl": "https://handlaprivatkund.ica.se/images-v3/bf7a00ca-390e-4769-865f-dc369586872e/2ce3bdaa-d3a6-4d6e-85c3-ee8c7bce79c2/500x500.jpg",
    "productInformation": "Ett mjukt tunnbröd med råg perfekt att rulla, vika, snitta eller wrappa. Sarek har en fin rågsmak och milda rostade toner. 8 st tunnbröd per förpackning. \"Mjölkfri och fri från konserveringsmedel.Från Sverige, bakat i Norrland.PolarmetodenTM – Fryst direkt efter bakning. Vi vill göra världen lite godare: egen vindkraft, återvinningsbara förpackningar, mer hållbara transporter, 100% från växtriket.Tips: Det är supersmart att förvara bröd i frysen och tina efter behov! \"",
    "countryText": "Sverige",
    "companyText": "Polarbröd",
    "ingrediensText": "Ingredienser: VETEmjöl, vatten, siktat RÅGmjöl (18%), sirap VETEGLUTEN, socker, salt, rapsolja, vegetabiliskt emulgeringsmedel (mono- och diglycerider av fettsyror), bakpulver (hjorthornssalt), jäst, maltmjöl (KORN). Sverige. BAKAT I NORRLAND.",
    "storage": "Frys gärna in en del av bröden hemma och ta fram efter behov, så maxar du njutningen och minskar svinnet på en och samma gång.",
    "allergens": "",
    "usage": "Vi fryser vårt bröd så fort det kommer rykande ur ugnen, och tinar det på väg till dig. Hållbar i 7 dagar i rumstemperatur, se bäst-före-märkning på förpackningen.",
    "nutrition": [
      {
        "Näringsvärde": "Energi (kcal)",
        "100 Gram": "280 kcal"
      },
      {
        "Näringsvärde": "Energi (kJ)",
        "100 Gram": "1220 kJ"
      },
      {
        "Näringsvärde": "Fett",
        "100 Gram": "1.6 g"
      },
      {
        "Näringsvärde": "Varav mättat fett",
        "100 Gram": "0.4 g"
      },
      {
        "Näringsvärde": "Kolhydrat",
        "100 Gram": "55 g"
      },
      {
        "Näringsvärde": "Varav sockerarter",
        "100 Gram": "7 g"
      },
      {
        "Näringsvärde": "Fiber",
        "100 Gram": "4.5 g"
      },
      {
        "Näringsvärde": "Protein",
        "100 Gram": "9.8 g"
      },
      {
        "Näringsvärde": "Salt",
        "100 Gram": "1.2 g"
      }
    ],
    "nutritionUnitText": "Näringsvärde per 100 gram",
    "categories": {
      "mainCategory": "Bröd & Kakor",
      "subCategories": [
        {
          "name": "Matbröd",
          "subSubCategories": [
            "Mjukt tunnbröd & Vetekakor",
            "Mjukt tunnbröd"
          ]
        }
      ]
    }
  },
  {
    "name": "Korvbröd 8-p 336g Pågen",
    "weightText": "0.336 kg",
    "caPart": "",
    "weightValue": 0.336,
    "weightUnit": "kg",
    "comparePrice": "86,16 kr/kg",
    "currentPrice": 28.95,
    "attributes": [
      "Ursprungsland Sverige"
    ],
    "imgUrl": "https://handlaprivatkund.ica.se/images-v3/bf7a00ca-390e-4769-865f-dc369586872e/07c421e5-b1ea-45c6-9568-a8bd1e9e4053/500x500.jpg",
    "productInformation": "8-pack. Ett korvbröd som passar lite större korvar. Passar lika bra utomhus med din favoritkorv direkt från grillen som hemma, samlade runt köksbordet.",
    "countryText": "Sverige",
    "companyText": "Pågen",
    "ingrediensText": "VETEmjöl, vatten, socker, rapsolja, HAVREskållning, surdeg på VETE, jäst, salt, vegetabiliskt emulgeringsmedel mono- och diglyceriders mono- och diacetylvinsyraestrar (raps). Kan innehålla spår av SESAMfrö.",
    "storage": "",
    "allergens": "Kan innehålla spår av Sesamfrön.",
    "usage": "",
    "nutrition": [
      {
        "Näringsvärde": "Energi (kcal)",
        "100 Gram": "305 kcal"
      },
      {
        "Näringsvärde": "Energi (kJ)",
        "100 Gram": "1278 kJ"
      },
      {
        "Näringsvärde": "Fett",
        "100 Gram": "6.6 g"
      },
      {
        "Näringsvärde": "Varav mättat fett",
        "100 Gram": "0.8 g"
      },
      {
        "Näringsvärde": "Kolhydrat",
        "100 Gram": "51 g"
      },
      {
        "Näringsvärde": "Varav sockerarter",
        "100 Gram": "8.6 g"
      },
      {
        "Näringsvärde": "Fiber",
        "100 Gram": "2.2 g"
      },
      {
        "Näringsvärde": "Protein",
        "100 Gram": "8.6 g"
      },
      {
        "Näringsvärde": "Salt",
        "100 Gram": "0.71 g"
      }
    ],
    "nutritionUnitText": "Näringsvärde per 100 gram",
    "categories": {
      "mainCategory": "Bröd & Kakor",
      "subCategories": [
        {
          "name": "Korvbröd, Hamburgerbröd & Maträttsbröd",
          "subSubCategories": [
            "Korvbröd"
          ]
        }
      ]
    }
  },
  {
    "name": "Rågkaka 30-p 900g Polarbröd",
    "weightText": "0.9 kg",
    "caPart": "",
    "weightValue": 0.9,
    "weightUnit": "kg",
    "comparePrice": "37,22 kr/kg",
    "currentPrice": 33.5,
    "attributes": [
      "Från Sverige",
      "Ursprungsland Sverige"
    ],
    "imgUrl": "https://handlaprivatkund.ica.se/images-v3/bf7a00ca-390e-4769-865f-dc369586872e/8c006ffe-3f30-4841-907a-8309d4808714/500x500.jpg",
    "productInformation": "30 gr/st, 900 gr/påse, 2 påsar/kart, Packade i sockerrörspåsar",
    "countryText": "Sverige",
    "companyText": "Polarbröd",
    "ingrediensText": "Ingredienser: VETEmjöl, vatten, siktat RÅGmjöl (22%), sirap, socker, fermenterat VETEmjöl, VETEGLUTEN, rapsolja, salt, HAVREfiber, jäst, vegetabiliskt emulgeringsmedel (mono- och diglycerider av fettsyror, mono- och diglyceriders mono- och diacetylvinsyraestrar), bakpulver (hjorthornssalt), maltmjöl (KORN).",
    "storage": "Frys gärna in en del av bröden hemma och ta fram efter behov, så maxar du njutningen och minskar svinnet på en och samma gång. Lägsta förvaringstemperatur 15°C Högsta förvaringstemperatur 25°C",
    "allergens": "",
    "usage": "",
    "nutrition": [
      {
        "Näringsvärde": "Energi (kcal)",
        "100 Gram": "270 kcal"
      },
      {
        "Näringsvärde": "Energi (kJ)",
        "100 Gram": "1150 kJ"
      },
      {
        "Näringsvärde": "Fett",
        "100 Gram": "3.3 g"
      },
      {
        "Näringsvärde": "Varav mättat fett",
        "100 Gram": "0.8 g"
      },
      {
        "Näringsvärde": "Kolhydrat",
        "100 Gram": "50 g"
      },
      {
        "Näringsvärde": "Varav sockerarter",
        "100 Gram": "8.2 g"
      },
      {
        "Näringsvärde": "Fiber",
        "100 Gram": "4.4 g"
      },
      {
        "Näringsvärde": "Protein",
        "100 Gram": "7.4 g"
      },
      {
        "Näringsvärde": "Salt",
        "100 Gram": "1 g"
      }
    ],
    "nutritionUnitText": "Näringsvärde per 100 gram",
    "categories": {
      "mainCategory": "Bröd & Kakor",
      "subCategories": [
        {
          "name": "Matbröd",
          "subSubCategories": [
            "Mjukt tunnbröd & Vetekakor",
            "Rågkakor"
          ]
        }
      ]
    }
  },
  {
    "name": "Majskakor Gräddfil & lök 125g Friggs",
    "weightText": "0.125 kg",
    "caPart": "",
    "weightValue": 0.125,
    "weightUnit": "kg",
    "comparePrice": "151,60 kr/kg",
    "currentPrice": 18.95,
    "attributes": [
      "Glutenfritt"
    ],
    "imgUrl": "https://handlaprivatkund.ica.se/images-v3/bf7a00ca-390e-4769-865f-dc369586872e/14feede2-cfa7-43bf-8161-805131c04487/500x500.jpg",
    "productInformation": "",
    "countryText": "",
    "companyText": "Friggs",
    "ingrediensText": "Ingredienser: Majs (78%), rapsolja, kryddblandning, (vasslepulver (från MJÖLK), salt, KÄRNMJÖLKSPULVER, OSTPULVER, lökpulver, tomatpulver, dextros, vitlökspulver, arom, syra (äppelsyra), persilja, surhetsreglerande medel (natriumdiacetat), cayennepeppar, färgämne (paprikaoleoresin)). Kan innehålla spår av soja och sesamfrön.",
    "storage": "Torrt, ej över normal rumstemperatur.",
    "allergens": "Kan innehålla spår av Sesamfrön, Sojabönor.",
    "usage": "",
    "nutrition": [
      {
        "Näringsvärde": "Energi (kcal)",
        "100 Gram": "410 kcal"
      },
      {
        "Näringsvärde": "Energi (kJ)",
        "100 Gram": "1750 kJ"
      },
      {
        "Näringsvärde": "Fett",
        "100 Gram": "15 g"
      },
      {
        "Näringsvärde": "Varav mättat fett",
        "100 Gram": "2 g"
      },
      {
        "Näringsvärde": "Kolhydrat",
        "100 Gram": "63 g"
      },
      {
        "Näringsvärde": "Varav sockerarter",
        "100 Gram": "1.4 g"
      },
      {
        "Näringsvärde": "Fiber",
        "100 Gram": "1.2 g"
      },
      {
        "Näringsvärde": "Protein",
        "100 Gram": "6.9 g"
      },
      {
        "Näringsvärde": "Salt",
        "100 Gram": "1.5 g"
      }
    ],
    "nutritionUnitText": "Näringsvärde per 100 gram",
    "categories": {
      "mainCategory": "Bröd & Kakor",
      "subCategories": [
        {
          "name": "Knäckebröd & Skorpor",
          "subSubCategories": [
            "Riskakor"
          ]
        }
      ]
    }
  },
  {
    "name": "Smörgåsrån Vet. Göteborgs",
    "weightText": "0.17 kg",
    "caPart": "",
    "weightValue": 0.17,
    "weightUnit": "kg",
    "comparePrice": "82,06 kr/kg",
    "currentPrice": 13.95,
    "attributes": [],
    "imgUrl": "https://handlaprivatkund.ica.se/images-v3/bf7a00ca-390e-4769-865f-dc369586872e/b2709607-e7dd-49b9-8377-a3ed8c21388a/500x500.jpg",
    "productInformation": "Göteborgs Kex Smörgåsrån uppskattas av både barn och vuxna och har haft en självskriven plats i svenskarnas skafferi sedan 1935. Kanske för att de lätta, spröda rånen bakas utan tillsatta socker och passar lika bra till mellanmålet som till kaffestunden eller ostbrickan. Våra smörgåsrån bakas utan palmolja i Kungälv och finns i de goda smakerna; Vete, Fullkorn och Ekologisk.",
    "countryText": "",
    "companyText": "Göteborgs",
    "ingrediensText": "VETEMJÖL, fullhärdat kokosfett, emulgeringsmedel (SOJALECITIN), salt, bakpulver (natriumbikarbonat), surhetsreglerande medel (citronsyra), KORNMALT. Innehåller naturligt förekommande socker från spannmål.",
    "storage": "Lägsta förvaringstemperatur 10°C Högsta förvaringstemperatur 22°C",
    "allergens": "",
    "usage": "",
    "nutrition": [
      {
        "Näringsvärde": "Energi (kcal)",
        "100 Gram": "408 kcal"
      },
      {
        "Näringsvärde": "Energi (kJ)",
        "100 Gram": "1726 kJ"
      },
      {
        "Näringsvärde": "Fett",
        "100 Gram": "4.6 g"
      },
      {
        "Näringsvärde": "Varav mättat fett",
        "100 Gram": "2.5 g"
      },
      {
        "Näringsvärde": "Kolhydrat",
        "100 Gram": "80 g"
      },
      {
        "Näringsvärde": "Varav sockerarter",
        "100 Gram": "0.5 g"
      },
      {
        "Näringsvärde": "Fiber",
        "100 Gram": "3.2 g"
      },
      {
        "Näringsvärde": "Protein",
        "100 Gram": "10 g"
      },
      {
        "Näringsvärde": "Salt",
        "100 Gram": "0.9 g"
      }
    ],
    "nutritionUnitText": "Näringsvärde per 100 gram",
    "categories": {
      "mainCategory": "Bröd & Kakor",
      "subCategories": [
        {
          "name": "Kaffebröd",
          "subSubCategories": [
            "Kex & kakor",
            "Matkex",
            "Smörgåsrån"
          ]
        }
      ]
    }
  },
  {
    "name": "Originalrost Rostbröd 1000g Skogaholms",
    "weightText": "1 kg",
    "caPart": "",
    "weightValue": 1,
    "weightUnit": "kg",
    "comparePrice": "31,95 kr/kg",
    "currentPrice": 31.95,
    "attributes": [
      "Ursprungsland Sverige"
    ],
    "imgUrl": "https://handlaprivatkund.ica.se/images-v3/bf7a00ca-390e-4769-865f-dc369586872e/90f7160b-c21c-4824-b8a4-c36525a84e98/500x500.jpg",
    "productInformation": "Skogaholms bageri grundades 1926 och har bakat goda bröd sedan dess. Originalrost är vårt klassiska ljusa rostbröd i generösa skivor. Ett saftigt bröd med krispig yta, som doftar härligt nyrostat. Gott att rosta till vardagsfrukosten, knaprigt som krutonger i lunchsalladen, perfekt som varm kvällsmacka och festligt till helgens Toast Skagen. Frukost, utflykt, mellanmål eller nattmat spelar ingen roll. Skogaholms Originalrost är alltid lika god. Vi har gjort påsen mindre för att minska plasten och minimerat dekoren för att minska färgåtgången. Läs mer om vårt miljöarbete på www.skogaholm.se Vi bakar brödet. Du gör stunden.",
    "countryText": "Sverige",
    "companyText": "Skogaholms",
    "ingrediensText": "VETEmjöl, vatten, jäst, sirap, rapsolja, siktat RÅGmjöl, salt, VETEgluten, surdegspulver av VETE, fermenterat VETEmjöl, malt av KORN, mjölbehandlingsmedel (askorbinsyra).",
    "storage": "Lägsta förvaringstemperatur 8°C Högsta förvaringstemperatur 25°C",
    "allergens": "",
    "usage": "",
    "nutrition": [
      {
        "Näringsvärde": "Energi (kcal)",
        "100 Gram": "260 kcal"
      },
      {
        "Näringsvärde": "Energi (kJ)",
        "100 Gram": "1110 kJ"
      },
      {
        "Näringsvärde": "Fett",
        "100 Gram": "2.6 g"
      },
      {
        "Näringsvärde": "Varav mättat fett",
        "100 Gram": "0.5 g"
      },
      {
        "Näringsvärde": "Kolhydrat",
        "100 Gram": "50 g"
      },
      {
        "Näringsvärde": "Varav sockerarter",
        "100 Gram": "4.6 g"
      },
      {
        "Näringsvärde": "Fiber",
        "100 Gram": "2.8 g"
      },
      {
        "Näringsvärde": "Protein",
        "100 Gram": "8 g"
      },
      {
        "Näringsvärde": "Salt",
        "100 Gram": "1 g"
      }
    ],
    "nutritionUnitText": "",
    "categories": {
      "mainCategory": "Bröd & Kakor",
      "subCategories": [
        {
          "name": "Matbröd",
          "subSubCategories": [
            "Ljust bröd",
            "Rostbröd"
          ]
        }
      ]
    }
  },
  {
    "name": "Korvbröd 10-p 270g Korvbrödsbagarn",
    "weightText": "0.27 kg",
    "caPart": "",
    "weightValue": 0.27,
    "weightUnit": "kg",
    "comparePrice": "73,89 kr/kg",
    "currentPrice": 19.95,
    "attributes": [
      "Från Sverige",
      "Ursprungsland Sverige",
      "Laktosfritt"
    ],
    "imgUrl": "https://handlaprivatkund.ica.se/images-v3/bf7a00ca-390e-4769-865f-dc369586872e/61c63c35-8202-4fa5-a18f-aa0e54341c05/500x500.jpg",
    "productInformation": "Ljust korvbröd – originalet sedan 1957. Fyll med korv och klassiska tillbehör för en enkel och god måltid runt grillen eller köksbordet.",
    "countryText": "Sverige",
    "companyText": "Korvbrödsbagarn",
    "ingrediensText": "INGREDIENSER: VETEMJÖL*, vatten*, invertsocker*, rapsolja*, jäst*, VETEGLUTEN, salt, fermenterat VETEMJÖL, maltmjöl av KORN, vegetabiliskt emulgeringsmedel (E471), mjölbehandlingsmedel (E300). Kan innehålla spår av sesamfrö. *råvaran har svenskt ursprung.",
    "storage": "Förvara i sin förpackning i rumstemperatur. Lägsta förvaringstemperatur 8°C Högsta förvaringstemperatur 25°C",
    "allergens": "Innehåller Spannmål som innehåller gluten Kan innehålla Sesamfrön",
    "usage": "",
    "nutrition": [
      {
        "Näringsvärde": "Energi (kcal)",
        "100 Gram": "292 kcal"
      },
      {
        "Näringsvärde": "Energi (kJ)",
        "100 Gram": "1241 kJ"
      },
      {
        "Näringsvärde": "Fett",
        "100 Gram": "6.3 g"
      },
      {
        "Näringsvärde": "Varav mättat fett",
        "100 Gram": "0.8 g"
      },
      {
        "Näringsvärde": "Kolhydrat",
        "100 Gram": "48 g"
      },
      {
        "Näringsvärde": "Varav sockerarter",
        "100 Gram": "4.4 g"
      },
      {
        "Näringsvärde": "Fiber",
        "100 Gram": "3.6 g"
      },
      {
        "Näringsvärde": "Protein",
        "100 Gram": "9.3 g"
      },
      {
        "Näringsvärde": "Salt",
        "100 Gram": "0.45 g"
      }
    ],
    "nutritionUnitText": "Näringsvärde per 100 gram",
    "categories": {
      "mainCategory": "Bröd & Kakor",
      "subCategories": [
        {
          "name": "Korvbröd, Hamburgerbröd & Maträttsbröd",
          "subSubCategories": [
            "Korvbröd"
          ]
        }
      ]
    }
  },
  {
    "name": "Minibaguetter 6-p 300g ICA",
    "weightText": "0.3 kg",
    "caPart": "",
    "weightValue": 0.3,
    "weightUnit": "kg",
    "comparePrice": "55,00 kr/kg",
    "currentPrice": 16.5,
    "attributes": [],
    "imgUrl": "https://handlaprivatkund.ica.se/images-v3/bf7a00ca-390e-4769-865f-dc369586872e/64f79e0b-7fbe-4b7e-b04f-5f55f05a6f36/500x500.jpg",
    "productInformation": "ICA Minibaguetter är nygräddade efter 8–10 minuter i ugnen.",
    "countryText": "",
    "companyText": "ICA",
    "ingrediensText": "VETEMJÖL*, vatten, jäst, joderat salt, mjölbehandlingsmedel (E300), maltmjöl (VETE). Kan innehålla spår av sesamfrön. *Odlat och malt i EU.",
    "storage": "Oöppnad förpackning förvaras i rumstemperatur. Öppnad förpackning försluts och förvaras i kylskåp +8°C i max två dygn.",
    "allergens": "",
    "usage": "",
    "nutrition": [
      {
        "Näringsvärde": "Energi (kcal)",
        "100 Gram": "226 kcal"
      },
      {
        "Näringsvärde": "Energi (kJ)",
        "100 Gram": "959 kJ"
      },
      {
        "Näringsvärde": "Fett",
        "100 Gram": "0.8 g"
      },
      {
        "Näringsvärde": "Varav mättat fett",
        "100 Gram": "0.5 g"
      },
      {
        "Näringsvärde": "Kolhydrat",
        "100 Gram": "46 g"
      },
      {
        "Näringsvärde": "Varav sockerarter",
        "100 Gram": "1 g"
      },
      {
        "Näringsvärde": "Fiber",
        "100 Gram": "2 g"
      },
      {
        "Näringsvärde": "Protein",
        "100 Gram": "7.5 g"
      },
      {
        "Näringsvärde": "Salt",
        "100 Gram": "1 g"
      }
    ],
    "nutritionUnitText": "Näringsvärde per 100 gram",
    "categories": {
      "mainCategory": "Bröd & Kakor",
      "subCategories": [
        {
          "name": "Matbröd",
          "subSubCategories": [
            "Grädda hemma"
          ]
        }
      ]
    }
  },
  {
    "name": "Kex Original 205g Ballerina",
    "weightText": "0.205 kg",
    "caPart": "",
    "weightValue": 0.205,
    "weightUnit": "kg",
    "comparePrice": "104,88 kr/kg",
    "currentPrice": 21.5,
    "attributes": [
      "Rainforest Alliance certifierad"
    ],
    "imgUrl": "https://handlaprivatkund.ica.se/images-v3/bf7a00ca-390e-4769-865f-dc369586872e/9598b5b7-4093-4f7e-bed3-08cd558906b3/500x500.jpg",
    "productInformation": "Ballerina är Sveriges mest älskade kaka och Göteborgs Kex populäraste varumärke. Det runda originalet har funnits sedan 1963. Oemotståndliga kakor med spröda kex och len nougatkräm. Nu med 25% mer fyllning för ännu godare smak. Givna kakor till fikat, kalaset eller utflykten! Ballerinas produkter är bakade utan palmolja.",
    "countryText": "",
    "companyText": "Ballerina",
    "ingrediensText": "VETEMJÖL/HVEDEMEL/HVETEMEL, nougatfyllning 35 % (socker, fullhärdat kokosfett, vasslepulver/vallepulver/mysepulver från MJÖLK/MÆLK/MELK, HASSELNÖTTER/HASSELNØDDER/ HASSELNØTTER 10 %, fettreducerat kakaopulver¹, emulgeringsmedel/emulgator (lecitin), arom), socker, solrosolja/solsikkeolie, fettreducerat kakaopulver¹, bakpulver/hævemiddel (natriumbikarbonat E500, hjorthornssalt E503), invertsocker, salt, emulgeringsmedel/emulgator (lecitin), arom (vanillin). ¹Rainforest Alliance Certified. För mer info se ra.org.",
    "storage": "Lägsta förvaringstemperatur 10°C Högsta förvaringstemperatur 22°C",
    "allergens": "Innehåller Sojabönor Innehåller Spannmål som innehåller gluten Innehåller Mjölk Innehåller Nötter (eng: tree nuts)",
    "usage": "",
    "nutrition": [
      {
        "Näringsvärde": "Energi (kcal)",
        "100 Gram": "500 kcal"
      },
      {
        "Näringsvärde": "Energi (kJ)",
        "100 Gram": "2095 kJ"
      },
      {
        "Näringsvärde": "Fett",
        "100 Gram": "23 g"
      },
      {
        "Näringsvärde": "Varav mättat fett",
        "100 Gram": "12 g"
      },
      {
        "Näringsvärde": "Kolhydrat",
        "100 Gram": "66 g"
      },
      {
        "Näringsvärde": "Varav sockerarter",
        "100 Gram": "32 g"
      },
      {
        "Näringsvärde": "Fiber",
        "100 Gram": "3.1 g"
      },
      {
        "Näringsvärde": "Protein",
        "100 Gram": "6.7 g"
      },
      {
        "Näringsvärde": "Salt",
        "100 Gram": "0.49 g"
      }
    ],
    "nutritionUnitText": "Näringsvärde per 100 gram",
    "categories": {
      "mainCategory": "Bröd & Kakor",
      "subCategories": [
        {
          "name": "Kaffebröd",
          "subSubCategories": [
            "Kex & kakor",
            "Söta kex & Kakor",
            "Fyllda kakor"
          ]
        }
      ]
    }
  },
  {
    "name": "Surdegsbröd Vete Norrlands Leväjn 440g Polarbröd",
    "weightText": "0.44 kg",
    "caPart": "",
    "weightValue": 0.44,
    "weightUnit": "kg",
    "comparePrice": "73,86 kr/kg",
    "currentPrice": 32.5,
    "attributes": [
      "Från Sverige"
    ],
    "imgUrl": "https://handlaprivatkund.ica.se/images-v3/bf7a00ca-390e-4769-865f-dc369586872e/1c2035c7-20b1-4436-899a-be1d621e6368/500x500.jpg",
    "productInformation": "Ett osötat surdegsbröd från Norrland!​ Brödet är bakat med vår egen speciella för- och surdeg av vete samt med en unik bakprocess. Tiden har fått spela en avgörande roll för att forma brödets speciella karaktär och egenskaper. ​Norrlands-”Leväjn är ett ljust, vetebaserat bröd med en kort och okomplicerad ingrediensförteckning. Det är helt osötat, men fullt av smak. Mjukt, men med en ovanlig seghet. Brödet passar lika bra till goda smörgåsar, som till botten för en landgång eller en surdegspizza. ​ · 4 st brödkakor eller 12 portionsbitar per förpackning. ​ · Mjölkfri och fri från konserveringsmedel. Från Sverige, bakat i Norrland.​ · PolarmetodenTM – Fryst direkt efter bakning. ​ Vi vill göra världen lite godare: egen vindkraft, återvinningsbara förpackningar, mer hållbara transporter, 100% från växtriket. ​ Tips: Det är supersmart att förvara bröd i frysen och tina efter behov!\"",
    "countryText": "",
    "companyText": "Polarbröd",
    "ingrediensText": "VETEmjöl¹, vatten, surdeg (VETE)¹ (7%), rapsolja¹, salt, socker¹ (endast för jästnäring), fermenterat VETEmjöl, jäst¹, maltmjöl (KORN). ​Mjölkfri. ¹ Ursprungsland: Sverige.",
    "storage": "Frys gärna in en del av bröden hemma och ta fram efter behov, så maxar du njutningen och minskar svinnet på en och samma gång.",
    "allergens": "",
    "usage": "Vi fryser vårt bröd så fort det kommer rykande ur ugnen, och tinar det på väg till dig. Hållbar i 7 dagar i rumstemperatur, se bäst-före-märkning på förpackningen.",
    "nutrition": [
      {
        "Näringsvärde": "Energi (kcal)",
        "100 Gram": "260 kcal"
      },
      {
        "Näringsvärde": "Energi (kJ)",
        "100 Gram": "1050 kJ"
      },
      {
        "Näringsvärde": "Fett",
        "100 Gram": "2.7 g"
      },
      {
        "Näringsvärde": "Varav mättat fett",
        "100 Gram": "0.4 g"
      },
      {
        "Näringsvärde": "Kolhydrat",
        "100 Gram": "47 g"
      },
      {
        "Näringsvärde": "Varav sockerarter",
        "100 Gram": "4.1 g"
      },
      {
        "Näringsvärde": "Fiber",
        "100 Gram": "2.4 g"
      },
      {
        "Näringsvärde": "Protein",
        "100 Gram": "8.4 g"
      },
      {
        "Näringsvärde": "Salt",
        "100 Gram": "1.3 g"
      }
    ],
    "nutritionUnitText": "Näringsvärde per 100 gram",
    "categories": {
      "mainCategory": "Bröd & Kakor",
      "subCategories": [
        {
          "name": "Matbröd",
          "subSubCategories": [
            "Surdegsbröd"
          ]
        }
      ]
    }
  },
  {
    "name": "Majskakor Chiafrö & havssalt Glutenfri 130g Friggs",
    "weightText": "0.13 kg",
    "caPart": "",
    "weightValue": 0.13,
    "weightUnit": "kg",
    "comparePrice": "203,85 kr/kg",
    "currentPrice": 26.5,
    "attributes": [
      "Glutenfritt",
      "Nyckelhålet"
    ],
    "imgUrl": "https://handlaprivatkund.ica.se/images-v3/bf7a00ca-390e-4769-865f-dc369586872e/2f316153-ca3c-4144-a99b-f01da7f683fb/500x500.jpg",
    "productInformation": "",
    "countryText": "",
    "companyText": "Friggs",
    "ingrediensText": "Ingredienser: Majs fullkorn (59 %), majsgryn (39%), chiafrö (Salvia hispanica) (1%), havssalt (1%). Kan innehålla spår av soja och sesamfrö.",
    "storage": "Torrt, ej över normal rumstemperatur.",
    "allergens": "Kan innehålla spår av Sojabönor.",
    "usage": "",
    "nutrition": [
      {
        "Näringsvärde": "Energi (kcal)",
        "100 Gram": "383 kcal"
      },
      {
        "Näringsvärde": "Energi (kJ)",
        "100 Gram": "1618 kJ"
      },
      {
        "Näringsvärde": "Fett",
        "100 Gram": "3.2 g"
      },
      {
        "Näringsvärde": "Varav mättat fett",
        "100 Gram": "0.5 g"
      },
      {
        "Näringsvärde": "Kolhydrat",
        "100 Gram": "76 g"
      },
      {
        "Näringsvärde": "Varav sockerarter",
        "100 Gram": "2.2 g"
      },
      {
        "Näringsvärde": "Fiber",
        "100 Gram": "8.1 g"
      },
      {
        "Näringsvärde": "Protein",
        "100 Gram": "8.5 g"
      },
      {
        "Näringsvärde": "Salt",
        "100 Gram": "1 g"
      }
    ],
    "nutritionUnitText": "Näringsvärde per 100 gram",
    "categories": {
      "mainCategory": "Bröd & Kakor",
      "subCategories": [
        {
          "name": "Knäckebröd & Skorpor",
          "subSubCategories": [
            "Riskakor"
          ]
        }
      ]
    }
  },
  {
    "name": "KärnSund Surdegsbröd 700g Pågen",
    "weightText": "0.7 kg",
    "caPart": "",
    "weightValue": 0.7,
    "weightUnit": "kg",
    "comparePrice": "48,50 kr/kg",
    "currentPrice": 33.95,
    "attributes": [
      "Nyckelhålet",
      "Ursprungsland Sverige"
    ],
    "imgUrl": "https://handlaprivatkund.ica.se/images-v3/bf7a00ca-390e-4769-865f-dc369586872e/c8fba855-46b2-4c1e-98cb-64aec03b95bc/500x500.jpg",
    "productInformation": "Gott osötat surdegsbröd som är rikt på fullkorn. Bakat på råg som tillsammans med durumvete och klippta rågkärnor ger brödet smak och struktur. Njut av den nötiga runda smaken som rundas av med extra fin kallpressad rapsolja från Österlen.",
    "countryText": "Sverige",
    "companyText": "Pågen",
    "ingrediensText": "Vatten, vetemjöl, fullkornsdurumvetemjöl* (12%), groddade rågkärnor (11%), klippt fullkornsråg*, surdeg på fullkornsråg* och vete (10%), vetegluten, malt av korn, rågskållning*, kallpressad rapsolja (1%), jäst, salt, mjölbehandlingsmedel (askorbinsyra). Kan innehålla spår av vallmofrö. * Fullkornsingrediens. Fullkornshalten i brödet är 37% vilket motsvarar 54% av torrvikten. SVENSKT MJÖL Mer än 90% mjöl från svenskodlat spannmål malt i egen kvarn.",
    "storage": "",
    "allergens": "",
    "usage": "",
    "nutrition": [
      {
        "Näringsvärde": "Energi (kcal)",
        "100 Gram": "274 kcal"
      },
      {
        "Näringsvärde": "Energi (kJ)",
        "100 Gram": "1158 kJ"
      },
      {
        "Näringsvärde": "Fett",
        "100 Gram": "2.5 g"
      },
      {
        "Näringsvärde": "Varav mättat fett",
        "100 Gram": "0.4 g"
      },
      {
        "Näringsvärde": "Kolhydrat",
        "100 Gram": "46 g"
      },
      {
        "Näringsvärde": "Varav sockerarter",
        "100 Gram": "3.4 g"
      },
      {
        "Näringsvärde": "Fiber",
        "100 Gram": "5.6 g"
      },
      {
        "Näringsvärde": "Protein",
        "100 Gram": "13 g"
      },
      {
        "Näringsvärde": "Salt",
        "100 Gram": "1 g"
      }
    ],
    "nutritionUnitText": "Näringsvärde per 100 gram",
    "categories": {
      "mainCategory": "Bröd & Kakor",
      "subCategories": [
        {
          "name": "Matbröd",
          "subSubCategories": [
            "Ljust bröd",
            "Lantbröd"
          ]
        }
      ]
    }
  },
  {
    "name": "Hönökaka 4-p Pågen",
    "weightText": "0.45 kg",
    "caPart": "",
    "weightValue": 0.45,
    "weightUnit": "kg",
    "comparePrice": "62,11 kr/kg",
    "currentPrice": 27.95,
    "attributes": [
      "Ursprungsland Sverige"
    ],
    "imgUrl": "https://handlaprivatkund.ica.se/images-v3/bf7a00ca-390e-4769-865f-dc369586872e/1bd2fc5c-d293-43e2-8546-94ca14a79ce7/500x500.jpg",
    "productInformation": "Njut av härlig, färsk Hönökaka, bakad med kärlek. Receptet kommer från Hönö i Göteborgs skärgård, där gyllengräddad Hönökaka har älskats av generationer. Ta hem skärgården till dig, och dela en god stund med nära och kära.",
    "countryText": "Sverige",
    "companyText": "Pågen",
    "ingrediensText": "VETEmjöl, vatten, socker, rapsolja, RÅGskållning, havssalt, VETEgluten, malt av KORN, jäst, vegetabiliskt emulgeringsmedel mono och diglycerider av fettsyror (solros, raps), mjölbehandlingsmedel (askorbinsyra). SVENSKT MJÖL Mer än 90% mjöl från svenskodlat spannmål malt i egen kvarn.",
    "storage": "",
    "allergens": "",
    "usage": "",
    "nutrition": [
      {
        "Näringsvärde": "Energi (kcal)",
        "100 Gram": "263 kcal"
      },
      {
        "Näringsvärde": "Energi (kJ)",
        "100 Gram": "1111 kJ"
      },
      {
        "Näringsvärde": "Fett",
        "100 Gram": "3.2 g"
      },
      {
        "Näringsvärde": "Varav mättat fett",
        "100 Gram": "0.5 g"
      },
      {
        "Näringsvärde": "Kolhydrat",
        "100 Gram": "48 g"
      },
      {
        "Näringsvärde": "Varav sockerarter",
        "100 Gram": "7.5 g"
      },
      {
        "Näringsvärde": "Fiber",
        "100 Gram": "2.6 g"
      },
      {
        "Näringsvärde": "Protein",
        "100 Gram": "8.7 g"
      },
      {
        "Näringsvärde": "Salt",
        "100 Gram": "0.9 g"
      }
    ],
    "nutritionUnitText": "Näringsvärde per 100 gram",
    "categories": {
      "mainCategory": "Bröd & Kakor",
      "subCategories": [
        {
          "name": "Matbröd",
          "subSubCategories": [
            "Mjukt tunnbröd & Vetekakor",
            "Vetekakor"
          ]
        }
      ]
    }
  },
  {
    "name": "Råg Levain 650g Pågen",
    "weightText": "0.65 kg",
    "caPart": "",
    "weightValue": 0.65,
    "weightUnit": "kg",
    "comparePrice": "61,46 kr/kg",
    "currentPrice": 39.95,
    "attributes": [
      "Ursprungsland Sverige"
    ],
    "imgUrl": "https://handlaprivatkund.ica.se/images-v3/bf7a00ca-390e-4769-865f-dc369586872e/9eaac01b-9a98-471f-ad7a-0c5500248ac9/500x500.jpg",
    "productInformation": "",
    "countryText": "Sverige",
    "companyText": "Pågen",
    "ingrediensText": "VETEmjöl, vatten, surdeg på fullkornsRÅG* och fullkornsdurumVETE* (10%), groddade RÅGkärnor*, VETEgluten, fullkornsRÅGmjöl*, VETEkli, malt av KORN, jäst, salt, mjölbehandlingsmedel (askorbinsyra). *Fullkornsingrediens.",
    "storage": "Lägsta förvaringstemperatur 10°C Högsta förvaringstemperatur 40°C",
    "allergens": "",
    "usage": "",
    "nutrition": [
      {
        "Näringsvärde": "Energi (kcal)",
        "100 Gram": "235 kcal"
      },
      {
        "Näringsvärde": "Energi (kJ)",
        "100 Gram": "985 kJ"
      },
      {
        "Näringsvärde": "Fett",
        "100 Gram": "1.5 g"
      },
      {
        "Näringsvärde": "Varav mättat fett",
        "100 Gram": "0.3 g"
      },
      {
        "Näringsvärde": "Kolhydrat",
        "100 Gram": "43 g"
      },
      {
        "Näringsvärde": "Varav sockerarter",
        "100 Gram": "3.6 g"
      },
      {
        "Näringsvärde": "Fiber",
        "100 Gram": "4.2 g"
      },
      {
        "Näringsvärde": "Protein",
        "100 Gram": "9.3 g"
      },
      {
        "Näringsvärde": "Salt",
        "100 Gram": "1.3 g"
      }
    ],
    "nutritionUnitText": "",
    "categories": {
      "mainCategory": "Bröd & Kakor",
      "subCategories": [
        {
          "name": "Matbröd",
          "subSubCategories": [
            "Surdegsbröd"
          ]
        }
      ]
    }
  },
  {
    "name": "Tuc Original 100g Lu",
    "weightText": "0.1 kg",
    "caPart": "",
    "weightValue": 0.1,
    "weightUnit": "kg",
    "comparePrice": "139,50 kr/kg",
    "currentPrice": 13.95,
    "attributes": [],
    "imgUrl": "https://handlaprivatkund.ica.se/images-v3/bf7a00ca-390e-4769-865f-dc369586872e/9777df01-6d40-4dda-b098-e02aed50e381/500x500.jpg",
    "productInformation": "Tuc Orginal- Tunna, spröda ugnsbakade salta kex. Goda att äta bara som de är, som snacks eller till ostbrickan.",
    "countryText": "",
    "companyText": "Lu",
    "ingrediensText": "Ingredienser: VETEMJÖL/HVEDEMEL, palmolja/-olie, glukossirap, maltextrakt från KORN/BYG, bakpulver/hævemidler (ammoniumkarbonater, natriumkarbonater), salt, ÄGG/ÆG/EGG, arom, mjölbehandlingsmedel/melbehandlingsmiddel (NATRIUMDISULFIT).KAN INNEHÅLLA SOJA, MJÖLK. KAN INDEHOLDE SOJA, MÆLK. KAN INNEHOLDE SOYA, MELK.",
    "storage": "",
    "allergens": "",
    "usage": "",
    "nutrition": [
      {
        "Näringsvärde": "Energi (kcal)",
        "100 Gram": "482 kcal"
      },
      {
        "Näringsvärde": "Energi (kJ)",
        "100 Gram": "2021 kJ"
      },
      {
        "Näringsvärde": "Fett",
        "100 Gram": "19 g"
      },
      {
        "Näringsvärde": "Varav mättat fett",
        "100 Gram": "9 g"
      },
      {
        "Näringsvärde": "Kolhydrat",
        "100 Gram": "67 g"
      },
      {
        "Näringsvärde": "Varav sockerarter",
        "100 Gram": "7.1 g"
      },
      {
        "Näringsvärde": "Fiber",
        "100 Gram": "2.4 g"
      },
      {
        "Näringsvärde": "Protein",
        "100 Gram": "8.3 g"
      },
      {
        "Näringsvärde": "Salt",
        "100 Gram": "1.7 g"
      }
    ],
    "nutritionUnitText": "Näringsvärde per 100 gram",
    "categories": {
      "mainCategory": "Bröd & Kakor",
      "subCategories": [
        {
          "name": "Kaffebröd",
          "subSubCategories": [
            "Kex & kakor",
            "Matkex",
            "Kex till ost"
          ]
        }
      ]
    }
  },
  {
    "name": "Varsågod Skivad 715g Skogaholms",
    "weightText": "0.715 kg",
    "caPart": "",
    "weightValue": 0.715,
    "weightUnit": "kg",
    "comparePrice": "37,06 kr/kg",
    "currentPrice": 26.5,
    "attributes": [],
    "imgUrl": "https://handlaprivatkund.ica.se/images-v3/bf7a00ca-390e-4769-865f-dc369586872e/f9082c8d-f8dc-413c-a1ee-27c2b380b9e4/500x500.jpg",
    "productInformation": "Varsågod är ett mörkt färdigskivat bröd som passar med valfritt smörgåspålägg till frukosten, mellanmålet och utflykten.",
    "countryText": "",
    "companyText": "Skogaholms",
    "ingrediensText": "VETEmjöl, vatten, sirap, fullkornsRÅGmjöl 10 %, fullkornsVETEmjöl 6 %, klippta RÅGkärnor, jäst, malt av KORN, rapsolja, VETEgluten, salt, grovt VETEmjöl, fermenterat VETEmjöl, surdegspulver av VETE, mjölbehandlingsmedel (askorbinsyra).",
    "storage": "",
    "allergens": "",
    "usage": "",
    "nutrition": [
      {
        "Näringsvärde": "Energi (kcal)",
        "100 Gram": "270 kcal"
      },
      {
        "Näringsvärde": "Energi (kJ)",
        "100 Gram": "1150 kJ"
      },
      {
        "Näringsvärde": "Fett",
        "100 Gram": "3.3 g"
      },
      {
        "Näringsvärde": "Varav mättat fett",
        "100 Gram": "0.5 g"
      },
      {
        "Näringsvärde": "Kolhydrat",
        "100 Gram": "50 g"
      },
      {
        "Näringsvärde": "Varav sockerarter",
        "100 Gram": "9.5 g"
      },
      {
        "Näringsvärde": "Fiber",
        "100 Gram": "4.7 g"
      },
      {
        "Näringsvärde": "Protein",
        "100 Gram": "8 g"
      },
      {
        "Näringsvärde": "Salt",
        "100 Gram": "1 g"
      }
    ],
    "nutritionUnitText": "Näringsvärde per 100 gram",
    "categories": {
      "mainCategory": "Bröd & Kakor",
      "subCategories": [
        {
          "name": "Matbröd",
          "subSubCategories": [
            "Mörkt & Grovt bröd",
            "Mörkt skivat bröd"
          ]
        }
      ]
    }
  },
  {
    "name": "Fruktkusar 420g Fazer",
    "weightText": "0.42 kg",
    "caPart": "",
    "weightValue": 0.42,
    "weightUnit": "kg",
    "comparePrice": "72,62 kr/kg",
    "currentPrice": 30.5,
    "attributes": [],
    "imgUrl": "https://handlaprivatkund.ica.se/images-v3/bf7a00ca-390e-4769-865f-dc369586872e/311c5b42-d509-4077-a1c9-4896c9224271/500x500.jpg",
    "productInformation": "Fruktkusar är dubbelmackor smaksatt med aprikoser, tranbär, solrosfrön, linfrön och hirs. Passar till frukost, mellanmål och picknick.",
    "countryText": "",
    "companyText": "Fazer",
    "ingrediensText": "Mjöl (VETE, fullkorn av RÅG och VETE), vatten, torkade aprikoser 8 % (aprikoser, rismjöl, konserveringsmedel (svaveldioxid)), solrosfrö 6 %, torkade tranbär 4 % (tranbär, socker, solrosolja), jäst, dinkelVETEflingor, malt av KORN, salt, stabiliseringsmedel (guarkärnmjöl), VETEgluten, hirs 0,5 %, linfrö 0,5 %. Produkten innehåller 12% frukt och bär samt 7% fröer. Produkten kan innehålla hårda skal- och kärndelar från aprikoser.",
    "storage": "",
    "allergens": "",
    "usage": "",
    "nutrition": [
      {
        "Näringsvärde": "Energi (kcal)",
        "100 Gram": "290 kcal"
      },
      {
        "Näringsvärde": "Energi (kJ)",
        "100 Gram": "1200 kJ"
      },
      {
        "Näringsvärde": "Fett",
        "100 Gram": "4.7 g"
      },
      {
        "Näringsvärde": "Varav mättat fett",
        "100 Gram": "0.5 g"
      },
      {
        "Näringsvärde": "Kolhydrat",
        "100 Gram": "51 g"
      },
      {
        "Näringsvärde": "Varav sockerarter",
        "100 Gram": "8.3 g"
      },
      {
        "Näringsvärde": "Fiber",
        "100 Gram": "5 g"
      },
      {
        "Näringsvärde": "Protein",
        "100 Gram": "8.2 g"
      },
      {
        "Näringsvärde": "Salt",
        "100 Gram": "0.9 g"
      }
    ],
    "nutritionUnitText": "Näringsvärde per 100 gram",
    "categories": {
      "mainCategory": "Bröd & Kakor",
      "subCategories": [
        {
          "name": "Matbröd",
          "subSubCategories": [
            "Mörkt & Grovt bröd",
            "Mörkt styckpackat bröd"
          ]
        }
      ]
    }
  },
  {
    "name": "Rågbröd Danskt 400g Pågen",
    "weightText": "0.4 kg",
    "caPart": "",
    "weightValue": 0.4,
    "weightUnit": "kg",
    "comparePrice": "63,75 kr/kg",
    "currentPrice": 25.5,
    "attributes": [
      "Nyckelhålet"
    ],
    "imgUrl": "https://handlaprivatkund.ica.se/images-v3/bf7a00ca-390e-4769-865f-dc369586872e/6aa238b1-4e2e-4af8-ac3a-e6c3d9a47cb1/500x500.jpg",
    "productInformation": "Rågbröd med solros- och linfrö. Gör en ägg- och baconmacka: blanda kokt ägg, majonnäs, senap och persilja. Lägg på röran, stekt bacon och tomat. \n \n Fullkornshalten i brödet är 25% vilket motsvarar 35% av torrvikten.",
    "countryText": "",
    "companyText": "Pågen",
    "ingrediensText": "Surdeg på fullkornsRÅG* (29%) och VETE, siktat RÅGmjöl (26%), vatten, RÅGkärnor* (7%), linfrö (6%), solrosfrö (6%), RÅGmjöl* (5%), sirap, malt av KORN, jäst, joderat salt. Kan innehålla spår av SESAMFRÖ. *Fullkornsingrediens.",
    "storage": "",
    "allergens": "",
    "usage": "",
    "nutrition": [
      {
        "Näringsvärde": "Energi (kcal)",
        "100 Gram": "243 kcal"
      },
      {
        "Näringsvärde": "Energi (kJ)",
        "100 Gram": "1017 kJ"
      },
      {
        "Näringsvärde": "Fett",
        "100 Gram": "5.9 g"
      },
      {
        "Näringsvärde": "Varav mättat fett",
        "100 Gram": "0.7 g"
      },
      {
        "Näringsvärde": "Kolhydrat",
        "100 Gram": "36 g"
      },
      {
        "Näringsvärde": "Varav sockerarter",
        "100 Gram": "3.2 g"
      },
      {
        "Näringsvärde": "Fiber",
        "100 Gram": "7.9 g"
      },
      {
        "Näringsvärde": "Protein",
        "100 Gram": "7 g"
      },
      {
        "Näringsvärde": "Salt",
        "100 Gram": "1.1 g"
      }
    ],
    "nutritionUnitText": "Näringsvärde per 100 gram",
    "categories": {
      "mainCategory": "Bröd & Kakor",
      "subCategories": [
        {
          "name": "Matbröd",
          "subSubCategories": [
            "Mörkt & Grovt bröd",
            "Rågbröd"
          ]
        }
      ]
    }
  },
  {
    "name": "Tunnbröd Original 340g Liba Bröd",
    "weightText": "0.33 kg",
    "caPart": "",
    "weightValue": 0.33,
    "weightUnit": "kg",
    "comparePrice": "33,18 kr/kg",
    "currentPrice": 10.95,
    "attributes": [],
    "imgUrl": "https://handlaprivatkund.ica.se/images-v3/bf7a00ca-390e-4769-865f-dc369586872e/1d77e41e-9a47-4da1-b17c-77c66c850dc1/500x500.jpg",
    "productInformation": "Orientaliskt tunnbröd från Liba bröd med varierande användningsområden. Ät som wrap, pizzabotten eller helt enkelt som det är.",
    "countryText": "",
    "companyText": "Liba Bröd",
    "ingrediensText": "VETEMJÖL 100% , vatten, socker, jäst, salt., KORNMALT",
    "storage": "",
    "allergens": "",
    "usage": "",
    "nutrition": [
      {
        "Näringsvärde": "Energi (kcal)",
        "100 Gram": "240 kcal"
      },
      {
        "Näringsvärde": "Energi (kJ)",
        "100 Gram": "1000 kJ"
      },
      {
        "Näringsvärde": "Fett",
        "100 Gram": "1 g"
      },
      {
        "Näringsvärde": "Kolhydrat",
        "100 Gram": "49 g"
      },
      {
        "Näringsvärde": "Fiber",
        "100 Gram": "2.2 g"
      },
      {
        "Näringsvärde": "Protein",
        "100 Gram": "7.5 g"
      },
      {
        "Näringsvärde": "Salt",
        "100 Gram": "0.65 g"
      }
    ],
    "nutritionUnitText": "Näringsvärde per 100 gram",
    "categories": {
      "mainCategory": "Bröd & Kakor",
      "subCategories": [
        {
          "name": "Korvbröd, Hamburgerbröd & Maträttsbröd",
          "subSubCategories": [
            "Övriga maträttsbröd"
          ]
        }
      ]
    }
  },
  {
    "name": "Majskakor Ranch 125g Friggs",
    "weightText": "0.125 kg",
    "caPart": "",
    "weightValue": 0.125,
    "weightUnit": "kg",
    "comparePrice": "151,60 kr/kg",
    "currentPrice": 18.95,
    "attributes": [
      "Glutenfritt"
    ],
    "imgUrl": "https://handlaprivatkund.ica.se/images-v3/bf7a00ca-390e-4769-865f-dc369586872e/b436acd1-a81d-41db-ab30-a95d048e2db8/500x500.jpg",
    "productInformation": "Friggs Majskakor Ranch är naturligt glutenfria majskakor med en mild och god smak av ranch. Passar gott som snacks eller som mellanmål vart du än är.",
    "countryText": "",
    "companyText": "Friggs",
    "ingrediensText": "Ingredienser: Majs (80%), rapsolja, kryddblandning (VASSLEPULVER (MJÖLK), salt, socker, dextros, lök, tomat, OSTPULVER (MJÖLK), paprika, jästextrakt, surhetsreglerande medel (mjölksyra, äpplesyra, citronsyra), vitlök, persilja, kryddextrakt (paprika), arom). Kan innehålla spår av soja och sesamfrön.",
    "storage": "Torrt, ej över normal rumstemperatur.",
    "allergens": "Kan innehålla spår av Sesamfrön, Sojabönor.",
    "usage": "",
    "nutrition": [
      {
        "Näringsvärde": "Energi (kcal)",
        "100 Gram": "406 kcal"
      },
      {
        "Näringsvärde": "Energi (kJ)",
        "100 Gram": "1700 kJ"
      },
      {
        "Näringsvärde": "Fett",
        "100 Gram": "13 g"
      },
      {
        "Näringsvärde": "Varav mättat fett",
        "100 Gram": "1.6 g"
      },
      {
        "Näringsvärde": "Kolhydrat",
        "100 Gram": "65 g"
      },
      {
        "Näringsvärde": "Varav sockerarter",
        "100 Gram": "4.3 g"
      },
      {
        "Näringsvärde": "Fiber",
        "100 Gram": "1.1 g"
      },
      {
        "Näringsvärde": "Protein",
        "100 Gram": "6.6 g"
      },
      {
        "Näringsvärde": "Salt",
        "100 Gram": "1.4 g"
      }
    ],
    "nutritionUnitText": "Näringsvärde per 100 gram",
    "categories": {
      "mainCategory": "Bröd & Kakor",
      "subCategories": [
        {
          "name": "Knäckebröd & Skorpor",
          "subSubCategories": [
            "Riskakor"
          ]
        }
      ]
    }
  },
  {
    "name": "Lantbröd Havssalt 600g Fazer",
    "weightText": "0.6 kg",
    "caPart": "",
    "weightValue": 0.6,
    "weightUnit": "kg",
    "comparePrice": "58,25 kr/kg",
    "currentPrice": 34.95,
    "attributes": [
      "Från Sverige",
      "Ursprungsland Sverige"
    ],
    "imgUrl": "https://handlaprivatkund.ica.se/images-v3/bf7a00ca-390e-4769-865f-dc369586872e/0ba313e9-16cb-423e-b853-ce4c03c112d0/500x500.jpg",
    "productInformation": "Lantbröd Havssalt är ett ljust osötat bröd, bakat med surdeg och en gnutta havssalt. Gott att rosta till frukost, servera till en mustig soppa eller matig sallad. Frukost, utflykt, mellanmål eller nattmat spelar ingen roll. Fazers Lantbröd är alltid lika gott. Vi har gjort påsen mindre för att minska plasten och minimerat dekoren för att minska färgåtgången. Läs mer om vårt miljöarbete på www.skogaholm.se Vi bakar brödet. Du gör stunden.",
    "countryText": "Sverige",
    "companyText": "Fazer",
    "ingrediensText": "VETEmjöl1, vatten, siktat rågmjöl1, HAVREgryn1,malt av VETE, jäst1, VETEgluten, rapsolja, surdeg av VETE2 2 %, havssalt, fermenterat VETEmjöl, linfrö, durumVETEmjöl, malt avKORN, mjölbehandlingsmedel (askorbinsyra). 1Ursprung Sverige. 2Ursprung EU.",
    "storage": "",
    "allergens": "",
    "usage": "",
    "nutrition": [
      {
        "Näringsvärde": "Energi (kcal)",
        "100 Gram": "260 kcal"
      },
      {
        "Näringsvärde": "Energi (kJ)",
        "100 Gram": "1050 kJ"
      },
      {
        "Näringsvärde": "Fett",
        "100 Gram": "3.9 g"
      },
      {
        "Näringsvärde": "Varav mättat fett",
        "100 Gram": "0.5 g"
      },
      {
        "Näringsvärde": "Kolhydrat",
        "100 Gram": "44 g"
      },
      {
        "Näringsvärde": "Varav sockerarter",
        "100 Gram": "3.8 g"
      },
      {
        "Näringsvärde": "Fiber",
        "100 Gram": "3.7 g"
      },
      {
        "Näringsvärde": "Protein",
        "100 Gram": "9.3 g"
      },
      {
        "Näringsvärde": "Salt",
        "100 Gram": "1.2 g"
      }
    ],
    "nutritionUnitText": "Näringsvärde per 100 gram",
    "categories": {
      "mainCategory": "Bröd & Kakor",
      "subCategories": [
        {
          "name": "Matbröd",
          "subSubCategories": [
            "Ljust bröd",
            "Lantbröd"
          ]
        }
      ]
    }
  },
  {
    "name": "Rågform 400g Fazer",
    "weightText": "0.4 kg",
    "caPart": "",
    "weightValue": 0.4,
    "weightUnit": "kg",
    "comparePrice": "71,25 kr/kg",
    "currentPrice": 28.5,
    "attributes": [
      "Från Sverige",
      "Nyckelhålet",
      "Ursprungsland Sverige"
    ],
    "imgUrl": "https://handlaprivatkund.ica.se/images-v3/bf7a00ca-390e-4769-865f-dc369586872e/31cab2f8-9169-4bc5-aa9b-7a148ad1f579/500x500.jpg",
    "productInformation": "Rågform är ett surdegsbröd med bland annat fullkorn av råg. Passar till frukost och mellanmål med en klick smör och ett gott smörgåspålägg.",
    "countryText": "Sverige",
    "companyText": "Fazer",
    "ingrediensText": "Mjöl (fullkorn av RÅG1, VETE1, fullkorn av VETE1, fermenterat VETE), vatten, surdeg av fullkornsRÅGmjöl1 18 %, krossade RÅGkärnor2, RÅGflingor1, malt av KORN, rapsolja, salt, jäst1, mjölbehandlingsmedel (askorbinsyra). 1Ursprung Sverige. 2Ursprung EU. Brödet består av 81% svenska ingredienser. Brödet innehåller 44% råg och 53 % fullkorn. Innehåller naturligt förekommande sockerarter.",
    "storage": "Lägsta förvaringstemperatur 8°C Högsta förvaringstemperatur 25°C",
    "allergens": "",
    "usage": "",
    "nutrition": [
      {
        "Näringsvärde": "Energi (kcal)",
        "100 Gram": "260 kcal"
      },
      {
        "Näringsvärde": "Energi (kJ)",
        "100 Gram": "1100 kJ"
      },
      {
        "Näringsvärde": "Fett",
        "100 Gram": "3.4 g"
      },
      {
        "Näringsvärde": "Varav mättat fett",
        "100 Gram": "0.5 g"
      },
      {
        "Näringsvärde": "Kolhydrat",
        "100 Gram": "47 g"
      },
      {
        "Näringsvärde": "Varav sockerarter",
        "100 Gram": "3.3 g"
      },
      {
        "Näringsvärde": "Fiber",
        "100 Gram": "8.3 g"
      },
      {
        "Näringsvärde": "Protein",
        "100 Gram": "6.9 g"
      },
      {
        "Näringsvärde": "Salt",
        "100 Gram": "1.1 g"
      }
    ],
    "nutritionUnitText": "Näringsvärde per 100 gram",
    "categories": {
      "mainCategory": "Bröd & Kakor",
      "subCategories": [
        {
          "name": "Matbröd",
          "subSubCategories": [
            "Mörkt & Grovt bröd",
            "Mörkt styckpackat bröd"
          ]
        }
      ]
    }
  },
  {
    "name": "Knäckebröd 100 Frön & Havssalt 245g Wasa",
    "weightText": "0.245 kg",
    "caPart": "",
    "weightValue": 0.245,
    "weightUnit": "kg",
    "comparePrice": "97,76 kr/kg",
    "currentPrice": 23.95,
    "attributes": [
      "Nyckelhålet"
    ],
    "imgUrl": "https://handlaprivatkund.ica.se/images-v3/bf7a00ca-390e-4769-865f-dc369586872e/e9fc43a2-1694-4d7e-959e-a73e94de2d41/500x500.jpg",
    "productInformation": "Wasa 100 Frön & Havssalt är vårt ljuvliga jubileumsknäcke. Vi firar att Wasa har förgyllt våra måltider med gott knäcke i över 100 år. Det här är ett tunt knäckebröd som är bakat på 100% fullkornsråg, toppat med havssalt, linfrön och vallmofrön. Knäckebröd med havssalt ger en fulländad smakbrytning till de runda och nötiga tonerna från fröna. Servera detta knäckebröd med frön som kex till en ostbricka eller som knäckemacka med valfritt pålägg. Wasas hårda tunnbröd är 100% klimatkompenserat.",
    "countryText": "",
    "companyText": "Wasa",
    "ingrediensText": "FULLKORNSRÅGMJÖL (95 g*), linfrön (5,9 g*), vallmofrön (4,2 g*), jäst, havssalt (0,5 g*), salt. *i g för 100 g produkt.",
    "storage": "Förvaras torrt och mörkt.",
    "allergens": "Kan innehålla spår av Mjölk.",
    "usage": "",
    "nutrition": [
      {
        "Näringsvärde": "Energi (kcal)",
        "100 Gram": "348 kcal"
      },
      {
        "Näringsvärde": "Energi (kJ)",
        "100 Gram": "1461 kJ"
      },
      {
        "Näringsvärde": "Fett",
        "100 Gram": "5 g"
      },
      {
        "Näringsvärde": "Varav mättat fett",
        "100 Gram": "0.7 g"
      },
      {
        "Näringsvärde": "Kolhydrat",
        "100 Gram": "54 g"
      },
      {
        "Näringsvärde": "Varav sockerarter",
        "100 Gram": "1 g"
      },
      {
        "Näringsvärde": "Fiber",
        "100 Gram": "21 g"
      },
      {
        "Näringsvärde": "Protein",
        "100 Gram": "11 g"
      },
      {
        "Näringsvärde": "Salt",
        "100 Gram": "1.2 g"
      }
    ],
    "nutritionUnitText": "Näringsvärde per 100 gram",
    "categories": {
      "mainCategory": "Bröd & Kakor",
      "subCategories": [
        {
          "name": "Knäckebröd & Skorpor",
          "subSubCategories": [
            "Knäckebröd",
            "Mörkt knäckebröd"
          ]
        }
      ]
    }
  },
  {
    "name": "Wasa100 490g Wasa",
    "weightText": "0.49 kg",
    "caPart": "",
    "weightValue": 0.49,
    "weightUnit": "kg",
    "comparePrice": "83,57 kr/kg",
    "currentPrice": 40.95,
    "attributes": [
      "Nyckelhålet"
    ],
    "imgUrl": "https://handlaprivatkund.ica.se/images-v3/bf7a00ca-390e-4769-865f-dc369586872e/a69a90ea-d3f0-445e-a9c3-6e4257c4a1fc/500x500.jpg",
    "productInformation": "Wasa 100 Frön & Havssalt är vårt ljuvliga jubileumsknäcke. Vi firar att Wasa har förgyllt våra måltider med gott knäcke i över 100 år. Det här är ett tunt knäckebröd som är bakat på 100% fullkornsråg, toppat med havssalt, linfrön och vallmofrön. Knäckebröd med havssalt ger en fulländad smakbrytning till de runda och nötiga tonerna från fröna. Servera detta knäckebröd med frön som kex till en ostbricka eller som knäckemacka med valfritt pålägg. Wasas hårda tunnbröd är 100% klimatkompenserat.",
    "countryText": "",
    "companyText": "Wasa",
    "ingrediensText": "FULLKORNSRÅGMJÖL (95% g*), linfrön (5,9 g*), vallmofrön (4,2 g*), jäst, havssalt (0,5 g*), salt. *i g för 100 g produkt.",
    "storage": "",
    "allergens": "",
    "usage": "",
    "nutrition": [
      {
        "Näringsvärde": "Energi (kcal)",
        "100 Gram": "348 kcal"
      },
      {
        "Näringsvärde": "Energi (kJ)",
        "100 Gram": "1461 kJ"
      },
      {
        "Näringsvärde": "Fett",
        "100 Gram": "5 g"
      },
      {
        "Näringsvärde": "Varav mättat fett",
        "100 Gram": "0.7 g"
      },
      {
        "Näringsvärde": "Kolhydrat",
        "100 Gram": "54 g"
      },
      {
        "Näringsvärde": "Varav sockerarter",
        "100 Gram": "1 g"
      },
      {
        "Näringsvärde": "Fiber",
        "100 Gram": "21 g"
      },
      {
        "Näringsvärde": "Protein",
        "100 Gram": "11 g"
      },
      {
        "Näringsvärde": "Salt",
        "100 Gram": "1.2 g"
      }
    ],
    "nutritionUnitText": "Näringsvärde per 100 gram",
    "categories": {
      "mainCategory": "Bröd & Kakor",
      "subCategories": [
        {
          "name": "Knäckebröd & Skorpor",
          "subSubCategories": [
            "Knäckebröd",
            "Mörkt knäckebröd"
          ]
        }
      ]
    }
  },
  {
    "name": "Knäckebröd Husman 520g Wasa",
    "weightText": "0.52 kg",
    "caPart": "",
    "weightValue": 0.52,
    "weightUnit": "kg",
    "comparePrice": "30,67 kr/kg",
    "currentPrice": 15.95,
    "attributes": [
      "Nyckelhålet"
    ],
    "imgUrl": "https://handlaprivatkund.ica.se/images-v3/bf7a00ca-390e-4769-865f-dc369586872e/d3b4a06d-40ac-4794-ab61-6296c5b67806/500x500.jpg",
    "productInformation": "Wasa Knäckebröd Husman är vårt klassiska knäcke bakat på fullkornsrågmjöl. Vi följer än idag samma recept som från när det först bakades, för mer än 80 år sedan. Vårt grova rågknäcke är precis lika älskat nu som då. Rik i smaken och samtidigt neutral passar Husman knäcke med alla typer av pålägg, både som tillbehör eller som huvudnummer. Det innehåller 100% fullkorn och är ett knäckebröd rikt på fiber och järn. Wasa rågknäckebröd Husman är 100% klimatkompenserat och nyckelhålsmärkt.",
    "countryText": "",
    "companyText": "Wasa",
    "ingrediensText": "Ingredienser: fullkornsRÅGmjöl 105 g*, jäst, salt. *i g för 100 g produkt.",
    "storage": "Förvaras torrt och mörkt. Högsta förvaringstemperatur 25°C",
    "allergens": "",
    "usage": "",
    "nutrition": [
      {
        "Näringsvärde": "Energi (kcal)",
        "100 Gram": "330 kcal"
      },
      {
        "Näringsvärde": "Energi (kJ)",
        "100 Gram": "1389 kJ"
      },
      {
        "Näringsvärde": "Fett",
        "100 Gram": "1.5 g"
      },
      {
        "Näringsvärde": "Varav mättat fett",
        "100 Gram": "0.4 g"
      },
      {
        "Näringsvärde": "Kolhydrat",
        "100 Gram": "59 g"
      },
      {
        "Näringsvärde": "Varav sockerarter",
        "100 Gram": "1.5 g"
      },
      {
        "Näringsvärde": "Fiber",
        "100 Gram": "20 g"
      },
      {
        "Näringsvärde": "Protein",
        "100 Gram": "10 g"
      },
      {
        "Näringsvärde": "Salt",
        "100 Gram": "1.2 g"
      },
      {
        "Näringsvärde": "Järn",
        "100 Gram": "2.6 mg",
        "% av DRI(*)": "19"
      },
      {
        "Näringsvärde": "Magnesium",
        "100 Gram": "85 mg",
        "% av DRI(*)": "23"
      },
      {
        "Näringsvärde": "Zink",
        "100 Gram": "2.4 mg",
        "% av DRI(*)": "24"
      }
    ],
    "nutritionUnitText": "Näringsvärde per 100 gram",
    "categories": {
      "mainCategory": "Bröd & Kakor",
      "subCategories": [
        {
          "name": "Knäckebröd & Skorpor",
          "subSubCategories": [
            "Knäckebröd",
            "Mörkt knäckebröd"
          ]
        }
      ]
    }
  },
  {
    "name": "Frökusar 420g Fazer",
    "weightText": "0.42 kg",
    "caPart": "",
    "weightValue": 0.42,
    "weightUnit": "kg",
    "comparePrice": "68,93 kr/kg",
    "currentPrice": 28.95,
    "attributes": [
      "Nyckelhålet"
    ],
    "imgUrl": "https://handlaprivatkund.ica.se/images-v3/bf7a00ca-390e-4769-865f-dc369586872e/f547afcc-f667-40f8-811a-a254a84a1e20/500x500.jpg",
    "productInformation": "Fazer Frökusar är ett bröd fyllt med solrosfrön och linfrön. Det är ett nyckelhålsmärkt smakrikt frukostbröd som innehåller dinkel och som är rikt på fullkorn. Fazer Frökusar är även goda att rosta. Bred din favoritmacka och ät till frukost eller ta med på picknicken.",
    "countryText": "",
    "companyText": "Fazer",
    "ingrediensText": "VETEmjöl, vatten, fullkornsmjöl av VETE, solrosfrö 8 %, dinkelVETEmjöl 7,5 %, linfrö 3 %, jäst, sirap, dinkelVETEflingor 2 %, skållat fullkornsRÅGmjöl, malt av KORN, salt, malt av RÅG, VETEgluten, stabiliseringsmedel (guarkärnmjöl), konserveringsmedel (sorbinsyra), mjölbehandlingsmedel (askorbinsyra). Brödet innehåller 24 % fullkorn.",
    "storage": "Lägsta förvaringstemperatur 8°C Högsta förvaringstemperatur 25°C",
    "allergens": "",
    "usage": "",
    "nutrition": [
      {
        "Näringsvärde": "Energi (kcal)",
        "100 Gram": "290 kcal"
      },
      {
        "Näringsvärde": "Energi (kJ)",
        "100 Gram": "1200 kJ"
      },
      {
        "Näringsvärde": "Fett",
        "100 Gram": "6.3 g"
      },
      {
        "Näringsvärde": "Varav mättat fett",
        "100 Gram": "0.8 g"
      },
      {
        "Näringsvärde": "Kolhydrat",
        "100 Gram": "45 g"
      },
      {
        "Näringsvärde": "Varav sockerarter",
        "100 Gram": "4.8 g"
      },
      {
        "Näringsvärde": "Fiber",
        "100 Gram": "5.6 g"
      },
      {
        "Näringsvärde": "Protein",
        "100 Gram": "9.5 g"
      },
      {
        "Näringsvärde": "Salt",
        "100 Gram": "1 g"
      }
    ],
    "nutritionUnitText": "Näringsvärde per 100 gram",
    "categories": {
      "mainCategory": "Bröd & Kakor",
      "subCategories": [
        {
          "name": "Matbröd",
          "subSubCategories": [
            "Mörkt & Grovt bröd",
            "Mörkt styckpackat bröd"
          ]
        }
      ]
    }
  },
  {
    "name": "Rågbitar osötade 6-p 330g Hatting",
    "weightText": "0.33 kg",
    "caPart": "",
    "weightValue": 0.33,
    "weightUnit": "kg",
    "comparePrice": "72,58 kr/kg",
    "currentPrice": 23.95,
    "attributes": [
      "Nyckelhålet"
    ],
    "imgUrl": "https://handlaprivatkund.ica.se/images-v3/bf7a00ca-390e-4769-865f-dc369586872e/cf514775-5e79-4363-a963-2d6266724a00/500x500.jpg",
    "productInformation": "Ett syrligt och gott rågbröd. Brödet är nyckelhålsmärkt och innehåller 55% råg, 55% fullkorn och 11% fiber. 6 st skurna bröd. Rosta gärna brödet för ännu godare smak.",
    "countryText": "",
    "companyText": "Hatting",
    "ingrediensText": "Ingredienser: FULLKORNSRÅG (mjöl, kross, malt), vatten, VETEMJÖL, potatisflingor, jäst, salt och VETEGLUTEN.",
    "storage": "",
    "allergens": "",
    "usage": "Brödet är färdigt att servera. Rosta gärna brödet för ännu bättre smak. Stoppa 2 skivor (dubbla) i rosten, på så sätt får du en crispig utsida och en härlig varm sida. Blir det något över, förvara i plastpåse i rumstemperatur.",
    "nutrition": [
      {
        "Näringsvärde": "Energi (kcal)",
        "100 Gram": "251 kcal"
      },
      {
        "Näringsvärde": "Energi (kJ)",
        "100 Gram": "1061 kJ"
      },
      {
        "Näringsvärde": "Fett",
        "100 Gram": "1.5 g"
      },
      {
        "Näringsvärde": "Varav mättat fett",
        "100 Gram": "0.3 g"
      },
      {
        "Näringsvärde": "Kolhydrat",
        "100 Gram": "45 g"
      },
      {
        "Näringsvärde": "Varav sockerarter",
        "100 Gram": "1 g"
      },
      {
        "Näringsvärde": "Fiber",
        "100 Gram": "11 g"
      },
      {
        "Näringsvärde": "Protein",
        "100 Gram": "8.6 g"
      },
      {
        "Näringsvärde": "Salt",
        "100 Gram": "1.1 g"
      }
    ],
    "nutritionUnitText": "Näringsvärde per 100 gram",
    "categories": {
      "mainCategory": "Bröd & Kakor",
      "subCategories": [
        {
          "name": "Matbröd",
          "subSubCategories": [
            "Mörkt & Grovt bröd",
            "Mörkt styckpackat bröd"
          ]
        }
      ]
    }
  },
  {
    "name": "Jubileumskaka 400g Polarbröd",
    "weightText": "0.4 kg",
    "caPart": "",
    "weightValue": 0.4,
    "weightUnit": "kg",
    "comparePrice": "57,38 kr/kg",
    "currentPrice": 22.95,
    "attributes": [
      "Från Sverige"
    ],
    "imgUrl": "https://handlaprivatkund.ica.se/images-v3/bf7a00ca-390e-4769-865f-dc369586872e/24ca254e-8dbe-4ca7-974c-dd874c963c74/500x500.jpg",
    "productInformation": "Stora, goda, gyllengräddade vetekakor från Polarbröd.",
    "countryText": "",
    "companyText": "Polarbröd",
    "ingrediensText": "VETEmjöl¹, vatten, sirap¹, rapsolja¹, fermenterat VETEmjöl, VETEGLUTEN, jäst¹, salt, VETEskållning¹, vegetabiliskt emulgeringsmedel (mono- och diglycerider av fettsyror, mono- och diglyceriders mono- och diacetylvinsyraestrar), bakpulver (hjorthornssalt), maltmjöl (KORN), ¹ Ursprungsland Sverige.",
    "storage": "Frys gärna in en del av bröden hemma och ta fram efter behov, så maxar du njutningen och minskar svinnet på en och samma gång.",
    "allergens": "",
    "usage": "Vi fryser vårt bröd så fort det kommer rykande ur ugnen, och tinar det på väg till dig. Hållbar i 7 dagar i rumstemperatur, se bäst-före-märkning på förpackningen.",
    "nutrition": [
      {
        "Näringsvärde": "Energi (kcal)",
        "100 Gram": "290 kcal"
      },
      {
        "Näringsvärde": "Energi (kJ)",
        "100 Gram": "1200 kJ"
      },
      {
        "Näringsvärde": "Fett",
        "100 Gram": "6.6 g"
      },
      {
        "Näringsvärde": "Varav mättat fett",
        "100 Gram": "0.8 g"
      },
      {
        "Näringsvärde": "Kolhydrat",
        "100 Gram": "46 g"
      },
      {
        "Näringsvärde": "Varav sockerarter",
        "100 Gram": "5.1 g"
      },
      {
        "Näringsvärde": "Fiber",
        "100 Gram": "2.6 g"
      },
      {
        "Näringsvärde": "Protein",
        "100 Gram": "9 g"
      },
      {
        "Näringsvärde": "Salt",
        "100 Gram": "0.73 g"
      }
    ],
    "nutritionUnitText": "Näringsvärde per 100 gram",
    "categories": {
      "mainCategory": "Bröd & Kakor",
      "subCategories": [
        {
          "name": "Matbröd",
          "subSubCategories": [
            "Mjukt tunnbröd & Vetekakor",
            "Vetekakor"
          ]
        }
      ]
    }
  },
  {
    "name": "Hamburgerbröd Brioche Gourmet 4-p 320g Pågen",
    "weightText": "0.32 kg",
    "caPart": "",
    "weightValue": 0.32,
    "weightUnit": "kg",
    "comparePrice": "107,81 kr/kg",
    "currentPrice": 34.5,
    "attributes": [
      "Ursprungsland Sverige"
    ],
    "imgUrl": "https://handlaprivatkund.ica.se/images-v3/bf7a00ca-390e-4769-865f-dc369586872e/c14d44b1-7036-4984-9811-9921f0f03540/500x500.jpg",
    "productInformation": "Pågens FÄRSKA gourmet hamburgerbröd har en lätt smak av brioche och är extra stora för att få plats med alla goda tillbehör. Skapa lika goda och fina hamburgare hemma som du skulle fått på restaurang! Bakade med surdeg och utan konserveringsmedel.",
    "countryText": "Sverige",
    "companyText": "Pågen",
    "ingrediensText": "VETEmjöl, vatten, socker, rapsolja, jäst, surdeg på VETE, solrosolja, glukos, majsstärkelse, maltodextrin, ärtprotein, VETEgluten, salt, vegetabiliskt emulgeringsmedel mono- och diglyceriders mono- och diacetylvinsyraestrar (raps), briochearom. Kan innehålla spår av SESAMfrö.",
    "storage": "",
    "allergens": "Kan innehålla spår av Sesamfrön.",
    "usage": "",
    "nutrition": [
      {
        "Näringsvärde": "Energi (kcal)",
        "100 Gram": "295 kcal"
      },
      {
        "Näringsvärde": "Energi (kJ)",
        "100 Gram": "1233 kJ"
      },
      {
        "Näringsvärde": "Fett",
        "100 Gram": "6.5 g"
      },
      {
        "Näringsvärde": "Varav mättat fett",
        "100 Gram": "0.8 g"
      },
      {
        "Näringsvärde": "Kolhydrat",
        "100 Gram": "48 g"
      },
      {
        "Näringsvärde": "Varav sockerarter",
        "100 Gram": "8.9 g"
      },
      {
        "Näringsvärde": "Fiber",
        "100 Gram": "2.7 g"
      },
      {
        "Näringsvärde": "Protein",
        "100 Gram": "8.8 g"
      },
      {
        "Näringsvärde": "Salt",
        "100 Gram": "0.89 g"
      }
    ],
    "nutritionUnitText": "Näringsvärde per 100 gram",
    "categories": {
      "mainCategory": "Bröd & Kakor",
      "subCategories": [
        {
          "name": "Korvbröd, Hamburgerbröd & Maträttsbröd",
          "subSubCategories": [
            "Hamburgerbröd"
          ]
        }
      ]
    }
  },
  {
    "name": "Digestive Original 400g Mc Vities",
    "weightText": "0.4 kg",
    "caPart": "",
    "weightValue": 0.4,
    "weightUnit": "kg",
    "comparePrice": "37,38 kr/kg",
    "currentPrice": 14.95,
    "attributes": [],
    "imgUrl": "https://handlaprivatkund.ica.se/images-v3/bf7a00ca-390e-4769-865f-dc369586872e/1210f061-ebd6-44e1-b8bd-a150b57adc9e/500x500.jpg",
    "productInformation": "Sprött digestivekex till ostbrickan, en kopp te, kaffe eller att äta som ett mellanmål. Passar även till bakning t ex som botten i en cheesecake.",
    "countryText": "",
    "companyText": "Mc Vities",
    "ingrediensText": "VETEmjöl (55%), palmolja, fullkornsVETEmjöl (15%), socker, inverterad sockersirap, bakpulver (natriumkarbonat, äppelsyra, ammoniumkarbonater), salt.",
    "storage": "",
    "allergens": "Innehåller Spannmål som innehåller gluten Kan innehålla Mjölk",
    "usage": "",
    "nutrition": [
      {
        "Näringsvärde": "Energi (kcal)",
        "100 Gram": "483 kcal"
      },
      {
        "Näringsvärde": "Energi (kJ)",
        "100 Gram": "2023 kJ"
      },
      {
        "Näringsvärde": "Fett",
        "100 Gram": "21.8 g"
      },
      {
        "Näringsvärde": "Varav mättat fett",
        "100 Gram": "10.3 g"
      },
      {
        "Näringsvärde": "Kolhydrat",
        "100 Gram": "62.7 g"
      },
      {
        "Näringsvärde": "Varav sockerarter",
        "100 Gram": "16.8 g"
      },
      {
        "Näringsvärde": "Fiber",
        "100 Gram": "3.4 g"
      },
      {
        "Näringsvärde": "Protein",
        "100 Gram": "6.9 g"
      },
      {
        "Näringsvärde": "Salt",
        "100 Gram": "1.5 g"
      }
    ],
    "nutritionUnitText": "Näringsvärde per 100 gram",
    "categories": {
      "mainCategory": "Bröd & Kakor",
      "subCategories": [
        {
          "name": "Kaffebröd",
          "subSubCategories": [
            "Kex & kakor",
            "Matkex",
            "Digestivekex"
          ]
        }
      ]
    }
  },
  {
    "name": "Hamburgerbröd Potato Burger bun 280g Korvbrödsbagarn",
    "weightText": "0.28 kg",
    "caPart": "",
    "weightValue": 0.28,
    "weightUnit": "kg",
    "comparePrice": "114,11 kr/kg",
    "currentPrice": 31.95,
    "attributes": [
      "Från Sverige",
      "Ursprungsland Sverige"
    ],
    "imgUrl": "https://handlaprivatkund.ica.se/images-v3/bf7a00ca-390e-4769-865f-dc369586872e/d9cb9f63-613f-4af2-a82f-393cce18df1a/500x500.jpg",
    "productInformation": "Potato burger bun är ett amerika-inspirerat hamburgerbröd, bakat med potatis vilket gör brödet unikt saftigt och luftigt. Storleken är lite bigger och känslan är mycket softare.",
    "countryText": "Sverige",
    "companyText": "Korvbrödsbagarn",
    "ingrediensText": "INGREDIENSER: VETEMJÖL*, vatten*, potatisflingor (6,7 %, EU), invertsocker*, rapsolja*, jäst*, salt, VETEGLUTEN, potatisstärkelse (0,5 %), VETESKÅLLNING*, vegetabiliskt protein (ärta), vegetabiliskt emulgeringsmedel (E471, E481), arom, glukossirap, rismjöl, torkad surdeg av VETE, maltmjöl av VETE, mjölbehandlingsmedel (E300). Kan innehålla spår av sesamfrö. *Råvaran har svenskt ursprung.",
    "storage": "Förvara i sin förpackning i rumstemperatur.",
    "allergens": "",
    "usage": "Rosta gärna innan servering.",
    "nutrition": [
      {
        "Näringsvärde": "Energi (kcal)",
        "100 Gram": "275 kcal"
      },
      {
        "Näringsvärde": "Energi (kJ)",
        "100 Gram": "1162 kJ"
      },
      {
        "Näringsvärde": "Fett",
        "100 Gram": "5.2 g"
      },
      {
        "Näringsvärde": "Varav mättat fett",
        "100 Gram": "0.8 g"
      },
      {
        "Näringsvärde": "Kolhydrat",
        "100 Gram": "47 g"
      },
      {
        "Näringsvärde": "Varav sockerarter",
        "100 Gram": "5.3 g"
      },
      {
        "Näringsvärde": "Fiber",
        "100 Gram": "2.4 g"
      },
      {
        "Näringsvärde": "Protein",
        "100 Gram": "8.7 g"
      },
      {
        "Näringsvärde": "Salt",
        "100 Gram": "1.08 g"
      }
    ],
    "nutritionUnitText": "Näringsvärde per 100 gram",
    "categories": {
      "mainCategory": "Bröd & Kakor",
      "subCategories": [
        {
          "name": "Korvbröd, Hamburgerbröd & Maträttsbröd",
          "subSubCategories": [
            "Hamburgerbröd"
          ]
        }
      ]
    }
  },
  {
    "name": "Pitabröd Fryst 6-p 480g Hatting",
    "weightText": "0.48 kg",
    "caPart": "",
    "weightValue": 0.48,
    "weightUnit": "kg",
    "comparePrice": "36,46 kr/kg",
    "currentPrice": 17.5,
    "attributes": [],
    "imgUrl": "https://handlaprivatkund.ica.se/images-v3/bf7a00ca-390e-4769-865f-dc369586872e/0fdb2616-4a2e-4663-b7b2-f05f5082de6e/500x500.jpg",
    "productInformation": "Underbara pitabröd perfekta att fylla med olika godsaker.",
    "countryText": "",
    "companyText": "Hatting",
    "ingrediensText": "VETEMJÖL 72%, vatten, jäst, jodberikat salt, socker, rapsolja, VETEMALTMJÖL, mjölbehandlingsmedel (E300).",
    "storage": "Lägsta förvaringstemperatur -18°C Högsta förvaringstemperatur -18°C",
    "allergens": "Innehåller Spannmål som innehåller gluten",
    "usage": "",
    "nutrition": [
      {
        "Näringsvärde": "Energi (kcal)",
        "100 Gram": "252 kcal"
      },
      {
        "Näringsvärde": "Energi (kJ)",
        "100 Gram": "1068 kJ"
      },
      {
        "Näringsvärde": "Fett",
        "100 Gram": "1.6 g"
      },
      {
        "Näringsvärde": "Varav mättat fett",
        "100 Gram": "0.2 g"
      },
      {
        "Näringsvärde": "Kolhydrat",
        "100 Gram": "50 g"
      },
      {
        "Näringsvärde": "Varav sockerarter",
        "100 Gram": "2 g"
      },
      {
        "Näringsvärde": "Fiber",
        "100 Gram": "2.6 g"
      },
      {
        "Näringsvärde": "Protein",
        "100 Gram": "8.1 g"
      },
      {
        "Näringsvärde": "Salt",
        "100 Gram": "1 g"
      }
    ],
    "nutritionUnitText": "Näringsvärde per 100 gram",
    "categories": {
      "mainCategory": "Fryst",
      "subCategories": [
        {
          "name": "Fryst bröd & dessert",
          "subSubCategories": [
            "Fryst bröd"
          ]
        }
      ]
    }
  },
  {
    "name": "Mazariner 4-pack ICA",
    "weightText": "0.22 kg",
    "caPart": "",
    "weightValue": 0.22,
    "weightUnit": "kg",
    "comparePrice": "102,27 kr/kg",
    "currentPrice": 22.5,
    "attributes": [],
    "imgUrl": "https://handlaprivatkund.ica.se/images-v3/bf7a00ca-390e-4769-865f-dc369586872e/253effb7-18f7-40cc-8bd0-0ef7b53057ce/500x500.jpg",
    "productInformation": "Mazariner är ett klassikst bakverk gjord på mördeg och toppad med ljuvlig vit glasyr.",
    "countryText": "",
    "companyText": "ICA",
    "ingrediensText": "Socker, vetemjöl, margarin (vegetabiliska oljor [palm*, raps, kokos], vatten, salt, emulgeringsmedel (E471), surhetsreglerande medel (E330), arom, vitamin A), ägg**, aprikoskärnor, glukossirap, fuktighetsbevarande medel (E422), äggpulver**, bakpulver (E450, E500), konserveringsmedel (E202, E281), majsstärkelse, emulgeringsmedel (E471), surhetsreglerande medel (E330), förtjockningsmedel (E410, E412). Kan innehålla spår av mandel, mjölk, valnöt, pekannöt, hasselnöt",
    "storage": "",
    "allergens": "",
    "usage": "",
    "nutrition": [
      {
        "Näringsvärde": "Energi (kcal)",
        "100 Gram": "419 kcal"
      },
      {
        "Näringsvärde": "Energi (kJ)",
        "100 Gram": "1754 kJ"
      },
      {
        "Näringsvärde": "Fett",
        "100 Gram": "20 g"
      },
      {
        "Näringsvärde": "Varav mättat fett",
        "100 Gram": "8.3 g"
      },
      {
        "Näringsvärde": "Kolhydrat",
        "100 Gram": "55 g"
      },
      {
        "Näringsvärde": "Varav sockerarter",
        "100 Gram": "36 g"
      },
      {
        "Näringsvärde": "Protein",
        "100 Gram": "4.1 g"
      },
      {
        "Näringsvärde": "Salt",
        "100 Gram": "0.35 g"
      }
    ],
    "nutritionUnitText": "Näringsvärde per 100 gram",
    "categories": {
      "mainCategory": "Bröd & Kakor",
      "subCategories": [
        {
          "name": "Kaffebröd",
          "subSubCategories": [
            "Kondisbitar & Bakelser"
          ]
        }
      ]
    }
  },
  {
    "name": "Brago 225g Göteborgs",
    "weightText": "0.225 kg",
    "caPart": "",
    "weightValue": 0.225,
    "weightUnit": "kg",
    "comparePrice": "84,22 kr/kg",
    "currentPrice": 18.95,
    "attributes": [],
    "imgUrl": "https://handlaprivatkund.ica.se/images-v3/bf7a00ca-390e-4769-865f-dc369586872e/457ef04c-ef17-4769-b06f-f9f9bf2e0a25/500x500.jpg",
    "productInformation": "Brago är svenska folkets vardagsfavorit bland kexen. Spröda mördegskex med mild vaniljsmak - en klassiker som funnits sedan 1953. Bragokex finns också som bondgårds-, siffer- och bokstavskex. Perfekta kex för hela familjen. Produkten är vegansk och fri från palmolja.",
    "countryText": "",
    "companyText": "Brago",
    "ingrediensText": "VETEMJÖL/HVEDEMEL, socker, vegetabilisk olja*, VETESTÄRKELSE/HVEDESTIVELSE, sirap, salt, bakpulver/hævemiddel (natriumbikarbonat, hjorthornssalt E503), emulgeringsmedel (lecitin), aromer.*För info om vilken olja som använts se www.goteborgskex.se/ravaror.",
    "storage": "Lägsta förvaringstemperatur 10°C Högsta förvaringstemperatur 22°C",
    "allergens": "Innehåller Spannmål som innehåller gluten Innehåller Sojabönor",
    "usage": "",
    "nutrition": [
      {
        "Näringsvärde": "Energi (kcal)",
        "100 Gram": "469 kcal"
      },
      {
        "Näringsvärde": "Energi (kJ)",
        "100 Gram": "1971 kJ"
      },
      {
        "Näringsvärde": "Fett",
        "100 Gram": "18 g"
      },
      {
        "Näringsvärde": "Varav mättat fett",
        "100 Gram": "7.7 g"
      },
      {
        "Näringsvärde": "Kolhydrat",
        "100 Gram": "69 g"
      },
      {
        "Näringsvärde": "Varav sockerarter",
        "100 Gram": "22 g"
      },
      {
        "Näringsvärde": "Fiber",
        "100 Gram": "2.7 g"
      },
      {
        "Näringsvärde": "Protein",
        "100 Gram": "7.3 g"
      },
      {
        "Näringsvärde": "Salt",
        "100 Gram": "0.7 g"
      }
    ],
    "nutritionUnitText": "Näringsvärde per 100 gram",
    "categories": {
      "mainCategory": "Bröd & Kakor",
      "subCategories": [
        {
          "name": "Kaffebröd",
          "subSubCategories": [
            "Kex & kakor",
            "Söta kex & Kakor",
            "Söta kex"
          ]
        }
      ]
    }
  },
  {
    "name": "Majskakor Pizza 125g Friggs",
    "weightText": "0.125 kg",
    "caPart": "",
    "weightValue": 0.125,
    "weightUnit": "kg",
    "comparePrice": "151,60 kr/kg",
    "currentPrice": 18.95,
    "attributes": [
      "Glutenfritt"
    ],
    "imgUrl": "https://handlaprivatkund.ica.se/images-v3/bf7a00ca-390e-4769-865f-dc369586872e/91f6b0e4-c04f-4200-9ea0-4be6f0466eb1/500x500.jpg",
    "productInformation": "",
    "countryText": "",
    "companyText": "Friggs",
    "ingrediensText": "Ingredienser: Majs (78%), rapsolja, kryddblandning (OSTPULVER, vasslepulver/mysepulver (från MJÖLK/MELK), salt, socker/sukker, tomatpulver, dextros, naturlig arom, vitlökspulver, oregano, basilika, persilja, kryddextrakt (paprika, svartpeppar), syra(citronsyra/sitronsyre), örtextrakt/urteekstrakt (oregano, timjan)).",
    "storage": "Torrt, ej över normal rumstemperatur.",
    "allergens": "Kan innehålla spår av Sesamfrön, Sojabönor.",
    "usage": "",
    "nutrition": [
      {
        "Näringsvärde": "Energi (kcal)",
        "100 Gram": "420 kcal"
      },
      {
        "Näringsvärde": "Energi (kJ)",
        "100 Gram": "1750 kJ"
      },
      {
        "Näringsvärde": "Fett",
        "100 Gram": "15 g"
      },
      {
        "Näringsvärde": "Varav mättat fett",
        "100 Gram": "2.1 g"
      },
      {
        "Näringsvärde": "Kolhydrat",
        "100 Gram": "62 g"
      },
      {
        "Näringsvärde": "Varav sockerarter",
        "100 Gram": "4.2 g"
      },
      {
        "Näringsvärde": "Fiber",
        "100 Gram": "1.1 g"
      },
      {
        "Näringsvärde": "Protein",
        "100 Gram": "7 g"
      },
      {
        "Näringsvärde": "Salt",
        "100 Gram": "1.6 g"
      }
    ],
    "nutritionUnitText": "Näringsvärde per 100 gram",
    "categories": {
      "mainCategory": "Bröd & Kakor",
      "subCategories": [
        {
          "name": "Knäckebröd & Skorpor",
          "subSubCategories": [
            "Riskakor"
          ]
        }
      ]
    }
  },
  {
    "name": "Sandwich Pizza 37g Wasa",
    "weightText": "0.037 kg",
    "caPart": "",
    "weightValue": 0.037,
    "weightUnit": "kg",
    "comparePrice": "256,76 kr/kg",
    "currentPrice": 9.5,
    "attributes": [],
    "imgUrl": "https://handlaprivatkund.ica.se/images-v3/bf7a00ca-390e-4769-865f-dc369586872e/51068c66-b84a-4356-8bdc-4817d381afa7/500x500.jpg",
    "productInformation": "Wasa Sandwich Pizza är ett snabbt och enkelt mellanmål bakat på fullkornsrågmjöl. Detta pizza knäckebröd är en utsökt kombination av krispigt bröd och krämig sandwich fyllning med smak av tomat och basilika. Wasas Sandwich är färdiga mellanmål, perfekta för familjer med barn som är mycket i farten och för alla som vill ha ett gott, fiberrikt och snabbt mellanmål. Sandwich Pizza är 100% klimatkompenserad.",
    "countryText": "",
    "companyText": "Wasa",
    "ingrediensText": "INGREDIENSER: RÅGKNÄCKEBRÖD (FULLKORNSRÅGMJÖL 50%, RÅGMJÖL, jäst, salt), ostfyllning 37%, (rapsolja, ostpulver 9% (MJÖLK), sheasmör, KÄRNMJÖLKSPULVER, maltodextrin, naturlig arom (MJÖLK), torkad tomat 0,7%, torkad basilika 0,02%). KAN INNEHÅLLA SPÅR AVSESAMFRÖN, SOJABÖNOR, LUPIN, SELLERI och SENAP.",
    "storage": "Förvaras torrt och mörkt.",
    "allergens": "Kan innehålla Sesamfrön Kan innehålla Sojabönor Kan innehålla Lupin Innehåller Mjölk Innehåller Spannmål som innehåller gluten",
    "usage": "",
    "nutrition": [
      {
        "Näringsvärde": "Energi (kcal)",
        "100 Gram": "451 kcal"
      },
      {
        "Näringsvärde": "Energi (kJ)",
        "100 Gram": "1884 kJ"
      },
      {
        "Näringsvärde": "Fett",
        "100 Gram": "21 g"
      },
      {
        "Näringsvärde": "Varav mättat fett",
        "100 Gram": "8 g"
      },
      {
        "Näringsvärde": "Kolhydrat",
        "100 Gram": "48 g"
      },
      {
        "Näringsvärde": "Varav sockerarter",
        "100 Gram": "4.5 g"
      },
      {
        "Näringsvärde": "Fiber",
        "100 Gram": "13 g"
      },
      {
        "Näringsvärde": "Protein",
        "100 Gram": "11 g"
      },
      {
        "Näringsvärde": "Salt",
        "100 Gram": "1.1 g"
      }
    ],
    "nutritionUnitText": "Näringsvärde per 100 gram",
    "categories": {
      "mainCategory": "Bröd & Kakor",
      "subCategories": [
        {
          "name": "Knäckebröd & Skorpor",
          "subSubCategories": [
            "Knäckebröd",
            "Knäcke med pålägg"
          ]
        }
      ]
    }
  },
  {
    "name": "Knäckebröd Runda Kanel 330g Wasa",
    "weightText": "0.33 kg",
    "caPart": "",
    "weightValue": 0.33,
    "weightUnit": "kg",
    "comparePrice": "80,30 kr/kg",
    "currentPrice": 26.5,
    "attributes": [],
    "imgUrl": "https://handlaprivatkund.ica.se/images-v3/bf7a00ca-390e-4769-865f-dc369586872e/a79bb695-3ec1-4ebf-acfa-42f16385322d/500x500.jpg",
    "productInformation": "Wasa Knäckebröd Runda Kanel är ett litet runt knäckebröd med en ljuvlig smak. Bakat med kanel blir det här veteknäcket något mittemellan en vanlig knäckemacka och ett sötare mellanmål. Wasa kanelknäcke ger dig möjligheten att skapa helt nya smakkombinationer med olika intressanta pålägg. Bryt ditt hårdbröd i bitar och använd som frukostflingor, eller avnjut ditt knäcke med kanel som mellanmål ihop med frukt. Wasas runda kanelknäckebröd bakat på vetemjöl är 100% klimatkompenserat.",
    "countryText": "",
    "companyText": "Wasa",
    "ingrediensText": "Ingredienser: VETEmjöl 81%, socker, jäst, solrosfröolja, salt, kanel 0,7%, emulgeringsmedel (monooch diglycerider av fettsyror). Kan innehålla spår av LUPIN, MJÖLK, SENAP, SESAMFRÖN och SOJABÖNOR",
    "storage": "",
    "allergens": "Kan innehålla spår av Sesamfrön.",
    "usage": "",
    "nutrition": [
      {
        "Näringsvärde": "Energi (kcal)",
        "100 Gram": "393 kcal"
      },
      {
        "Näringsvärde": "Energi (kJ)",
        "100 Gram": "1656 kJ"
      },
      {
        "Näringsvärde": "Fett",
        "100 Gram": "7.5 g"
      },
      {
        "Näringsvärde": "Varav mättat fett",
        "100 Gram": "1 g"
      },
      {
        "Näringsvärde": "Kolhydrat",
        "100 Gram": "68 g"
      },
      {
        "Näringsvärde": "Varav sockerarter",
        "100 Gram": "12 g"
      },
      {
        "Näringsvärde": "Fiber",
        "100 Gram": "6.5 g"
      },
      {
        "Näringsvärde": "Protein",
        "100 Gram": "10 g"
      },
      {
        "Näringsvärde": "Salt",
        "100 Gram": "1 g"
      }
    ],
    "nutritionUnitText": "Näringsvärde per 100 gram",
    "categories": {
      "mainCategory": "Bröd & Kakor",
      "subCategories": [
        {
          "name": "Knäckebröd & Skorpor",
          "subSubCategories": [
            "Knäckebröd",
            "Ljust knäckebröd"
          ]
        }
      ]
    }
  },
  {
    "name": "Kex Original 190g Singoalla",
    "weightText": "0.19 kg",
    "caPart": "",
    "weightValue": 0.19,
    "weightUnit": "kg",
    "comparePrice": "118,42 kr/kg",
    "currentPrice": 22.5,
    "attributes": [],
    "imgUrl": "https://handlaprivatkund.ica.se/images-v3/bf7a00ca-390e-4769-865f-dc369586872e/f9001edd-36e7-440c-a836-1ff3149f81fe/500x500.jpg",
    "productInformation": "Singoalla Hallon lanserades 1964 och har sedan dess varit ett älskat kex med sin perfekta balans mellan syrlighet och sötma. Singoalla finns numera i flera olika smaker såsom Blåbär, Jordgubb & Rabarber samt årets nyhet Mango Passion.",
    "countryText": "",
    "companyText": "Singoalla",
    "ingrediensText": "VETEMJÖL/HVEDEMEL, kräm med vaniljsmak 23 % (socker, fullhärdat kokosfett, emulgeringsmedel (lecitin), surhetsreglerande medel (citronsyra), arom (vanillin)), hallonfyllning/hindbærfyld 14 % (socker, vatten, glukossirap, koncentrerad juice av hallon/hindbær 2,1 %, blåbärsjuicekoncentrat, geleringsmedel (karragenan), aromer), socker, solrosolja, invertsocker, bakpulver/hævemiddel (hjorthornssalt E503, natriumbikarbonat), salt, emulgeringsmedel (lecitin), aromer. Kan innehålla spår av HASSELNÖTTER/HASSELNØDDER och MJÖLK/MÆLK.",
    "storage": "",
    "allergens": "Innehåller Spannmål som innehåller gluten Innehåller Sojabönor Kan innehålla Nötter (eng: tree nuts) Kan innehålla Mjölk",
    "usage": "",
    "nutrition": [
      {
        "Näringsvärde": "Energi (kcal)",
        "100 Gram": "466 kcal"
      },
      {
        "Näringsvärde": "Energi (kJ)",
        "100 Gram": "1959 kJ"
      },
      {
        "Näringsvärde": "Fett",
        "100 Gram": "18 g"
      },
      {
        "Näringsvärde": "Varav mättat fett",
        "100 Gram": "9 g"
      },
      {
        "Näringsvärde": "Kolhydrat",
        "100 Gram": "70 g"
      },
      {
        "Näringsvärde": "Varav sockerarter",
        "100 Gram": "38 g"
      },
      {
        "Näringsvärde": "Fiber",
        "100 Gram": "1.9 g"
      },
      {
        "Näringsvärde": "Protein",
        "100 Gram": "4.9 g"
      },
      {
        "Näringsvärde": "Salt",
        "100 Gram": "0.47 g"
      }
    ],
    "nutritionUnitText": "Näringsvärde per 100 gram",
    "categories": {
      "mainCategory": "Bröd & Kakor",
      "subCategories": [
        {
          "name": "Kaffebröd",
          "subSubCategories": [
            "Kex & kakor",
            "Söta kex & Kakor",
            "Fyllda kakor"
          ]
        }
      ]
    }
  },
  {
    "name": "Energi Fullkornsbröd 700g Pågen",
    "weightText": "0.7 kg",
    "caPart": "",
    "weightValue": 0.7,
    "weightUnit": "kg",
    "comparePrice": "49,93 kr/kg",
    "currentPrice": 34.95,
    "attributes": [
      "Nyckelhålet",
      "Ursprungsland Sverige"
    ],
    "imgUrl": "https://handlaprivatkund.ica.se/images-v3/bf7a00ca-390e-4769-865f-dc369586872e/979819d7-7cdc-4d27-923c-9bf9bacc7d34/500x500.jpg",
    "productInformation": "Pågen Energi innehåller bland annat fullkorn, råg, solros- och linfrön. Brödet passar till frukosten och mellanmålet tillsammans med ditt favoritpålägg.",
    "countryText": "Sverige",
    "companyText": "Pågen",
    "ingrediensText": "Vatten, VETEmjöl, fullkornsVETEmjöl*, siktat RÅGmjöl, klippt fullkornsRÅG*, VETEgluten, surdeg på fullkornsRÅG* och VETE, malt av KORN, rapsolja, solrosfrö, HAVREfiber, VETEkli, jäst, salt, mjölbehandlingsmedel (askorbinsyra). Kan innehålla spår av vallmofrö. *Fullkornsingrediens. Fullkornshalten i brödet är 23% vilket motsvarar 34% av torrvikten. SVENSKT MJÖL Mer än 90% mjöl från svenskodlat spannmål malt i egen kvarn.",
    "storage": "",
    "allergens": "",
    "usage": "",
    "nutrition": [
      {
        "Näringsvärde": "Energi (kcal)",
        "100 Gram": "271 kcal"
      },
      {
        "Näringsvärde": "Energi (kJ)",
        "100 Gram": "1144 kJ"
      },
      {
        "Näringsvärde": "Fett",
        "100 Gram": "3.8 g"
      },
      {
        "Näringsvärde": "Varav mättat fett",
        "100 Gram": "0.5 g"
      },
      {
        "Näringsvärde": "Kolhydrat",
        "100 Gram": "43 g"
      },
      {
        "Näringsvärde": "Varav sockerarter",
        "100 Gram": "3.4 g"
      },
      {
        "Näringsvärde": "Fiber",
        "100 Gram": "6.1 g"
      },
      {
        "Näringsvärde": "Protein",
        "100 Gram": "11 g"
      },
      {
        "Näringsvärde": "Salt",
        "100 Gram": "1 g"
      }
    ],
    "nutritionUnitText": "Näringsvärde per 100 gram",
    "categories": {
      "mainCategory": "Bröd & Kakor",
      "subCategories": [
        {
          "name": "Matbröd",
          "subSubCategories": [
            "Mörkt & Grovt bröd",
            "Mörkt skivat bröd"
          ]
        }
      ]
    }
  },
  {
    "name": "Knäckebröd Frukost 480g Wasa",
    "weightText": "0.48 kg",
    "caPart": "",
    "weightValue": 0.48,
    "weightUnit": "kg",
    "comparePrice": "56,15 kr/kg",
    "currentPrice": 26.95,
    "attributes": [],
    "imgUrl": "https://handlaprivatkund.ica.se/images-v3/bf7a00ca-390e-4769-865f-dc369586872e/dd6aedb1-222c-47c5-9ba0-6d193024e92d/500x500.jpg",
    "productInformation": "Wasa Knäckebröd Frukost är bakat på vetemjöl, vilket gör det till ett sprött och ljust knäckebröd. Den milda smaken från veteknäcket kompletteras med gyllenrostade vallmofrön. Precis som namnet avslöjar är detta knäckebröd med frön speciellt bakat för att utgöra en bra start på dagen. Vårt veteknäckebröd är givetvis lika gott om du avnjuter det som mellanmål eller till någon annan måltid. Wasas knäckebröd med vallmofrön är en källa till kostfiber, samtidigt som det är 100% klimatkompenserat.",
    "countryText": "",
    "companyText": "Wasa",
    "ingrediensText": "Ingredienser: VETEMJÖL (89%), solrosfröolja, vallmofrö (4,9%), jäst, socker, salt. KAN INNEHÅLLA SPÅR AV LUPIN, MJÖLK, SENAP, SESAMFRÖN OCH SOJABÖNOR.",
    "storage": "Förvaras torrt och mörkt.",
    "allergens": "Kan innehålla spår av Mjölk, Sesamfrön.",
    "usage": "",
    "nutrition": [
      {
        "Näringsvärde": "Energi (kcal)",
        "100 Gram": "405 kcal"
      },
      {
        "Näringsvärde": "Energi (kJ)",
        "100 Gram": "1707 kJ"
      },
      {
        "Näringsvärde": "Fett",
        "100 Gram": "9 g"
      },
      {
        "Näringsvärde": "Varav mättat fett",
        "100 Gram": "1 g"
      },
      {
        "Näringsvärde": "Kolhydrat",
        "100 Gram": "66 g"
      },
      {
        "Näringsvärde": "Varav sockerarter",
        "100 Gram": "3.5 g"
      },
      {
        "Näringsvärde": "Fiber",
        "100 Gram": "6 g"
      },
      {
        "Näringsvärde": "Protein",
        "100 Gram": "12 g"
      },
      {
        "Näringsvärde": "Salt",
        "100 Gram": "1.1 g"
      }
    ],
    "nutritionUnitText": "Näringsvärde per 100 gram",
    "categories": {
      "mainCategory": "Bröd & Kakor",
      "subCategories": [
        {
          "name": "Knäckebröd & Skorpor",
          "subSubCategories": [
            "Knäckebröd",
            "Ljust knäckebröd"
          ]
        }
      ]
    }
  },
  {
    "name": "Vitlöksbaguetter Fryst 2-p 350g ICA Basic",
    "weightText": "0.35 kg",
    "caPart": "",
    "weightValue": 0.35,
    "weightUnit": "kg",
    "comparePrice": "39,86 kr/kg",
    "currentPrice": 13.95,
    "attributes": [],
    "imgUrl": "https://handlaprivatkund.ica.se/images-v3/bf7a00ca-390e-4769-865f-dc369586872e/894d2a80-5b92-484d-b073-0c8a7d3f6bb3/500x500.jpg",
    "productInformation": "ICA Basic Baguetter är fyllda med vitlökssmak. Grädda i ugnen 180 grader i ca 13 minuter. Brödet blir krispigt på ytan och saftigt på insidan,baguetterna är klart när den fått en gyllenbrun färg och fyllningen har smält.",
    "countryText": "",
    "companyText": "ICA Basic",
    "ingrediensText": "Baguette (VETEMJÖL*, vatten, joderat salt, jäst, RÅGMJÖL, mältat VETEMJÖL, mjölförbättringsmedel (E300), salt). Vitlöksfyllning 15% (vegetabiliskt fett (kokos, raps) vatten, emulgeringsmedel (E322), emulgeringsmedel (E471), salt, surhetsreglerande medel (E330), färgämne (E160a), lök, vitlök, salt, persilja, stärkelse, surhetsreglerande medel (E330), vitlöksarom). *Ursprung EU. Kan innehålla spår av mjölk, soja, senap och sesam.",
    "storage": "Lägsta förvaringstemperatur -18°C Högsta förvaringstemperatur -18°C",
    "allergens": "Kan innehålla Mjölk Kan innehålla Senap Kan innehålla Sojabönor Innehåller Spannmål som innehåller gluten Kan innehålla Sesamfrön",
    "usage": "",
    "nutrition": [
      {
        "Näringsvärde": "Energi (kcal)",
        "100 Gram": "292 kcal"
      },
      {
        "Näringsvärde": "Energi (kJ)",
        "100 Gram": "1227 kJ"
      },
      {
        "Näringsvärde": "Fett",
        "100 Gram": "9.8 g"
      },
      {
        "Näringsvärde": "Varav mättat fett",
        "100 Gram": "2.7 g"
      },
      {
        "Näringsvärde": "Kolhydrat",
        "100 Gram": "43 g"
      },
      {
        "Näringsvärde": "Varav sockerarter",
        "100 Gram": "2.4 g"
      },
      {
        "Näringsvärde": "Fiber",
        "100 Gram": "2.4 g"
      },
      {
        "Näringsvärde": "Protein",
        "100 Gram": "6.7 g"
      },
      {
        "Näringsvärde": "Salt",
        "100 Gram": "1.4 g"
      }
    ],
    "nutritionUnitText": "Näringsvärde per 100 gram",
    "categories": {
      "mainCategory": "Fryst",
      "subCategories": [
        {
          "name": "Fryst bröd & dessert",
          "subSubCategories": [
            "Fryst bröd"
          ]
        }
      ]
    }
  },
  {
    "name": "Grekiskt Lantbröd 560g Pågen",
    "weightText": "0.56 kg",
    "caPart": "",
    "weightValue": 0.56,
    "weightUnit": "kg",
    "comparePrice": "56,25 kr/kg",
    "currentPrice": 31.5,
    "attributes": [
      "Ursprungsland Sverige"
    ],
    "imgUrl": "https://handlaprivatkund.ica.se/images-v3/bf7a00ca-390e-4769-865f-dc369586872e/10b54e54-015e-4a51-9ba4-5e9a0a1949b0/500x500.jpg",
    "productInformation": "Luftigt, osötat lantbröd som för tankarna till Grekland. Njut av den milda, rena smaken med inspiration från grekisk brödtradition. Brödet är bakat med havssalt som ger en extra smakdimension och fyllighet. Gott att rosta eller doppa i olivolja till maten.",
    "countryText": "Sverige",
    "companyText": "Pågen",
    "ingrediensText": "VETEmjöl, vatten, surdeg på VETE, siktat RÅGmjöl, kallpressad rapsolja, havssalt (1,3%), skållat fullkornsHAVREmjöl, VETEgluten, malt av KORN, jäst, mjölbehandlingsmedel (askorbinsyra). SVENSKT MJÖL Mer än 90% mjöl från svenskodlat spannmål malt i egen kvarn.",
    "storage": "",
    "allergens": "",
    "usage": "",
    "nutrition": [
      {
        "Näringsvärde": "Energi (kcal)",
        "100 Gram": "259 kcal"
      },
      {
        "Näringsvärde": "Energi (kJ)",
        "100 Gram": "1094 kJ"
      },
      {
        "Näringsvärde": "Fett",
        "100 Gram": "2.6 g"
      },
      {
        "Näringsvärde": "Varav mättat fett",
        "100 Gram": "0.4 g"
      },
      {
        "Näringsvärde": "Kolhydrat",
        "100 Gram": "48 g"
      },
      {
        "Näringsvärde": "Varav sockerarter",
        "100 Gram": "3.4 g"
      },
      {
        "Näringsvärde": "Fiber",
        "100 Gram": "3 g"
      },
      {
        "Näringsvärde": "Protein",
        "100 Gram": "9.4 g"
      },
      {
        "Näringsvärde": "Salt",
        "100 Gram": "1.3 g"
      }
    ],
    "nutritionUnitText": "Näringsvärde per 100 gram",
    "categories": {
      "mainCategory": "Bröd & Kakor",
      "subCategories": [
        {
          "name": "Matbröd",
          "subSubCategories": [
            "Ljust bröd",
            "Lantbröd"
          ]
        }
      ]
    }
  },
  {
    "name": "Kanelbullar Fryst 12-p 420g ICA",
    "weightText": "0.42 kg",
    "caPart": "",
    "weightValue": 0.42,
    "weightUnit": "kg",
    "comparePrice": "75,00 kr/kg",
    "currentPrice": 31.5,
    "attributes": [
      "Från Sverige"
    ],
    "imgUrl": "https://handlaprivatkund.ica.se/images-v3/bf7a00ca-390e-4769-865f-dc369586872e/57b7a569-8355-4595-af53-225f72644932/500x500.jpg",
    "productInformation": "ICA kanelbullar är färdiga kanelbullar som kan tinas i mikrovågsugn, i rumstemperatur eller i ugn. Finast blir bullarna om de värms i ugnen, 150 grader i 7-10 minuter.",
    "countryText": "",
    "companyText": "ICA",
    "ingrediensText": "Ingredienser: VETEMJÖL*,vatten, flytande margarin (rapsolja, vatten,emulgeringsmedel E471, salt, surhetsreglerande medel (E330)), sirap*, florsocker, pärlsocker*, skållat VETE*, socker*, rapsolja*, modifierad stärkelse, kanel, enzym (amylas), VETEGLUTEN, jäst, salt, kardemumma. * Ursprung Sverige",
    "storage": "Lägsta förvaringstemperatur -24°C Högsta förvaringstemperatur -18°C",
    "allergens": "Innehåller Spannmål som innehåller gluten",
    "usage": "",
    "nutrition": [
      {
        "Näringsvärde": "Energi (kcal)",
        "100 Gram": "363 kcal"
      },
      {
        "Näringsvärde": "Energi (kJ)",
        "100 Gram": "1527 kJ"
      },
      {
        "Näringsvärde": "Fett",
        "100 Gram": "11 g"
      },
      {
        "Näringsvärde": "Varav mättat fett",
        "100 Gram": "1.3 g"
      },
      {
        "Näringsvärde": "Kolhydrat",
        "100 Gram": "59 g"
      },
      {
        "Näringsvärde": "Varav sockerarter",
        "100 Gram": "23 g"
      },
      {
        "Näringsvärde": "Fiber",
        "100 Gram": "2.3 g"
      },
      {
        "Näringsvärde": "Protein",
        "100 Gram": "5.8 g"
      },
      {
        "Näringsvärde": "Salt",
        "100 Gram": "1.3 g"
      }
    ],
    "nutritionUnitText": "Näringsvärde per 100 gram",
    "categories": {
      "mainCategory": "Fryst",
      "subCategories": [
        {
          "name": "Fryst bröd & dessert",
          "subSubCategories": [
            "Frysta bullar & kakor"
          ]
        }
      ]
    }
  },
  {
    "name": "Hamburgerbröd 8-p 416g Pågen",
    "weightText": "0.416 kg",
    "caPart": "",
    "weightValue": 0.416,
    "weightUnit": "kg",
    "comparePrice": "78,13 kr/kg",
    "currentPrice": 32.5,
    "attributes": [
      "Ursprungsland Sverige"
    ],
    "imgUrl": "https://handlaprivatkund.ica.se/images-v3/bf7a00ca-390e-4769-865f-dc369586872e/02187ccd-b037-4233-af1b-b3ba83fc7a4d/500x500.jpg",
    "productInformation": "8-pack med sesamfrön. Alla kan göra sin egen hamburgare. Passar lika bra utomhus direkt från grillen som hemma, samlade runt köksbordet!",
    "countryText": "Sverige",
    "companyText": "Pågen",
    "ingrediensText": "VETEmjöl, vatten, socker, rapsolja, jäst, SESAMfrö, HAVREskållning, surdeg på VETE, salt, vegetabiliskt emulgeringsmedel mono- och diglyceriders mono- och diacetylvinsyraestrar (raps).",
    "storage": "",
    "allergens": "",
    "usage": "",
    "nutrition": [
      {
        "Näringsvärde": "Energi (kcal)",
        "100 Gram": "309 kcal"
      },
      {
        "Näringsvärde": "Energi (kJ)",
        "100 Gram": "1293 kJ"
      },
      {
        "Näringsvärde": "Fett",
        "100 Gram": "6.8 g"
      },
      {
        "Näringsvärde": "Varav mättat fett",
        "100 Gram": "0.8 g"
      },
      {
        "Näringsvärde": "Kolhydrat",
        "100 Gram": "50 g"
      },
      {
        "Näringsvärde": "Varav sockerarter",
        "100 Gram": "8 g"
      },
      {
        "Näringsvärde": "Fiber",
        "100 Gram": "2.3 g"
      },
      {
        "Näringsvärde": "Protein",
        "100 Gram": "9 g"
      },
      {
        "Näringsvärde": "Salt",
        "100 Gram": "0.74 g"
      }
    ],
    "nutritionUnitText": "Näringsvärde per 100 gram",
    "categories": {
      "mainCategory": "Bröd & Kakor",
      "subCategories": [
        {
          "name": "Korvbröd, Hamburgerbröd & Maträttsbröd",
          "subSubCategories": [
            "Hamburgerbröd"
          ]
        }
      ]
    }
  },
  {
    "name": "Kladdkaka glutenfri Fryst 400g ICA",
    "weightText": "0.4 kg",
    "caPart": "",
    "weightValue": 0.4,
    "weightUnit": "kg",
    "comparePrice": "67,38 kr/kg",
    "currentPrice": 26.95,
    "attributes": [
      "Glutenfritt"
    ],
    "imgUrl": "https://handlaprivatkund.ica.se/images-v3/bf7a00ca-390e-4769-865f-dc369586872e/744310d6-026c-411e-8890-7c9ab6d67bfa/500x500.jpg",
    "productInformation": "ICA Kladdkaka är en härligt smakande kladdkaka toppad med florsocker. Färdig att servera!",
    "countryText": "",
    "companyText": "ICA",
    "ingrediensText": "Socker, ÄGG, glutenfri VETESTÄRKELSE, vegetabilisk olja (raps), fettreducerat kakaopulver, glukossirap, salt, arom, potatisstärkelse. Kan innehålla spår av mandel, hasselnötter och jordnötter.",
    "storage": "Lägsta förvaringstemperatur -20°C Högsta förvaringstemperatur -18°C",
    "allergens": "Kan innehålla Mandel Kan innehålla Hasselnöt Kan innehålla Jordnötter Innehåller Vete Kan innehålla Nötter (eng: tree nuts) Innehåller Ägg",
    "usage": "",
    "nutrition": [
      {
        "Näringsvärde": "Energi (kcal)",
        "100 Gram": "400 kcal"
      },
      {
        "Näringsvärde": "Energi (kJ)",
        "100 Gram": "1657 kJ"
      },
      {
        "Näringsvärde": "Fett",
        "100 Gram": "14 g"
      },
      {
        "Näringsvärde": "Varav mättat fett",
        "100 Gram": "1.9 g"
      },
      {
        "Näringsvärde": "Kolhydrat",
        "100 Gram": "62 g"
      },
      {
        "Näringsvärde": "Varav sockerarter",
        "100 Gram": "42 g"
      },
      {
        "Näringsvärde": "Protein",
        "100 Gram": "4.1 g"
      },
      {
        "Näringsvärde": "Salt",
        "100 Gram": "0.4 g"
      }
    ],
    "nutritionUnitText": "Näringsvärde per 100 gram",
    "categories": {
      "mainCategory": "Bröd & Kakor",
      "subCategories": [
        {
          "name": "Kaffebröd",
          "subSubCategories": [
            "Tårtor & Pajer",
            "Frysta tårtor & Pajer"
          ]
        }
      ]
    }
  },
  {
    "name": "TUC Sourcream & onion 100g Lu",
    "weightText": "0.1 kg",
    "caPart": "",
    "weightValue": 0.1,
    "weightUnit": "kg",
    "comparePrice": "139,50 kr/kg",
    "currentPrice": 13.95,
    "attributes": [],
    "imgUrl": "https://handlaprivatkund.ica.se/images-v3/bf7a00ca-390e-4769-865f-dc369586872e/a29592f2-3fb9-4dc7-a516-cd122dff9791/500x500.jpg",
    "productInformation": "Tuc Sour cream & Onion är tunna, spröda ugnsbakade kex med smak av gräddfil och lök. Goda att äta bara som de är, som snacks eller till ostbrickan. Perfekt storlek att ha med sig i väskan eller på picknicken",
    "countryText": "",
    "companyText": "Lu",
    "ingrediensText": "Ingredienser: VETEMJÖL/HVEDEMEL, palmolja/-olie, glukossirap, bakpulver/hævemidler (ammoniumkarbonater, natriumkarbonater), salt, socker, dextros, lök-/løgpulver 0,5%, naturlig arom, gräddfilspulver/creme fraichepulver/rømmepulver (MJÖLK/MÆLK/MELK) 0,1%, syror (citronsyra, kalciumlaktat), mjölbehandlingsmedel/melbehandlingsmiddel (NATRIUMDISULFIT).KAN INNEHÅLLA ÄGG/ÆG/EGG, SOJA/SOYA.",
    "storage": "",
    "allergens": "",
    "usage": "",
    "nutrition": [
      {
        "Näringsvärde": "Energi (kcal)",
        "100 Gram": "498 kcal"
      },
      {
        "Näringsvärde": "Energi (kJ)",
        "100 Gram": "2085 kJ"
      },
      {
        "Näringsvärde": "Fett",
        "100 Gram": "23 g"
      },
      {
        "Näringsvärde": "Varav mättat fett",
        "100 Gram": "11 g"
      },
      {
        "Näringsvärde": "Kolhydrat",
        "100 Gram": "64 g"
      },
      {
        "Näringsvärde": "Varav sockerarter",
        "100 Gram": "6.1 g"
      },
      {
        "Näringsvärde": "Fiber",
        "100 Gram": "2.4 g"
      },
      {
        "Näringsvärde": "Protein",
        "100 Gram": "7.5 g"
      },
      {
        "Näringsvärde": "Salt",
        "100 Gram": "1.8 g"
      }
    ],
    "nutritionUnitText": "Näringsvärde per 100 gram",
    "categories": {
      "mainCategory": "Bröd & Kakor",
      "subCategories": [
        {
          "name": "Kaffebröd",
          "subSubCategories": [
            "Kex & kakor",
            "Matkex",
            "Kex till ost"
          ]
        }
      ]
    }
  },
  {
    "name": "Pärlan Fullkorn 600g Polarbröd",
    "weightText": "0.6 kg",
    "caPart": "",
    "weightValue": 0.6,
    "weightUnit": "kg",
    "comparePrice": "54,17 kr/kg",
    "currentPrice": 32.5,
    "attributes": [
      "Från Sverige",
      "Ursprungsland Sverige"
    ],
    "imgUrl": "https://handlaprivatkund.ica.se/images-v3/bf7a00ca-390e-4769-865f-dc369586872e/86bb9d61-a270-42cc-82fe-8c07eb1165c9/500x500.jpg",
    "productInformation": "Ett fluffigt och matigt bröd från Polarbröd bakat på både fullkorn av råg och vete.",
    "countryText": "Sverige",
    "companyText": "Polarbröd",
    "ingrediensText": "Ingredienser: Vatten, fullkornsRÅGmjöl¹ (20%)*, fullkornsVETEmjöl¹ (18%)*, VETEmjöl¹, socker¹, VETEGLUTEN, rapsolja¹, fermenterat VETEmjöl, salt, HAVREfiber, jäst¹, vegetabiliskt emulgeringsmedel (mono- och diglycerider av fettsyror, mono- och diglyceriders mono- och diacetylvinsyraestrar), bakpulver (hjorthornssalt), maltmjöl (KORN). *Fullkornsmängd: 38% av brödet. 1Ursprungsland: Sverige.",
    "storage": "Frys gärna in en del av bröden hemma och ta fram efter behov, så maxar du njutningen och minskar svinnet på en och samma gång. Lägsta förvaringstemperatur 15°C Högsta förvaringstemperatur 25°C",
    "allergens": "",
    "usage": "",
    "nutrition": [
      {
        "Näringsvärde": "Energi (kcal)",
        "100 Gram": "260 kcal"
      },
      {
        "Näringsvärde": "Energi (kJ)",
        "100 Gram": "1100 kJ"
      },
      {
        "Näringsvärde": "Fett",
        "100 Gram": "3.6 g"
      },
      {
        "Näringsvärde": "Varav mättat fett",
        "100 Gram": "0.8 g"
      },
      {
        "Näringsvärde": "Kolhydrat",
        "100 Gram": "45 g"
      },
      {
        "Näringsvärde": "Varav sockerarter",
        "100 Gram": "8.3 g"
      },
      {
        "Näringsvärde": "Fiber",
        "100 Gram": "6.7 g"
      },
      {
        "Näringsvärde": "Protein",
        "100 Gram": "8.6 g"
      },
      {
        "Näringsvärde": "Salt",
        "100 Gram": "0.93 g"
      }
    ],
    "nutritionUnitText": "Näringsvärde per 100 gram",
    "categories": {
      "mainCategory": "Bröd & Kakor",
      "subCategories": [
        {
          "name": "Matbröd",
          "subSubCategories": [
            "Mjukt tunnbröd & Vetekakor",
            "Vetekakor"
          ]
        }
      ]
    }
  },
  {
    "name": "Havrefralla 420g Fazer",
    "weightText": "0.42 kg",
    "caPart": "",
    "weightValue": 0.42,
    "weightUnit": "kg",
    "comparePrice": "65,48 kr/kg",
    "currentPrice": 27.5,
    "attributes": [
      "Från Sverige",
      "Nyckelhålet",
      "Ursprungsland Sverige"
    ],
    "imgUrl": "https://handlaprivatkund.ica.se/images-v3/bf7a00ca-390e-4769-865f-dc369586872e/76f1f11c-ad0c-4f28-a9ea-486d651bb054/500x500.jpg",
    "productInformation": "",
    "countryText": "Sverige",
    "companyText": "Fazer",
    "ingrediensText": "VETEmjöl1, vatten, fullkornsHAVREmjöl1 16 %, HAVREkli1 7 %, HAVREgryn1 7 %, VETEgluten, sirap1,2, rapsolja, fermenterat VETEmjöl, jäst1, havssalt, stabiliseringsmedel (guarkärnmjöl), fullkornsVETEmjöl1, malt av KORN, mjölbehandlingsmedel (askorbinsyra). 1Ursprung Sverige. 2Ursprung EU/icke EU. Brödet består av 82 % svenska ingredienser. 51 % av spannmålet är havre. Brödet innehåller 30 % havre och 23 % fullkorn.",
    "storage": "Lägsta förvaringstemperatur 8°C Högsta förvaringstemperatur 25°C",
    "allergens": "",
    "usage": "",
    "nutrition": [
      {
        "Näringsvärde": "Energi (kcal)",
        "100 Gram": "270 kcal"
      },
      {
        "Näringsvärde": "Energi (kJ)",
        "100 Gram": "1150 kJ"
      },
      {
        "Näringsvärde": "Fett",
        "100 Gram": "5.1 g"
      },
      {
        "Näringsvärde": "Varav mättat fett",
        "100 Gram": "0.6 g"
      },
      {
        "Näringsvärde": "Kolhydrat",
        "100 Gram": "41 g"
      },
      {
        "Näringsvärde": "Varav sockerarter",
        "100 Gram": "3.6 g"
      },
      {
        "Näringsvärde": "Fiber",
        "100 Gram": "5.1 g"
      },
      {
        "Näringsvärde": "Protein",
        "100 Gram": "12 g"
      },
      {
        "Näringsvärde": "Salt",
        "100 Gram": "1 g"
      }
    ],
    "nutritionUnitText": "Näringsvärde per 100 gram",
    "categories": {
      "mainCategory": "Bröd & Kakor",
      "subCategories": [
        {
          "name": "Matbröd",
          "subSubCategories": [
            "Mörkt & Grovt bröd",
            "Mörkt styckpackat bröd"
          ]
        }
      ]
    }
  },
  {
    "name": "Knäckebröd Sport 550g Wasa",
    "weightText": "0.55 kg",
    "caPart": "",
    "weightValue": 0.55,
    "weightUnit": "kg",
    "comparePrice": "41,73 kr/kg",
    "currentPrice": 22.95,
    "attributes": [
      "Nyckelhålet"
    ],
    "imgUrl": "https://handlaprivatkund.ica.se/images-v3/bf7a00ca-390e-4769-865f-dc369586872e/5d2a6c81-05b2-47fb-85ae-63f5c01c230a/500x500.jpg",
    "productInformation": "Wasa Knäckebröd Sport är ett riktigt grovt knäckebröd gjort på 100% fullkorn. Detta läckra knäcke är bakat på fullkornsrågmjöl vilket ger dig ett knaprigt fullkornsknäckebröd med rustik smak. Ett knäckebröd med fiber ger energi så att du orkar med både sport och en aktiv vardag. Avnjut en knäckemacka som mellanmål, till frukost eller vid sidan av en måltid. Wasa Sport rågknäckebröd är dessutom en källa till järn och är 100% klimatkompenserat.",
    "countryText": "",
    "companyText": "Wasa",
    "ingrediensText": "Ingredienser: fullkornsRÅGmjöl 100 g*, RÅGkli 4,8 g*, salt, jäst *i g för 100 g produkt.",
    "storage": "Förvaras torrt och mörkt. Högsta förvaringstemperatur 25°C",
    "allergens": "",
    "usage": "",
    "nutrition": [
      {
        "Näringsvärde": "Energi (kcal)",
        "100 Gram": "330 kcal"
      },
      {
        "Näringsvärde": "Energi (kJ)",
        "100 Gram": "1389 kJ"
      },
      {
        "Näringsvärde": "Fett",
        "100 Gram": "1.5 g"
      },
      {
        "Näringsvärde": "Varav mättat fett",
        "100 Gram": "0.4 g"
      },
      {
        "Näringsvärde": "Kolhydrat",
        "100 Gram": "60 g"
      },
      {
        "Näringsvärde": "Varav sockerarter",
        "100 Gram": "1.5 g"
      },
      {
        "Näringsvärde": "Fiber",
        "100 Gram": "20 g"
      },
      {
        "Näringsvärde": "Protein",
        "100 Gram": "9 g"
      },
      {
        "Näringsvärde": "Salt",
        "100 Gram": "1.2 g"
      },
      {
        "Näringsvärde": "Järn",
        "100 Gram": "2.8 mg",
        "% av DRI(*)": "20"
      },
      {
        "Näringsvärde": "Magnesium",
        "100 Gram": "100 mg",
        "% av DRI(*)": "27"
      },
      {
        "Näringsvärde": "Zink",
        "100 Gram": "2.3 mg",
        "% av DRI(*)": "23"
      }
    ],
    "nutritionUnitText": "Näringsvärde per 100 gram",
    "categories": {
      "mainCategory": "Bröd & Kakor",
      "subCategories": [
        {
          "name": "Knäckebröd & Skorpor",
          "subSubCategories": [
            "Knäckebröd",
            "Mörkt knäckebröd"
          ]
        }
      ]
    }
  },
  {
    "name": "Majskakor Popcor 125g ICA",
    "weightText": "0.125 kg",
    "caPart": "",
    "weightValue": 0.125,
    "weightUnit": "kg",
    "comparePrice": "143,60 kr/kg",
    "currentPrice": 17.95,
    "attributes": [],
    "imgUrl": "https://handlaprivatkund.ica.se/images-v3/bf7a00ca-390e-4769-865f-dc369586872e/8b62ad73-08ee-41a9-a31a-f00796ec7b20/500x500.jpg",
    "productInformation": "ICA Majskakor Popcorn är spröda majskakor. De har en god smak av nypoppade popcorn. Passar utmärkt som mellanmål.",
    "countryText": "",
    "companyText": "ICA",
    "ingrediensText": "Majs* 78%, rapsolja, kryddblandning 8,9% (maltodextrin, salt, socker, jästextrakt, kryddextrakt (gurkmeja, paprika), arom). Kan innehålla spår av soja, sesamfrö och mjölk. *Ursprung EU.",
    "storage": "Förvaras torrt och svalt, ej över normal rumstemperatur.",
    "allergens": "",
    "usage": "",
    "nutrition": [
      {
        "Näringsvärde": "Energi (kcal)",
        "100 Gram": "452 kcal"
      },
      {
        "Näringsvärde": "Energi (kJ)",
        "100 Gram": "1901 kJ"
      },
      {
        "Näringsvärde": "Fett",
        "100 Gram": "15 g"
      },
      {
        "Näringsvärde": "Varav mättat fett",
        "100 Gram": "1.2 g"
      },
      {
        "Näringsvärde": "Kolhydrat",
        "100 Gram": "73 g"
      },
      {
        "Näringsvärde": "Varav sockerarter",
        "100 Gram": "1.5 g"
      },
      {
        "Näringsvärde": "Fiber",
        "100 Gram": "1.6 g"
      },
      {
        "Näringsvärde": "Protein",
        "100 Gram": "5.4 g"
      },
      {
        "Näringsvärde": "Salt",
        "100 Gram": "1.8 g"
      }
    ],
    "nutritionUnitText": "Näringsvärde per 100 gram",
    "categories": {
      "mainCategory": "Bröd & Kakor",
      "subCategories": [
        {
          "name": "Knäckebröd & Skorpor",
          "subSubCategories": [
            "Riskakor"
          ]
        }
      ]
    }
  },
  {
    "name": "Längtan 750g Pågen",
    "weightText": "0.75 kg",
    "caPart": "",
    "weightValue": 0.75,
    "weightUnit": "kg",
    "comparePrice": "44,67 kr/kg",
    "currentPrice": 33.5,
    "attributes": [
      "Ursprungsland Sverige"
    ],
    "imgUrl": "https://handlaprivatkund.ica.se/images-v3/bf7a00ca-390e-4769-865f-dc369586872e/a4a5c3a8-a0b4-4ee3-be6e-8add89bb5332/500x500.jpg",
    "productInformation": "Längtan passar bra som lunchmacka med till exempel skivad potatis i botten och en röra med rökt lax, räkor, mjukost, kesella och curry!",
    "countryText": "Sverige",
    "companyText": "Pågen",
    "ingrediensText": "VETEmjöl, vatten, klippt fullkornsRÅG*, sirap, malt av KORN (4%), surdeg på fullkornsRÅG* och VETE, VETEgluten, rapsolja, siktat RÅGmjöl, skållat VETEmjöl, socker, jäst, salt, mjölbehandlingsmedel (askorbinsyra). Brödet innehåller 14% råg. Kan innehålla spår av vallmofrö. * Fullkornsingrediens. Fullkornshalten i brödet är 12% vilket motsvarar 17% av torrvikten. SVENSKT MJÖL Mer än 90% mjöl från svenskodlat spannmål malt i egen kvarn.",
    "storage": "",
    "allergens": "",
    "usage": "",
    "nutrition": [
      {
        "Näringsvärde": "Energi (kcal)",
        "100 Gram": "283 kcal"
      },
      {
        "Näringsvärde": "Energi (kJ)",
        "100 Gram": "1184 kJ"
      },
      {
        "Näringsvärde": "Fett",
        "100 Gram": "3.8 g"
      },
      {
        "Näringsvärde": "Varav mättat fett",
        "100 Gram": "0.4 g"
      },
      {
        "Näringsvärde": "Kolhydrat",
        "100 Gram": "50 g"
      },
      {
        "Näringsvärde": "Varav sockerarter",
        "100 Gram": "9.2 g"
      },
      {
        "Näringsvärde": "Fiber",
        "100 Gram": "4.3 g"
      },
      {
        "Näringsvärde": "Protein",
        "100 Gram": "9.9 g"
      },
      {
        "Näringsvärde": "Salt",
        "100 Gram": "1.1 g"
      }
    ],
    "nutritionUnitText": "Näringsvärde per 100 gram",
    "categories": {
      "mainCategory": "Bröd & Kakor",
      "subCategories": [
        {
          "name": "Matbröd",
          "subSubCategories": [
            "Mörkt & Grovt bröd",
            "Mörkt skivat bröd"
          ]
        }
      ]
    }
  },
  {
    "name": "Pepparkakor 300g Annas",
    "weightText": "0.3 kg",
    "caPart": "",
    "weightValue": 0.3,
    "weightUnit": "kg",
    "comparePrice": "73,17 kr/kg",
    "currentPrice": 21.95,
    "attributes": [],
    "imgUrl": "https://handlaprivatkund.ica.se/images-v3/bf7a00ca-390e-4769-865f-dc369586872e/3ade14d4-bcde-4c4f-9f94-92efae04f228/500x500.jpg",
    "productInformation": "",
    "countryText": "",
    "companyText": "Annas",
    "ingrediensText": "INGREDIENSER: VETEMJÖL/HVETEMEL/HVEDEMEL, socker/sukker, vegetabiliska/vegetabilske oljor/oljer/olier (palm/palme*, raps, kokos), sirap/sirup, bakpulver/bakepulver/bagepulver (natriumbikarbonat), kanel, salt, ingefära/ingefær 0.3%, kryddnejlika/kryddernellik/kryddernellike. Kan innehålla spår av MANDEL/Kan inneholde spor av MANDLER/Kan indeholde spor af MANDLER. *Hållbart producerad från certifierade odlare.",
    "storage": "Lägsta förvaringstemperatur 5°C Högsta förvaringstemperatur 30°C",
    "allergens": "Innehåller Spannmål som innehåller gluten Kan innehålla Nötter (eng: tree nuts)",
    "usage": "",
    "nutrition": [
      {
        "Näringsvärde": "Energi (kcal)",
        "100 Gram": "471 kcal"
      },
      {
        "Näringsvärde": "Energi (kJ)",
        "100 Gram": "1979 kJ"
      },
      {
        "Näringsvärde": "Fett",
        "100 Gram": "19 g"
      },
      {
        "Näringsvärde": "Varav mättat fett",
        "100 Gram": "9 g"
      },
      {
        "Näringsvärde": "Kolhydrat",
        "100 Gram": "70 g"
      },
      {
        "Näringsvärde": "Varav sockerarter",
        "100 Gram": "33 g"
      },
      {
        "Näringsvärde": "Fiber",
        "100 Gram": "1.5 g"
      },
      {
        "Näringsvärde": "Protein",
        "100 Gram": "5.4 g"
      },
      {
        "Näringsvärde": "Salt",
        "100 Gram": "1.19 g"
      }
    ],
    "nutritionUnitText": "Näringsvärde per 100 gram",
    "categories": {
      "mainCategory": "Bröd & Kakor",
      "subCategories": [
        {
          "name": "Kaffebröd",
          "subSubCategories": [
            "Kex & kakor",
            "Söta kex & Kakor",
            "Pepparkakor"
          ]
        }
      ]
    }
  },
  {
    "name": "Sandwich Sourcream & Onion 2-p 33g Wasa",
    "weightText": "0.033 kg",
    "caPart": "",
    "weightValue": 0.033,
    "weightUnit": "kg",
    "comparePrice": "287,88 kr/kg",
    "currentPrice": 9.5,
    "attributes": [],
    "imgUrl": "https://handlaprivatkund.ica.se/images-v3/bf7a00ca-390e-4769-865f-dc369586872e/e512a859-5648-4a0b-8683-6f8b90cb1814/500x500.jpg",
    "productInformation": "Wasa Sandwich Sourcream & Onion är ett rågknäcke i portionsförpackning. Fyllningen har smak av gräddfil och lök, men är gjord på en vegansk havrebas. Paketet innehåller två halvor av en knäcke-sandwich och är det ultimata mellanmålet när du är på språng. Smakkombinationen av gräddfil och lök gifter sig fint med knäckebrödet av fullkorn. Wasa Knäckebröd Sandwich är 100% klimatkompenserat.",
    "countryText": "",
    "companyText": "Wasa",
    "ingrediensText": "INGREDIENSER: FULLKORNSRÅGMJÖL/FULLKORNSRUGMEL 66,5%, FULLKORNSHAVREMJÖL/MEL 18%, vegetabiliskt/vegetabilsk fett (raps, shea), jäst/gjær, maltodextrin/maltodekstrin, lök/løkpulver, salt, naturlig arom/aroma, solrosolja/solsikkeolje, vitlöks/hvitløkpulver. KAN INNEHÅLLA SPÅR AV SESAMFRÖN, SOJABÖNOR, MJÖLK OCH LUPIN./KAN INNEHOLDE SPOR AV SESAMFRØ, SOYABØNNER, MELK OG LUPIN.",
    "storage": "Förvaras torrt och mörkt.",
    "allergens": "Kan innehålla Lupin Kan innehålla Sojabönor Kan innehålla Mjölk Kan innehålla Sesamfrön Innehåller Spannmål som innehåller gluten",
    "usage": "",
    "nutrition": [
      {
        "Näringsvärde": "Energi (kcal)",
        "100 Gram": "461 kcal"
      },
      {
        "Näringsvärde": "Energi (kJ)",
        "100 Gram": "1926 kJ"
      },
      {
        "Näringsvärde": "Fett",
        "100 Gram": "23 g"
      },
      {
        "Näringsvärde": "Varav mättat fett",
        "100 Gram": "6.5 g"
      },
      {
        "Näringsvärde": "Kolhydrat",
        "100 Gram": "49.1 g"
      },
      {
        "Näringsvärde": "Varav sockerarter",
        "100 Gram": "1.6 g"
      },
      {
        "Näringsvärde": "Fiber",
        "100 Gram": "12 g"
      },
      {
        "Näringsvärde": "Protein",
        "100 Gram": "8.5 g"
      },
      {
        "Näringsvärde": "Salt",
        "100 Gram": "1.18 g"
      }
    ],
    "nutritionUnitText": "Näringsvärde per 100 gram",
    "categories": {
      "mainCategory": "Bröd & Kakor",
      "subCategories": [
        {
          "name": "Knäckebröd & Skorpor",
          "subSubCategories": [
            "Knäckebröd",
            "Knäcke med pålägg"
          ]
        }
      ]
    }
  },
  {
    "name": "Rasker Fullkorn 1,1kg Pågen",
    "weightText": "1.1 kg",
    "caPart": "",
    "weightValue": 1.1,
    "weightUnit": "kg",
    "comparePrice": "26,82 kr/kg",
    "currentPrice": 29.5,
    "attributes": [
      "Nyckelhålet",
      "Ursprungsland Sverige"
    ],
    "imgUrl": "https://handlaprivatkund.ica.se/images-v3/bf7a00ca-390e-4769-865f-dc369586872e/042f2ea6-1d57-4198-abfc-8ffdcac75275/500x500.jpg",
    "productInformation": "Ett gott rostbröd med kärnor Den fylliga smaken kommer från den härliga blandningen av mild vete som samsas med mustig råg. Vetekärnor, klippt råg och solrosfrön ger Rasker det lilla extra. Rosta en skiva Rasker, eller två, och njut!",
    "countryText": "Sverige",
    "companyText": "Pågen",
    "ingrediensText": "Vatten, VETEmjöl, fullkornsVETEmjöl*, klippt fullkornsRÅG* (6%), siktat RÅGmjöl, surdeg på fullkornsRÅG* och VETE, VETEgluten, solrosfrö (2%), HAVREfiber, rapsolja, sirap, malt av KORN, jäst, salt, mjölbehandlingsmedel (askorbinsyra). Brödet innehåller 53% vete och 13% råg. * Fullkornsingrediens. Fullkornshalten i brödet är 24% vilket motsvarar 37% av torrvikten. SVENSKT MJÖL Mer än 90% mjöl från svenskodlat spannmål malt i egen kvarn.",
    "storage": "Lägsta förvaringstemperatur 10°C Högsta förvaringstemperatur 40°C",
    "allergens": "Innehåller Spannmål som innehåller gluten",
    "usage": "",
    "nutrition": [
      {
        "Näringsvärde": "Energi (kcal)",
        "100 Gram": "271 kcal"
      },
      {
        "Näringsvärde": "Energi (kJ)",
        "100 Gram": "1145 kJ"
      },
      {
        "Näringsvärde": "Fett",
        "100 Gram": "4.3 g"
      },
      {
        "Näringsvärde": "Varav mättat fett",
        "100 Gram": "0.5 g"
      },
      {
        "Näringsvärde": "Kolhydrat",
        "100 Gram": "46 g"
      },
      {
        "Näringsvärde": "Varav sockerarter",
        "100 Gram": "4.3 g"
      },
      {
        "Näringsvärde": "Fiber",
        "100 Gram": "5 g"
      },
      {
        "Näringsvärde": "Protein",
        "100 Gram": "9.6 g"
      },
      {
        "Näringsvärde": "Salt",
        "100 Gram": "0.98 g"
      }
    ],
    "nutritionUnitText": "Näringsvärde per 100 gram",
    "categories": {
      "mainCategory": "Bröd & Kakor",
      "subCategories": [
        {
          "name": "Matbröd",
          "subSubCategories": [
            "Ljust bröd",
            "Rostbröd"
          ]
        }
      ]
    }
  },
  {
    "name": "Vaniljbullar Fryst 420g ICA",
    "weightText": "0.42 kg",
    "caPart": "",
    "weightValue": 0.42,
    "weightUnit": "kg",
    "comparePrice": "75,00 kr/kg",
    "currentPrice": 31.5,
    "attributes": [
      "Från Sverige"
    ],
    "imgUrl": "https://handlaprivatkund.ica.se/images-v3/bf7a00ca-390e-4769-865f-dc369586872e/71435890-332a-437b-99b3-1128271d44d9/500x500.jpg",
    "productInformation": "ICA Vaniljbullar är god bullar med vanilj som kan tinas i rumstemperatur, i mikrovågsugn eller i ugn. Finast blir vaniljbullarna om de värms i ugnen på 150 grader i 7-10 minuter .",
    "countryText": "",
    "companyText": "ICA",
    "ingrediensText": "Ingredienser: VETEMJÖL*,vatten, sirap* flytande margarin ( rapsolja, vatten, emulgeringsmedel E471, salt, surhetsreglerande medel (E330)), florsocker, pärlsocker*, skållat VETE*, rapsolja,*, modifierad stärkelse, socker*, enzym(amylas), VETEGLUTEN, jäst, salt,vaniljarom, vanillinsocker (florsocker, potatisstärkelse, arom), kardemumma, vaniljstång. * Ursprung Sverige",
    "storage": "Lägsta förvaringstemperatur -24°C Högsta förvaringstemperatur -18°C",
    "allergens": "Innehåller Spannmål som innehåller gluten",
    "usage": "",
    "nutrition": [
      {
        "Näringsvärde": "Energi (kcal)",
        "100 Gram": "367 kcal"
      },
      {
        "Näringsvärde": "Energi (kJ)",
        "100 Gram": "1546 kJ"
      },
      {
        "Näringsvärde": "Fett",
        "100 Gram": "11 g"
      },
      {
        "Näringsvärde": "Varav mättat fett",
        "100 Gram": "1.3 g"
      },
      {
        "Näringsvärde": "Kolhydrat",
        "100 Gram": "60 g"
      },
      {
        "Näringsvärde": "Varav sockerarter",
        "100 Gram": "23 g"
      },
      {
        "Näringsvärde": "Fiber",
        "100 Gram": "2.1 g"
      },
      {
        "Näringsvärde": "Protein",
        "100 Gram": "6 g"
      },
      {
        "Näringsvärde": "Salt",
        "100 Gram": "1.3 g"
      }
    ],
    "nutritionUnitText": "Näringsvärde per 100 gram",
    "categories": {
      "mainCategory": "Fryst",
      "subCategories": [
        {
          "name": "Fryst bröd & dessert",
          "subSubCategories": [
            "Frysta bullar & kakor"
          ]
        }
      ]
    }
  },
  {
    "name": "Sirapslimpa 900g ICA Selection",
    "weightText": "0.9 kg",
    "caPart": "",
    "weightValue": 0.9,
    "weightUnit": "kg",
    "comparePrice": "43,89 kr/kg",
    "currentPrice": 39.5,
    "attributes": [
      "Från Sverige"
    ],
    "imgUrl": "https://handlaprivatkund.ica.se/images-v3/bf7a00ca-390e-4769-865f-dc369586872e/e6fbacdb-ef8c-482d-bbc1-f22d4457ada6/500x500.jpg",
    "productInformation": "ICA Selection Sirapslimpa är ett saftigt bröd som bakats med rågmjöl. Tillsammans med surdegen och sirapen får brödet en rund smak och en riktigt fin balans mellan syra och sötma.",
    "countryText": "",
    "companyText": "ICA Selection",
    "ingrediensText": "INGREDIENSER: VETEMJÖL*, vatten, siktat RÅGMJÖL*, sirap** 13%, surdeg av FULLKORNSRÅG*, jäst, rapsolja, VETEGLUTEN, salt, maltmjöl av KORN. * Ursprung Sverige. **Huvuddelen svensk råvara.",
    "storage": "",
    "allergens": "",
    "usage": "",
    "nutrition": [
      {
        "Näringsvärde": "Energi (kcal)",
        "100 Gram": "249 kcal"
      },
      {
        "Näringsvärde": "Energi (kJ)",
        "100 Gram": "1053 kJ"
      },
      {
        "Näringsvärde": "Fett",
        "100 Gram": "2.4 g"
      },
      {
        "Näringsvärde": "Varav mättat fett",
        "100 Gram": "1 g"
      },
      {
        "Näringsvärde": "Kolhydrat",
        "100 Gram": "48 g"
      },
      {
        "Näringsvärde": "Varav sockerarter",
        "100 Gram": "10 g"
      },
      {
        "Näringsvärde": "Fiber",
        "100 Gram": "3.7 g"
      },
      {
        "Näringsvärde": "Protein",
        "100 Gram": "7 g"
      },
      {
        "Näringsvärde": "Salt",
        "100 Gram": "0.92 g"
      }
    ],
    "nutritionUnitText": "Näringsvärde per 100 gram",
    "categories": {
      "mainCategory": "Bröd & Kakor",
      "subCategories": [
        {
          "name": "Matbröd",
          "subSubCategories": [
            "Ljust bröd",
            "Limpa"
          ]
        }
      ]
    }
  },
  {
    "name": "Wienerbröd vanilj 80g Bonjour",
    "weightText": "0.08 kg",
    "caPart": "",
    "weightValue": 0.08,
    "weightUnit": "kg",
    "comparePrice": "124,38 kr/kg",
    "currentPrice": 9.95,
    "attributes": [],
    "imgUrl": "https://handlaprivatkund.ica.se/images-v3/bf7a00ca-390e-4769-865f-dc369586872e/bdaa3ca3-1fc1-4d3a-88d1-f0ac30f3bf11/500x500.jpg",
    "productInformation": "",
    "countryText": "",
    "companyText": "Bonjour",
    "ingrediensText": "Vatten, VETEMJÖL, vegetabilisk olja (palmolja SG, rapsolja, kokosolja), socker, ÄGG, modifierad stärkelse (E1414), jäst ,vasslepulver (MJÖLK), VETEGLUTEN, vegetabiliskt emulgeringsmedel (E471, E472e), salt, maltmjöl av VETE, stabiliseringsmedel (E401, E450(i), E516), färgämne (E170, E160a), naturlig arom , MJÖLKPROTEIN, surhetsreglerande medel (E330, E263), mjölbehandlingsmedel (E300), enzym (xylanas, amylas ), vitamin A. Sockerglasyr (socker, vatten , glukossirap) Kan innehålla spår av mandel och pekannötter.",
    "storage": "",
    "allergens": "Kan innehålla spår av Nötter.",
    "usage": "",
    "nutrition": [
      {
        "Näringsvärde": "Energi (kcal)",
        "100 Gram": "329 kcal"
      },
      {
        "Näringsvärde": "Energi (kJ)",
        "100 Gram": "1369 kJ"
      },
      {
        "Näringsvärde": "Fett",
        "100 Gram": "20 g"
      },
      {
        "Näringsvärde": "Varav mättat fett",
        "100 Gram": "8.3 g"
      },
      {
        "Näringsvärde": "Kolhydrat",
        "100 Gram": "33 g"
      },
      {
        "Näringsvärde": "Varav sockerarter",
        "100 Gram": "9.7 g"
      },
      {
        "Näringsvärde": "Fiber",
        "100 Gram": "1.2 g"
      },
      {
        "Näringsvärde": "Protein",
        "100 Gram": "4.9 g"
      },
      {
        "Näringsvärde": "Salt",
        "100 Gram": "0.27 g"
      }
    ],
    "nutritionUnitText": "Näringsvärde per 100 gram",
    "categories": {
      "mainCategory": "Butikens egna varor",
      "subCategories": [
        {
          "name": "Eget bageri",
          "subSubCategories": []
        }
      ]
    }
  },
  {
    "name": "Cookies 154g Oreo",
    "weightText": "0.154 kg",
    "caPart": "",
    "weightValue": 0.154,
    "weightUnit": "kg",
    "comparePrice": "149,03 kr/kg",
    "currentPrice": 22.95,
    "attributes": [],
    "imgUrl": "https://handlaprivatkund.ica.se/images-v3/bf7a00ca-390e-4769-865f-dc369586872e/8a2e1ab8-79ae-40ab-89c7-c4de597804fd/500x500.jpg",
    "productInformation": "Oreo- Goda chokladkex med len vaniljfyllning.",
    "countryText": "",
    "companyText": "Oreo",
    "ingrediensText": "Ingredienser: VETEMJÖL/HVEDEMEL, socker, palmolja/-olie, rapsolja/-olie, fettreducerad/fedtfattig kakao 4,5%, VETESTÄRKELSE/HVEDESTIVELSE, glukos-fruktossirap, bakpulver/hævemidler (kaliumkarbonater, ammoniumkarbonater, natriumkarbonater),salt, emulgeringsmedel/emulgatorer (SOJALECITIN, solros-/solsikkelecithin), arom.KAN INNEHÅLLA MJÖLK/MÆLK.",
    "storage": "",
    "allergens": "",
    "usage": "",
    "nutrition": [
      {
        "Näringsvärde": "Energi (kcal)",
        "100 Gram": "474 kcal"
      },
      {
        "Näringsvärde": "Energi (kJ)",
        "100 Gram": "1990 kJ"
      },
      {
        "Näringsvärde": "Fett",
        "100 Gram": "19 g"
      },
      {
        "Näringsvärde": "Varav mättat fett",
        "100 Gram": "5.2 g"
      },
      {
        "Näringsvärde": "Kolhydrat",
        "100 Gram": "68 g"
      },
      {
        "Näringsvärde": "Varav sockerarter",
        "100 Gram": "36 g"
      },
      {
        "Näringsvärde": "Fiber",
        "100 Gram": "2.7 g"
      },
      {
        "Näringsvärde": "Protein",
        "100 Gram": "5.4 g"
      },
      {
        "Näringsvärde": "Salt",
        "100 Gram": "0.74 g"
      }
    ],
    "nutritionUnitText": "Näringsvärde per 100 gram",
    "categories": {
      "mainCategory": "Bröd & Kakor",
      "subCategories": [
        {
          "name": "Kaffebröd",
          "subSubCategories": [
            "Kex & kakor",
            "Söta kex & Kakor",
            "Fyllda kakor"
          ]
        }
      ]
    }
  },
  {
    "name": "Kardemumma skorpor 240g Pågen",
    "weightText": "0.24 kg",
    "caPart": "",
    "weightValue": 0.24,
    "weightUnit": "kg",
    "comparePrice": "77,08 kr/kg",
    "currentPrice": 18.5,
    "attributes": [],
    "imgUrl": "https://handlaprivatkund.ica.se/images-v3/bf7a00ca-390e-4769-865f-dc369586872e/7a489610-e8e4-4e57-a1e9-d13c85e3d7ff/500x500.jpg",
    "productInformation": "",
    "countryText": "",
    "companyText": "Pågen",
    "ingrediensText": "VETEmjöl* (85%), socker, vegetabiliska oljor (raps*, fullhärdad raps), kardemumma (0,5%), malt av KORN/BYG, jäst/gær/gjær, salt. *Svensk rapsolja och svenskt mjöl från egen kvarn.",
    "storage": "Förvaras torrt och avskilt från varor med stark lukt.",
    "allergens": "",
    "usage": "",
    "nutrition": [
      {
        "Näringsvärde": "Energi (kcal)",
        "100 Gram": "438 kcal"
      },
      {
        "Näringsvärde": "Energi (kJ)",
        "100 Gram": "1844 kJ"
      },
      {
        "Näringsvärde": "Fett",
        "100 Gram": "11 g"
      },
      {
        "Näringsvärde": "Varav mättat fett",
        "100 Gram": "1.3 g"
      },
      {
        "Näringsvärde": "Kolhydrat",
        "100 Gram": "73 g"
      },
      {
        "Näringsvärde": "Varav sockerarter",
        "100 Gram": "13 g"
      },
      {
        "Näringsvärde": "Fiber",
        "100 Gram": "3.2 g"
      },
      {
        "Näringsvärde": "Protein",
        "100 Gram": "9.8 g"
      },
      {
        "Näringsvärde": "Salt",
        "100 Gram": "0.5 g"
      }
    ],
    "nutritionUnitText": "Näringsvärde per 100 gram",
    "categories": {
      "mainCategory": "Bröd & Kakor",
      "subCategories": [
        {
          "name": "Knäckebröd & Skorpor",
          "subSubCategories": [
            "Skorpor"
          ]
        }
      ]
    }
  },
  {
    "name": "Sandwich French Herbs 30g Wasa",
    "weightText": "0.03 kg",
    "caPart": "",
    "weightValue": 0.03,
    "weightUnit": "kg",
    "comparePrice": "316,67 kr/kg",
    "currentPrice": 9.5,
    "attributes": [],
    "imgUrl": "https://handlaprivatkund.ica.se/images-v3/bf7a00ca-390e-4769-865f-dc369586872e/b993a9c8-5768-4a02-9a85-6d67ae70e42b/500x500.jpg",
    "productInformation": "Wasa Sandwich French Herbs är en knäckemacka gjord på två skivor knäckebröd med en krämig fyllning emellan. Den läckra fyllningen har smak av ost och franska örter, vilket passar utmärkt ihop med knäckebrödet av råg. Förpackningen innehåller två fullkornsknäckebröd och kan enkelt avnjutas på språng. Våra färdiga knäckebröd med smak av franska örter är behändiga att ha i väskan eller hemma när du är i behov av ett näringsrikt mellanmål. Sesamfröna ger detta knäckebröd med fyllning en lite nötig smak, samtidigt som det innehåller mycket kostfiber och fullkorn. Wasa Sandwich French Herbs är 100% klimatkompenserad.",
    "countryText": "",
    "companyText": "Wasa",
    "ingrediensText": "INGREDIENSER: RÅGKNÄCKEBRÖD (FULLKORNSRÅGMJÖL 58%, SESAMFRÖN 6,7%, salt, jäst), ostfyllning 40% (rapsolja, ostpulver 9,5% (MJÖLK), maltodextrin, sheasmör, naturlig arom (MJÖLK), KÄRNMJÖLKSPULVER, torkad blandning av örtkryddor 0,04%). Kan innehålla spår av SOJA och LUPIN.",
    "storage": "Förvaras torrt och mörkt.",
    "allergens": "Innehåller Sesamfrön Innehåller Spannmål som innehåller gluten Kan innehålla Sojabönor Kan innehålla Lupin Innehåller Mjölk",
    "usage": "",
    "nutrition": [
      {
        "Näringsvärde": "Energi (kcal)",
        "100 Gram": "464 kcal"
      },
      {
        "Näringsvärde": "Energi (kJ)",
        "100 Gram": "1935 kJ"
      },
      {
        "Näringsvärde": "Fett",
        "100 Gram": "24 g"
      },
      {
        "Näringsvärde": "Varav mättat fett",
        "100 Gram": "8 g"
      },
      {
        "Näringsvärde": "Kolhydrat",
        "100 Gram": "45 g"
      },
      {
        "Näringsvärde": "Varav sockerarter",
        "100 Gram": "3.5 g"
      },
      {
        "Näringsvärde": "Fiber",
        "100 Gram": "14 g"
      },
      {
        "Näringsvärde": "Protein",
        "100 Gram": "10 g"
      },
      {
        "Näringsvärde": "Salt",
        "100 Gram": "1.3 g"
      }
    ],
    "nutritionUnitText": "Näringsvärde per 100 gram",
    "categories": {
      "mainCategory": "Bröd & Kakor",
      "subCategories": [
        {
          "name": "Knäckebröd & Skorpor",
          "subSubCategories": [
            "Knäckebröd",
            "Knäcke med pålägg"
          ]
        }
      ]
    }
  },
  {
    "name": "Majskakor Dill/Gräslök 125g Friggs",
    "weightText": "0.125 kg",
    "caPart": "",
    "weightValue": 0.125,
    "weightUnit": "kg",
    "comparePrice": "151,60 kr/kg",
    "currentPrice": 18.95,
    "attributes": [
      "Glutenfritt"
    ],
    "imgUrl": "https://handlaprivatkund.ica.se/images-v3/bf7a00ca-390e-4769-865f-dc369586872e/e0acdfa9-8bd3-4745-8fef-ccd22dab526a/500x500.jpg",
    "productInformation": "Friggs majskakor Dill & Gräslök är en underbar smakkombination av Dill & Gräslök. Passar perfekt när du är sugen på ett knaprigt snacks – vilken dag i veckan du vill. Glutenfria såklart!",
    "countryText": "",
    "companyText": "Friggs",
    "ingrediensText": "Ingredienser: majs (80 %) (majsgryn, majsmjöl), rapsolja, kryddmix med smak av dill och gräslök (rismjöl, salt, lökpulver, dextros, socker, jästextrakt, vitlökspulver, örter (dill, persilja), syra (citronsyra), kryddextrakt (dill, gräslök)). Kan innehålla spår av soja, mjölk och sesamfrön.",
    "storage": "Förvaras torrt, ej över normal rumstemperatur.",
    "allergens": "",
    "usage": "",
    "nutrition": [
      {
        "Näringsvärde": "Energi (kcal)",
        "100 Gram": "439 kcal"
      },
      {
        "Näringsvärde": "Energi (kJ)",
        "100 Gram": "1849 kJ"
      },
      {
        "Näringsvärde": "Fett",
        "100 Gram": "13 g"
      },
      {
        "Näringsvärde": "Varav mättat fett",
        "100 Gram": "1.1 g"
      },
      {
        "Näringsvärde": "Kolhydrat",
        "100 Gram": "73 g"
      },
      {
        "Näringsvärde": "Varav sockerarter",
        "100 Gram": "2.1 g"
      },
      {
        "Näringsvärde": "Fiber",
        "100 Gram": "1.8 g"
      },
      {
        "Näringsvärde": "Protein",
        "100 Gram": "6.4 g"
      },
      {
        "Näringsvärde": "Salt",
        "100 Gram": "1.4 g"
      }
    ],
    "nutritionUnitText": "Näringsvärde per 100 gram",
    "categories": {
      "mainCategory": "Bröd & Kakor",
      "subCategories": [
        {
          "name": "Knäckebröd & Skorpor",
          "subSubCategories": [
            "Riskakor"
          ]
        }
      ]
    }
  },
  {
    "name": "Kanelbullar 450g Skogaholms",
    "weightText": "0.45 kg",
    "caPart": "",
    "weightValue": 0.45,
    "weightUnit": "kg",
    "comparePrice": "73,22 kr/kg",
    "currentPrice": 32.95,
    "attributes": [],
    "imgUrl": "https://handlaprivatkund.ica.se/images-v3/bf7a00ca-390e-4769-865f-dc369586872e/ec0dfadc-4e95-4bd7-a8ac-77d698cfb34f/500x500.jpg",
    "productInformation": "Bullar med krämig kanelfyllning och toppade med pärlsocker. Passar till fikastunden, på utflykten och som mellanmål med ett glas mjölk.",
    "countryText": "",
    "companyText": "Skogaholms",
    "ingrediensText": "VETEmjöl, kanelfyllning (socker, vatten, farinsocker, modifierad potatisstärkelse, rapsolja, kanel, potatisgranulat, glukossirap, VETEmjöl, vegetabiliskt emulgeringsmedel E471, salt, arom (vanillin)), sirap, rapsolja, jäst, vatten, pärlsocker (socker, fullhärdad rapsolja), skållat HAVREmjöl, brödglans (vatten, stärkelsesirap av majs, potatisdextrin, konserveringsmedel E211), vegetabiliskt emulgeringsmedel E471, salt, krossade kardemummakärnor, malt av KORN, mjölbehandlingsmedel E300.",
    "storage": "",
    "allergens": "Kan innehålla spår av Mjölk.",
    "usage": "",
    "nutrition": [
      {
        "Näringsvärde": "Energi (kcal)",
        "100 Gram": "340 kcal"
      },
      {
        "Näringsvärde": "Energi (kJ)",
        "100 Gram": "1450 kJ"
      },
      {
        "Näringsvärde": "Fett",
        "100 Gram": "8.9 g"
      },
      {
        "Näringsvärde": "Varav mättat fett",
        "100 Gram": "1.7 g"
      },
      {
        "Näringsvärde": "Kolhydrat",
        "100 Gram": "58 g"
      },
      {
        "Näringsvärde": "Varav sockerarter",
        "100 Gram": "20 g"
      },
      {
        "Näringsvärde": "Protein",
        "100 Gram": "6.4 g"
      },
      {
        "Näringsvärde": "Salt",
        "100 Gram": "0.4 g"
      }
    ],
    "nutritionUnitText": "Näringsvärde per 100 gram",
    "categories": {
      "mainCategory": "Bröd & Kakor",
      "subCategories": [
        {
          "name": "Kaffebröd",
          "subSubCategories": [
            "Bullar & Vetelängder",
            "Bullar"
          ]
        }
      ]
    }
  },
  {
    "name": "Punschrullar 6-p 210g ICA",
    "weightText": "0.21 kg",
    "caPart": "",
    "weightValue": 0.21,
    "weightUnit": "kg",
    "comparePrice": "107,14 kr/kg",
    "currentPrice": 22.5,
    "attributes": [
      "Rainforest Alliance certifierad"
    ],
    "imgUrl": "https://handlaprivatkund.ica.se/images-v3/bf7a00ca-390e-4769-865f-dc369586872e/66899dcd-2692-4133-8111-c946c3c675a8/500x500.jpg",
    "productInformation": "Punchrullar, eller dammsugare som de också kallas, passar till kaffestunden eller som en liten dessert efter en god middag.",
    "countryText": "",
    "companyText": "ICA",
    "ingrediensText": "HAVREGRYN, socker, margarin (vegetabilisk fett (palm*, kokos), rapsolja, vatten, salt, emulgeringsmedel (E471), arom, antioxidationsmedel (E330), färgämne (E160a)), marsipan (socker, MANDEL 24%, glykos, konsistensgivare (E420), invertsockersirap, stabiliseringsmedel (E402), färgämne (E160a, E133)), kakaoglasyr (socker, vegetabilisk fett (palmkärn*), fettreducerat kakaopulver**, emulgeringsmedel (E322, E492)), fettreducerat kakaopulver**, arom, färgämne (E150c), konserveringsmedel (E202). Kan innehålla spår av mjölk. *Läs om hållbarhetscertifierad palmolja på ica.se. **Rainforest Alliance-certifierad. Läs mer på www.ra.org",
    "storage": "",
    "allergens": "",
    "usage": "",
    "nutrition": [
      {
        "Näringsvärde": "Energi (kcal)",
        "100 Gram": "473 kcal"
      },
      {
        "Näringsvärde": "Energi (kJ)",
        "100 Gram": "1978 kJ"
      },
      {
        "Näringsvärde": "Fett",
        "100 Gram": "24 g"
      },
      {
        "Näringsvärde": "Varav mättat fett",
        "100 Gram": "12 g"
      },
      {
        "Näringsvärde": "Kolhydrat",
        "100 Gram": "58 g"
      },
      {
        "Näringsvärde": "Varav sockerarter",
        "100 Gram": "40 g"
      },
      {
        "Näringsvärde": "Fiber",
        "100 Gram": "3.7 g"
      },
      {
        "Näringsvärde": "Protein",
        "100 Gram": "4.9 g"
      },
      {
        "Näringsvärde": "Salt",
        "100 Gram": "0.3 g"
      }
    ],
    "nutritionUnitText": "Näringsvärde per 100 gram",
    "categories": {
      "mainCategory": "Bröd & Kakor",
      "subCategories": [
        {
          "name": "Kaffebröd",
          "subSubCategories": [
            "Kondisbitar & Bakelser"
          ]
        }
      ]
    }
  },
  {
    "name": "Pitabröd 2x3p 375g ICA",
    "weightText": "0.375 kg",
    "caPart": "",
    "weightValue": 0.375,
    "weightUnit": "kg",
    "comparePrice": "41,33 kr/kg",
    "currentPrice": 15.5,
    "attributes": [
      "Från Sverige"
    ],
    "imgUrl": "https://handlaprivatkund.ica.se/images-v3/bf7a00ca-390e-4769-865f-dc369586872e/b6c855ba-f256-43de-bca7-47ed62039231/500x500.jpg",
    "productInformation": "ICA Pitabröd är ett frasigt matbröd att fylla med dina favorittillbehör, toppa gärna med en god vitlökssås.",
    "countryText": "",
    "companyText": "ICA",
    "ingrediensText": "VETEMJÖL, vatten, socker, salt med jod, jäst.",
    "storage": "",
    "allergens": "",
    "usage": "",
    "nutrition": [
      {
        "Näringsvärde": "Energi (kcal)",
        "100 Gram": "250 kcal"
      },
      {
        "Näringsvärde": "Energi (kJ)",
        "100 Gram": "1046 kJ"
      },
      {
        "Näringsvärde": "Fett",
        "100 Gram": "1 g"
      },
      {
        "Näringsvärde": "Varav mättat fett",
        "100 Gram": "0.1 g"
      },
      {
        "Näringsvärde": "Kolhydrat",
        "100 Gram": "50 g"
      },
      {
        "Näringsvärde": "Varav sockerarter",
        "100 Gram": "2.5 g"
      },
      {
        "Näringsvärde": "Fiber",
        "100 Gram": "2.2 g"
      },
      {
        "Näringsvärde": "Protein",
        "100 Gram": "8.3 g"
      },
      {
        "Näringsvärde": "Salt",
        "100 Gram": "1.2 g"
      }
    ],
    "nutritionUnitText": "Näringsvärde per 100 gram",
    "categories": {
      "mainCategory": "Bröd & Kakor",
      "subCategories": [
        {
          "name": "Korvbröd, Hamburgerbröd & Maträttsbröd",
          "subSubCategories": [
            "Pitabröd"
          ]
        }
      ]
    }
  },
  {
    "name": "Skanörgrova 550 g Pågen",
    "weightText": "0.55 kg",
    "caPart": "",
    "weightValue": 0.55,
    "weightUnit": "kg",
    "comparePrice": "59,91 kr/kg",
    "currentPrice": 32.95,
    "attributes": [
      "Ursprungsland Sverige"
    ],
    "imgUrl": "https://handlaprivatkund.ica.se/images-v3/bf7a00ca-390e-4769-865f-dc369586872e/6ea1759b-ffb6-4a3c-913f-883fd50c2586/500x500.jpg",
    "productInformation": "Ett rustikt och saftigt hantverksbröd fyllt med smak! Skanörgrova bakas på skånsk råg, surdeg, solrosfrön, ölmalt och kallpressad rapsolja. Passar utmärkt till frukost och lunch, såväl som lagrade ostar eller buffémat.",
    "countryText": "Sverige",
    "companyText": "Pågen",
    "ingrediensText": "Vatten, VETEmjöl, fullkornsRÅGmjöl*, sirap, surdeg på fullkornsRÅG* och VETE (11%), klippt fullkornsRÅG*, solrosfrö (6%), VETEgluten, ölmalt av mältat KORN (3%), RÅGflingor*, kallpressad rapsolja, fullkornsdurumVETEmjöl*, humle (0,1%), lakrits, jäst, salt, mjölbehandlingsmedel (askorbinsyra). Råginnehåll: 31%. * Fullkornsingrediens. Fullkornshalten i brödet är 31% vilket motsvarar 42% av torrvikten. SVENSKT MJÖL Mer än 90% mjöl från svenskodlat spannmål malt i egen kvarn.",
    "storage": "",
    "allergens": "",
    "usage": "",
    "nutrition": [
      {
        "Näringsvärde": "Energi (kcal)",
        "100 Gram": "308 kcal"
      },
      {
        "Näringsvärde": "Energi (kJ)",
        "100 Gram": "1294 kJ"
      },
      {
        "Näringsvärde": "Fett",
        "100 Gram": "7.8 g"
      },
      {
        "Näringsvärde": "Varav mättat fett",
        "100 Gram": "0.9 g"
      },
      {
        "Näringsvärde": "Kolhydrat",
        "100 Gram": "48 g"
      },
      {
        "Näringsvärde": "Varav sockerarter",
        "100 Gram": "9.1 g"
      },
      {
        "Näringsvärde": "Fiber",
        "100 Gram": "6 g"
      },
      {
        "Näringsvärde": "Protein",
        "100 Gram": "10 g"
      },
      {
        "Näringsvärde": "Salt",
        "100 Gram": "1.4 g"
      }
    ],
    "nutritionUnitText": "Näringsvärde per 100 gram",
    "categories": {
      "mainCategory": "Bröd & Kakor",
      "subCategories": [
        {
          "name": "Matbröd",
          "subSubCategories": [
            "Mörkt & Grovt bröd",
            "Mörkt skivat bröd"
          ]
        }
      ]
    }
  },
  {
    "name": "Himla Go 400 g Pågen",
    "weightText": "0.4 kg",
    "caPart": "",
    "weightValue": 0.4,
    "weightUnit": "kg",
    "comparePrice": "69,88 kr/kg",
    "currentPrice": 27.95,
    "attributes": [
      "Ursprungsland Sverige"
    ],
    "imgUrl": "https://handlaprivatkund.ica.se/images-v3/bf7a00ca-390e-4769-865f-dc369586872e/777f7cff-e107-441d-9675-abf12a5e0a5d/500x500.jpg",
    "productInformation": "Himla go är ett riktigt gott bröd som innehåller fullkorn och är laddat med fiber.",
    "countryText": "Sverige",
    "companyText": "Pågen",
    "ingrediensText": "VETEmjöl, vatten, fullkornsVETEmjöl*, socker, HAVREfiber, sirap, rapsolja, fullkornsRÅGmjöl*, kallpressad rapsolja, surdeg på VETE, vegetabiliskt emulgeringsmedel mono- och diglycerider av fettsyror (solros, raps), bakpulver (hjorthornssalt), VETEgluten, malt av KORN, jäst, salt, mjölbehandlingsmedel (askorbinsyra). *Fullkornsingrediens. Fullkornshalten i brödet är 10% vilket motsvarar 14% av torrvikten. SVENSKT MJÖL Mer än 90% mjöl från svenskodlat spannmål malt i egen kvarn.",
    "storage": "",
    "allergens": "",
    "usage": "",
    "nutrition": [
      {
        "Näringsvärde": "Energi (kcal)",
        "100 Gram": "294 kcal"
      },
      {
        "Näringsvärde": "Energi (kJ)",
        "100 Gram": "1240 kJ"
      },
      {
        "Näringsvärde": "Fett",
        "100 Gram": "4.7 g"
      },
      {
        "Näringsvärde": "Varav mättat fett",
        "100 Gram": "0.7 g"
      },
      {
        "Näringsvärde": "Kolhydrat",
        "100 Gram": "51 g"
      },
      {
        "Näringsvärde": "Varav sockerarter",
        "100 Gram": "9.9 g"
      },
      {
        "Näringsvärde": "Fiber",
        "100 Gram": "6 g"
      },
      {
        "Näringsvärde": "Protein",
        "100 Gram": "8.4 g"
      },
      {
        "Näringsvärde": "Salt",
        "100 Gram": "1 g"
      }
    ],
    "nutritionUnitText": "Näringsvärde per 100 gram",
    "categories": {
      "mainCategory": "Bröd & Kakor",
      "subCategories": [
        {
          "name": "Matbröd",
          "subSubCategories": [
            "Ljust bröd",
            "Övrigt ljust bröd"
          ]
        }
      ]
    }
  },
  {
    "name": "Rågkusar 675g Fazer",
    "weightText": "0.675 kg",
    "caPart": "",
    "weightValue": 0.675,
    "weightUnit": "kg",
    "comparePrice": "70,37 kr/kg",
    "currentPrice": 47.5,
    "attributes": [
      "Från Sverige",
      "Nyckelhålet",
      "Ursprungsland Sverige"
    ],
    "imgUrl": "https://handlaprivatkund.ica.se/images-v3/bf7a00ca-390e-4769-865f-dc369586872e/0902bcb0-b072-41bd-af68-0f876dcba967/500x500.jpg",
    "productInformation": "Rågkusar är ett portionsbröd bakat på bland annat surdeg av fullkornsråg. Lite seg konsistens. Passar till frukost, mellanmål och utflykten.",
    "countryText": "Sverige",
    "companyText": "Fazer",
    "ingrediensText": "FullkornsRÅGmjöl1, surdeg av fullkornsRÅGmjöl1 28 %, fullkornsVETEmjöl1, RÅGfiber, vatten, jäst1, fermenterat VETEmjöl, salt, malt av KORN. 1Ursprung Sverige. Brödet består av 92 % svenska ingredienser. Brödet innehåller 57 % råg och 69 % fullkorn. Innehåller naturligt förekommande sockerarter.",
    "storage": "Lägsta förvaringstemperatur 8°C Högsta förvaringstemperatur 25°C",
    "allergens": "",
    "usage": "",
    "nutrition": [
      {
        "Näringsvärde": "Energi (kcal)",
        "100 Gram": "240 kcal"
      },
      {
        "Näringsvärde": "Energi (kJ)",
        "100 Gram": "1000 kJ"
      },
      {
        "Näringsvärde": "Fett",
        "100 Gram": "2 g"
      },
      {
        "Näringsvärde": "Varav mättat fett",
        "100 Gram": "0.5 g"
      },
      {
        "Näringsvärde": "Kolhydrat",
        "100 Gram": "44 g"
      },
      {
        "Näringsvärde": "Varav sockerarter",
        "100 Gram": "1.2 g"
      },
      {
        "Näringsvärde": "Fiber",
        "100 Gram": "11 g"
      },
      {
        "Näringsvärde": "Protein",
        "100 Gram": "7.1 g"
      },
      {
        "Näringsvärde": "Salt",
        "100 Gram": "1.2 g"
      }
    ],
    "nutritionUnitText": "Näringsvärde per 100 gram",
    "categories": {
      "mainCategory": "Bröd & Kakor",
      "subCategories": [
        {
          "name": "Matbröd",
          "subSubCategories": [
            "Mörkt & Grovt bröd",
            "Mörkt styckpackat bröd"
          ]
        }
      ]
    }
  },
  {
    "name": "Jubileumskakor 450g Mjölkfri Polarbröd",
    "weightText": "0.45 kg",
    "caPart": "",
    "weightValue": 0.45,
    "weightUnit": "kg",
    "comparePrice": "62,11 kr/kg",
    "currentPrice": 27.95,
    "attributes": [
      "Från Sverige",
      "Ursprungsland Sverige"
    ],
    "imgUrl": "https://handlaprivatkund.ica.se/images-v3/bf7a00ca-390e-4769-865f-dc369586872e/e0aebbb7-f6cb-4029-a8e7-8c446ad5ff67/500x500.jpg",
    "productInformation": "Ljuvliga, gyllengräddade brödkakor! Mjuka och saftiga bröd med toner av brynt smör. 12 st brödkakor per förpackning. Mjölkfri och fri från konserveringsmedel.Från Sverige, bakat i Norrland.PolarmetodenTM – Fryst direkt efter bakning. Vi vill göra världen lite godare: egen vindkraft, återvinningsbara förpackningar, mer hållbara transporter, 100% från växtriket.Tips: Det är supersmart att förvara bröd i frysen och tina efter behov!",
    "countryText": "Sverige",
    "companyText": "Polarbröd",
    "ingrediensText": "Ingredienser: VETEmjöl¹, vatten, socker¹/sirap¹, rapsolja¹, VETEGLUTEN, fermenterat VETEmjöl, jäst¹, salt, HAVREfiber, vegetabiliskt emulgeringsmedel (mono- och diglycerider av fettsyror, mono- och diglyceriders mono- och diacetylvinsyraestrar), bakpulver (hjorthornssalt), maltmjöl (KORN). 1Ursprungsland: Sverige.",
    "storage": "Frys gärna in en del av bröden hemma och ta fram efter behov, så maxar du njutningen och minskar svinnet på en och samma gång.",
    "allergens": "",
    "usage": "Vi fryser vårt bröd så fort det kommer rykande ur ugnen, och tinar det på väg till dig. Hållbar i 7 dagar i rumstemperatur, se bäst-före-märkning på förpackningen.",
    "nutrition": [
      {
        "Näringsvärde": "Energi (kcal)",
        "100 Gram": "290 kcal"
      },
      {
        "Näringsvärde": "Energi (kJ)",
        "100 Gram": "1200 kJ"
      },
      {
        "Näringsvärde": "Fett",
        "100 Gram": "6.6 g"
      },
      {
        "Näringsvärde": "Varav mättat fett",
        "100 Gram": "0.8 g"
      },
      {
        "Näringsvärde": "Kolhydrat",
        "100 Gram": "46 g"
      },
      {
        "Näringsvärde": "Varav sockerarter",
        "100 Gram": "5.1 g"
      },
      {
        "Näringsvärde": "Fiber",
        "100 Gram": "2.6 g"
      },
      {
        "Näringsvärde": "Protein",
        "100 Gram": "9 g"
      },
      {
        "Näringsvärde": "Salt",
        "100 Gram": "0.73 g"
      }
    ],
    "nutritionUnitText": "Näringsvärde per 100 gram",
    "categories": {
      "mainCategory": "Bröd & Kakor",
      "subCategories": [
        {
          "name": "Matbröd",
          "subSubCategories": [
            "Mjukt tunnbröd & Vetekakor",
            "Vetekakor"
          ]
        }
      ]
    }
  },
  {
    "name": "Fiberrost Rostbröd 1000g Skogaholms",
    "weightText": "1 kg",
    "caPart": "",
    "weightValue": 1,
    "weightUnit": "kg",
    "comparePrice": "31,95 kr/kg",
    "currentPrice": 31.95,
    "attributes": [
      "Nyckelhålet",
      "Ursprungsland Sverige"
    ],
    "imgUrl": "https://handlaprivatkund.ica.se/images-v3/bf7a00ca-390e-4769-865f-dc369586872e/e4acc2ab-e934-4c1d-b16a-f67826e34b87/500x500.jpg",
    "productInformation": "Ett rostbröd bakat på bland annat fullkornsmjöl av vete och råg. Passar till frukost och som utflyktsmat med t ex äggsallad och tonfisk.",
    "countryText": "Sverige",
    "companyText": "Skogaholms",
    "ingrediensText": "VETEmjöl, vatten, fullkornsVETEmjöl 12 %, fullkornsRÅGmjöl 10 %, krossade rågkärnor 6 %, jäst, sirap, VETEgluten, rapsolja, siktat RÅGmjöl 1 %, malt av RÅG 1 %, fermenterat VETEmjöl, salt, surdegspulver av VETE, vegetabiliskt emulgeringsmedel (mono- och diglyceriders mono- och diacetylvinsyraestrar), malt av KORN, mjölbehandlingsmedel (askorbinsyra). Brödet innehåller 28 % fullkorn och 18 % råg.",
    "storage": "Lägsta förvaringstemperatur 8°C Högsta förvaringstemperatur 25°C",
    "allergens": "",
    "usage": "",
    "nutrition": [
      {
        "Näringsvärde": "Energi (kcal)",
        "100 Gram": "260 kcal"
      },
      {
        "Näringsvärde": "Energi (kJ)",
        "100 Gram": "1100 kJ"
      },
      {
        "Näringsvärde": "Fett",
        "100 Gram": "3.2 g"
      },
      {
        "Näringsvärde": "Varav mättat fett",
        "100 Gram": "0.6 g"
      },
      {
        "Näringsvärde": "Kolhydrat",
        "100 Gram": "46 g"
      },
      {
        "Näringsvärde": "Varav sockerarter",
        "100 Gram": "4.2 g"
      },
      {
        "Näringsvärde": "Fiber",
        "100 Gram": "5.7 g"
      },
      {
        "Näringsvärde": "Protein",
        "100 Gram": "9 g"
      },
      {
        "Näringsvärde": "Salt",
        "100 Gram": "0.8 g"
      }
    ],
    "nutritionUnitText": "",
    "categories": {
      "mainCategory": "Bröd & Kakor",
      "subCategories": [
        {
          "name": "Matbröd",
          "subSubCategories": [
            "Ljust bröd",
            "Rostbröd"
          ]
        }
      ]
    }
  },
  {
    "name": "Ciabatta 2-p 150g ICA",
    "weightText": "0.15 kg",
    "caPart": "",
    "weightValue": 0.15,
    "weightUnit": "kg",
    "comparePrice": "110,00 kr/kg",
    "currentPrice": 16.5,
    "attributes": [],
    "imgUrl": "https://handlaprivatkund.ica.se/images-v3/bf7a00ca-390e-4769-865f-dc369586872e/9a9dbce0-fe7d-485e-8700-508dec432340/500x500.jpg",
    "productInformation": "ICA Ciabatta är nygräddade efter 6-8 minuter i ugnen.",
    "countryText": "",
    "companyText": "ICA",
    "ingrediensText": "INGREDIENSER: VETEMJÖL, vatten, olivolja, jäst, salt, VETESURDEG, rismjöl.",
    "storage": "Oöppnad förpacking förvaras i rumstemperatur. Öppnad förpackning försluts och förvaras i kylskåp +8°C i max två dygn.",
    "allergens": "Kan innehålla Lupin Innehåller Spannmål som innehåller gluten Kan innehålla Nötter (eng: tree nuts) Kan innehålla Senap Kan innehålla Sesamfrön Kan innehålla Mjölk",
    "usage": "",
    "nutrition": [],
    "nutritionUnitText": "",
    "categories": {
      "mainCategory": "Bröd & Kakor",
      "subCategories": [
        {
          "name": "Matbröd",
          "subSubCategories": [
            "Grädda hemma"
          ]
        }
      ]
    }
  },
  {
    "name": "Chia God Fiberrikt 360g Hatting",
    "weightText": "0.36 kg",
    "caPart": "",
    "weightValue": 0.36,
    "weightUnit": "kg",
    "comparePrice": "74,86 kr/kg",
    "currentPrice": 26.95,
    "attributes": [
      "Nyckelhålet"
    ],
    "imgUrl": "https://handlaprivatkund.ica.se/images-v3/bf7a00ca-390e-4769-865f-dc369586872e/1d181e3d-bcbf-47d6-b64f-d532add52daf/500x500.jpg",
    "productInformation": "Ett gott och mjukt bröd med högt proteininnehåll. Brödet är nyckelhålsmärkt och fiberrikt, innehåller 22% fullkorn och 3% chiafrön. 6 st skurna bröd. Rosta gärna brödet för ännu godare smak.",
    "countryText": "",
    "companyText": "Hatting",
    "ingrediensText": "INGREDIENSER: Vatten, VETEMJÖL, fullkornsmjöl av VETE, kikärtor, VETEGLUTEN, HAVREFLINGOR, chiafrö (Salvia hispanica) 3 %, VETEKLI, rapsolja, sirap, linfrö, jäst, HAVREKLI, maltmjöl av KORN, salt, fermenterat VETE, hirsfrö, mjölbehandlingsmedel (E300), vegetabiliskt emulgeringsmedel (E471), förtjockningsmedel (E466). Kan innehålla spår av sesamfrö.",
    "storage": "",
    "allergens": "",
    "usage": "Brödet är färdigt att servera. Rosta gärna brödet för ännu bättre smak.",
    "nutrition": [
      {
        "Näringsvärde": "Energi (kcal)",
        "100 Gram": "274 kcal"
      },
      {
        "Näringsvärde": "Energi (kJ)",
        "100 Gram": "1156 kJ"
      },
      {
        "Näringsvärde": "Fett",
        "100 Gram": "6.6 g"
      },
      {
        "Näringsvärde": "Varav mättat fett",
        "100 Gram": "0.8 g"
      },
      {
        "Näringsvärde": "Kolhydrat",
        "100 Gram": "36 g"
      },
      {
        "Näringsvärde": "Varav sockerarter",
        "100 Gram": "2.5 g"
      },
      {
        "Näringsvärde": "Fiber",
        "100 Gram": "7.8 g"
      },
      {
        "Näringsvärde": "Protein",
        "100 Gram": "14 g"
      },
      {
        "Näringsvärde": "Salt",
        "100 Gram": "0.9 g"
      }
    ],
    "nutritionUnitText": "Näringsvärde per 100 gram",
    "categories": {
      "mainCategory": "Bröd & Kakor",
      "subCategories": [
        {
          "name": "Matbröd",
          "subSubCategories": [
            "Mörkt & Grovt bröd",
            "Mörkt styckpackat bröd"
          ]
        }
      ]
    }
  },
  {
    "name": "Tacobröd Tortilla Glutenfri 6-p Old el Paso",
    "weightText": "0.216 kg",
    "caPart": "",
    "weightValue": 0.216,
    "weightUnit": "kg",
    "comparePrice": "141,20 kr/kg",
    "currentPrice": 30.5,
    "attributes": [
      "Glutenfritt"
    ],
    "imgUrl": "https://handlaprivatkund.ica.se/images-v3/bf7a00ca-390e-4769-865f-dc369586872e/203e6e72-b87b-4308-8766-718da044cdb0/500x500.jpg",
    "productInformation": "",
    "countryText": "",
    "companyText": "Old el Paso",
    "ingrediensText": "Ingredienser: Tapiokastärkelse (53 %), vatten, vitt majsmjöl (8 %), stabiliseringsmedel (glycerol, xantangummi), quinoamjöl (4 %), amaranthmjöl, emulgeringsmedel (mono- och diglycerider av fettsyror), salt.",
    "storage": "",
    "allergens": "",
    "usage": "",
    "nutrition": [
      {
        "Näringsvärde": "Energi (kcal)",
        "100 Gram": "268 kcal"
      },
      {
        "Näringsvärde": "Energi (kJ)",
        "100 Gram": "1136 kJ"
      },
      {
        "Näringsvärde": "Fett",
        "100 Gram": "2.2 g"
      },
      {
        "Näringsvärde": "Varav mättat fett",
        "100 Gram": "0.7 g"
      },
      {
        "Näringsvärde": "Kolhydrat",
        "100 Gram": "58 g"
      },
      {
        "Näringsvärde": "Varav sockerarter",
        "100 Gram": "0.3 g"
      },
      {
        "Näringsvärde": "Fiber",
        "100 Gram": "3.8 g"
      },
      {
        "Näringsvärde": "Protein",
        "100 Gram": "1.9 g"
      },
      {
        "Näringsvärde": "Salt",
        "100 Gram": "1.31 g"
      }
    ],
    "nutritionUnitText": "Näringsvärde per 100 gram",
    "categories": {
      "mainCategory": "Bröd & Kakor",
      "subCategories": [
        {
          "name": "Glutenfritt bröd & Kakor",
          "subSubCategories": [
            "Glutenfria maträttsbröd"
          ]
        }
      ]
    }
  },
  {
    "name": "Kardemummaskorpor 225g ICA",
    "weightText": "0.225 kg",
    "caPart": "",
    "weightValue": 0.225,
    "weightUnit": "kg",
    "comparePrice": "70,89 kr/kg",
    "currentPrice": 15.95,
    "attributes": [
      "Från Sverige"
    ],
    "imgUrl": "https://handlaprivatkund.ica.se/images-v3/bf7a00ca-390e-4769-865f-dc369586872e/05fe7ab1-b1e6-4418-981b-760c61db5a04/500x500.jpg",
    "productInformation": "ICA Kardemummaskorpor är goda och spröda skorpor kryddade med kardemumma som passar perfekt till testunden.",
    "countryText": "",
    "companyText": "ICA",
    "ingrediensText": "VETEMJÖL*, vatten, socker*, vegetabilisk olja (raps), jäst, kardemumma 0,8%, salt. *Ursprung Sverige",
    "storage": "",
    "allergens": "",
    "usage": "",
    "nutrition": [
      {
        "Näringsvärde": "Energi (kcal)",
        "100 Gram": "420 kcal"
      },
      {
        "Näringsvärde": "Energi (kJ)",
        "100 Gram": "1750 kJ"
      },
      {
        "Näringsvärde": "Fett",
        "100 Gram": "8.9 g"
      },
      {
        "Näringsvärde": "Varav mättat fett",
        "100 Gram": "1.2 g"
      },
      {
        "Näringsvärde": "Kolhydrat",
        "100 Gram": "70 g"
      },
      {
        "Näringsvärde": "Varav sockerarter",
        "100 Gram": "11 g"
      },
      {
        "Näringsvärde": "Fiber",
        "100 Gram": "4.1 g"
      },
      {
        "Näringsvärde": "Protein",
        "100 Gram": "10 g"
      },
      {
        "Näringsvärde": "Salt",
        "100 Gram": "0.9 g"
      }
    ],
    "nutritionUnitText": "Näringsvärde per 100 gram",
    "categories": {
      "mainCategory": "Bröd & Kakor",
      "subCategories": [
        {
          "name": "Knäckebröd & Skorpor",
          "subSubCategories": [
            "Skorpor"
          ]
        }
      ]
    }
  },
  {
    "name": "Majskakor ost 125 g ICA",
    "weightText": "0.125 kg",
    "caPart": "",
    "weightValue": 0.125,
    "weightUnit": "kg",
    "comparePrice": "143,60 kr/kg",
    "currentPrice": 17.95,
    "attributes": [],
    "imgUrl": "https://handlaprivatkund.ica.se/images-v3/bf7a00ca-390e-4769-865f-dc369586872e/c291e836-a12c-4bac-a450-4577b2258a28/500x500.jpg",
    "productInformation": "",
    "countryText": "",
    "companyText": "ICA",
    "ingrediensText": "Majs* 78%, rapsolja, kryddblandning 9,8% (vasslepulver (från MJÖLK), ostpulver (från MJÖLK), salt, jästextrakt (jästextrakt, salt, solrosfröolja), arom (MJÖLK), syra (E270, E327), extrakt av gurkmeja, färgämne (E160c)). Kan innehålla spår av soja och sesamfrö. *Ursprung EU.",
    "storage": "Förvaras torrt, ej över normal rumstemperatur.",
    "allergens": "",
    "usage": "",
    "nutrition": [
      {
        "Näringsvärde": "Energi (kcal)",
        "100 Gram": "442 kcal"
      },
      {
        "Näringsvärde": "Energi (kJ)",
        "100 Gram": "1862 kJ"
      },
      {
        "Näringsvärde": "Fett",
        "100 Gram": "14 g"
      },
      {
        "Näringsvärde": "Varav mättat fett",
        "100 Gram": "1.6 g"
      },
      {
        "Näringsvärde": "Kolhydrat",
        "100 Gram": "71 g"
      },
      {
        "Näringsvärde": "Varav sockerarter",
        "100 Gram": "4.7 g"
      },
      {
        "Näringsvärde": "Fiber",
        "100 Gram": "1.8 g"
      },
      {
        "Näringsvärde": "Protein",
        "100 Gram": "7.2 g"
      },
      {
        "Näringsvärde": "Salt",
        "100 Gram": "1.6 g"
      }
    ],
    "nutritionUnitText": "Näringsvärde per 100 gram",
    "categories": {
      "mainCategory": "Bröd & Kakor",
      "subCategories": [
        {
          "name": "Knäckebröd & Skorpor",
          "subSubCategories": [
            "Riskakor"
          ]
        }
      ]
    }
  },
  {
    "name": "Hamburgerbröd Brioche 4-p 200g ICA",
    "weightText": "0.2 kg",
    "caPart": "",
    "weightValue": 0.2,
    "weightUnit": "kg",
    "comparePrice": "114,75 kr/kg",
    "currentPrice": 22.95,
    "attributes": [],
    "imgUrl": "https://handlaprivatkund.ica.se/images-v3/bf7a00ca-390e-4769-865f-dc369586872e/1577d5bf-f025-47fb-83ca-d5b8c0011be7/500x500.jpg",
    "productInformation": "Franskt hamburgerbröd Brioche bakat med ägg och smör.",
    "countryText": "",
    "companyText": "ICA",
    "ingrediensText": "VETEMJÖL*, ÄGG** 18%, socker, rapsolja, SKUMMJÖLKSPULVER, jäst, koncentrerat SMÖR** 1,4%, naturlig arom (innehåller etylalkohol), emulgeringsmedel (E471), salt, VETEGLUTEN, deaktiverad jäst, MJÖLKPROTEIN, färgämne (E160a), acerolajuicepulver. Kan innehålla spår av soja och sesamfrön. *Ursprung Frankrike. **Ursprung EU/Storbritannien.",
    "storage": "Förvaras torrt och svalt, ej över normal rums- . temperatur.",
    "allergens": "",
    "usage": "",
    "nutrition": [
      {
        "Näringsvärde": "Energi (kcal)",
        "100 Gram": "339 kcal"
      },
      {
        "Näringsvärde": "Energi (kJ)",
        "100 Gram": "1429 kJ"
      },
      {
        "Näringsvärde": "Fett",
        "100 Gram": "9.7 g"
      },
      {
        "Näringsvärde": "Varav mättat fett",
        "100 Gram": "2.5 g"
      },
      {
        "Näringsvärde": "Kolhydrat",
        "100 Gram": "52 g"
      },
      {
        "Näringsvärde": "Varav sockerarter",
        "100 Gram": "9.9 g"
      },
      {
        "Näringsvärde": "Fiber",
        "100 Gram": "2.4 g"
      },
      {
        "Näringsvärde": "Protein",
        "100 Gram": "9.8 g"
      },
      {
        "Näringsvärde": "Salt",
        "100 Gram": "1.1 g"
      }
    ],
    "nutritionUnitText": "Näringsvärde per 100 gram",
    "categories": {
      "mainCategory": "Bröd & Kakor",
      "subCategories": [
        {
          "name": "Korvbröd, Hamburgerbröd & Maträttsbröd",
          "subSubCategories": [
            "Hamburgerbröd"
          ]
        }
      ]
    }
  },
  {
    "name": "Korvbröd Fiber & Fullkorn 300g Korvbrödsbagarn",
    "weightText": "0.3 kg",
    "caPart": "",
    "weightValue": 0.3,
    "weightUnit": "kg",
    "comparePrice": "86,50 kr/kg",
    "currentPrice": 25.95,
    "attributes": [
      "Från Sverige",
      "Nyckelhålet"
    ],
    "imgUrl": "https://handlaprivatkund.ica.se/images-v3/bf7a00ca-390e-4769-865f-dc369586872e/91bcc358-ea01-4a5c-a107-846caa7023eb/500x500.jpg",
    "productInformation": "Korvbröd rikt på fiber & fullkorn och med låg sockermängd. Ett gott och mjukt bröd som ger en längre mättnadskänsla.",
    "countryText": "",
    "companyText": "Korvbrödsbagarn",
    "ingrediensText": "INGREDIENSER: Vatten, VETEMJÖL, FULLKORNSVETEMJÖL, invertsocker, groddat HAVREMJÖL (3,5%), rapsolja, VETEKLI, jäst, VETEGLUTEN, vegetabilisk fiber (potatis, psyllium, HAVRE), salt, fermenterat VETEMJÖL, maltmjöl av KORN, vegetabiliskt emulgeringsmedel (E471), mjölbehandlingsmedel (E300).Brödet innehåller 24% fullkorn. Kan innehålla spår av sesamfrö.",
    "storage": "Upptinad produkt lagras i rumstemperatur",
    "allergens": "",
    "usage": "",
    "nutrition": [
      {
        "Näringsvärde": "Energi (kcal)",
        "100 Gram": "265 kcal"
      },
      {
        "Näringsvärde": "Energi (kJ)",
        "100 Gram": "1115 kJ"
      },
      {
        "Näringsvärde": "Fett",
        "100 Gram": "5 g"
      },
      {
        "Näringsvärde": "Varav mättat fett",
        "100 Gram": "0.6 g"
      },
      {
        "Näringsvärde": "Kolhydrat",
        "100 Gram": "43 g"
      },
      {
        "Näringsvärde": "Varav sockerarter",
        "100 Gram": "4.5 g"
      },
      {
        "Näringsvärde": "Fiber",
        "100 Gram": "6.5 g"
      },
      {
        "Näringsvärde": "Protein",
        "100 Gram": "9.6 g"
      },
      {
        "Näringsvärde": "Salt",
        "100 Gram": "0.85 g"
      }
    ],
    "nutritionUnitText": "Näringsvärde per 100 gram",
    "categories": {
      "mainCategory": "Bröd & Kakor",
      "subCategories": [
        {
          "name": "Korvbröd, Hamburgerbröd & Maträttsbröd",
          "subSubCategories": [
            "Korvbröd"
          ]
        }
      ]
    }
  },
  {
    "name": "Sandwich Chives 37g Wasa",
    "weightText": "0.037 kg",
    "caPart": "",
    "weightValue": 0.037,
    "weightUnit": "kg",
    "comparePrice": "256,76 kr/kg",
    "currentPrice": 9.5,
    "attributes": [],
    "imgUrl": "https://handlaprivatkund.ica.se/images-v3/bf7a00ca-390e-4769-865f-dc369586872e/bfc20762-bb2e-464b-8b82-83182b58b1af/500x500.jpg",
    "productInformation": "Wasa Sandwich Chives är ett gott knäckebröd med fyllning gjord av ost och gräslök. Det är en fräsch knäckemacka med en smak som för tankarna till sommaren. Brödet består av rågknäcke med mycket fullkorn och kostfiber. Våra färdiga knäckebröd med krämig fyllning kommer i smidiga portionsförpackningar som du enkelt kan ta med dig. Avnjut detta mellanmål även om du är på språng. Förpackningen innehåller två halvor av vårt fullkornsknäckebröd med krämig fyllning med smak av gräslök. Wasa Sandwich Chives är 100% klimatkompenserad.",
    "countryText": "",
    "companyText": "Wasa",
    "ingrediensText": "INGREDIENSER: RÅGknäckebröd (fullkornsRÅGmjöl 50%, RÅGmjöl 19%, jäst, salt), ostfyllning 36,5% (rapsolja, maltodextrin, ostpulver 8,3% (MJÖLK), sheasmör, KÄRNMJÖLKSpulver, arom (MJÖLK), torkad gräslök 0,3%). Kan innehålla spår av SESAMFRÖN, SOJA, LUPIN, SELLERI och SENAP.",
    "storage": "Förvaras torrt och mörkt.",
    "allergens": "Kan innehålla Sesamfrön Kan innehålla Lupin Innehåller Spannmål som innehåller gluten Kan innehålla Sojabönor Innehåller Mjölk",
    "usage": "",
    "nutrition": [
      {
        "Näringsvärde": "Energi (kcal)",
        "100 Gram": "472 kcal"
      },
      {
        "Näringsvärde": "Energi (kJ)",
        "100 Gram": "1970 kJ"
      },
      {
        "Näringsvärde": "Fett",
        "100 Gram": "24 g"
      },
      {
        "Näringsvärde": "Varav mättat fett",
        "100 Gram": "8.5 g"
      },
      {
        "Näringsvärde": "Kolhydrat",
        "100 Gram": "49 g"
      },
      {
        "Näringsvärde": "Varav sockerarter",
        "100 Gram": "2 g"
      },
      {
        "Näringsvärde": "Fiber",
        "100 Gram": "12 g"
      },
      {
        "Näringsvärde": "Protein",
        "100 Gram": "9 g"
      },
      {
        "Näringsvärde": "Salt",
        "100 Gram": "1.3 g"
      }
    ],
    "nutritionUnitText": "Näringsvärde per 100 gram",
    "categories": {
      "mainCategory": "Bröd & Kakor",
      "subCategories": [
        {
          "name": "Knäckebröd & Skorpor",
          "subSubCategories": [
            "Knäckebröd",
            "Knäcke med pålägg"
          ]
        }
      ]
    }
  },
  {
    "name": "Guld Marie 200g Göteborgs",
    "weightText": "0.2 kg",
    "caPart": "",
    "weightValue": 0.2,
    "weightUnit": "kg",
    "comparePrice": "64,75 kr/kg",
    "currentPrice": 12.95,
    "attributes": [],
    "imgUrl": "https://handlaprivatkund.ica.se/images-v3/bf7a00ca-390e-4769-865f-dc369586872e/fb00b704-1dff-49d1-8188-476b17508c8d/500x500.jpg",
    "productInformation": "Våra klassiska mariekex, Guld Marie, har bakats ända sedan Göteborgs Kex startades år 1888. Det är Göteborgs Kex äldsta produkt, länge var det också den största. Än idag har Guld Marie en speciell plats i mångas hjärtan. Möra, spröda och underbart goda mördegskex bakade av vetemjöl. Perfekt till utflykten eller fikapausen. Bakade utan palmolja.",
    "countryText": "",
    "companyText": "Göteborgs",
    "ingrediensText": "Ingredienser: VETEMJÖL/HVEDEMEL, socker, solrosolja/solsikkeolie, glukos-fruktossirap, bakpulver/hævemiddel (natriumbikarbonat E500, hjorthornssalt E503), salt, aromer.",
    "storage": "",
    "allergens": "",
    "usage": "",
    "nutrition": [
      {
        "Näringsvärde": "Energi (kcal)",
        "100 Gram": "460 kcal"
      },
      {
        "Näringsvärde": "Energi (kJ)",
        "100 Gram": "1950 kJ"
      },
      {
        "Näringsvärde": "Fett",
        "100 Gram": "14 g"
      },
      {
        "Näringsvärde": "Varav mättat fett",
        "100 Gram": "1.1 g"
      },
      {
        "Näringsvärde": "Kolhydrat",
        "100 Gram": "75 g"
      },
      {
        "Näringsvärde": "Varav sockerarter",
        "100 Gram": "19 g"
      },
      {
        "Näringsvärde": "Fiber",
        "100 Gram": "2.8 g"
      },
      {
        "Näringsvärde": "Protein",
        "100 Gram": "8.4 g"
      },
      {
        "Näringsvärde": "Salt",
        "100 Gram": "1.1 g"
      }
    ],
    "nutritionUnitText": "Näringsvärde per 100 gram",
    "categories": {
      "mainCategory": "Bröd & Kakor",
      "subCategories": [
        {
          "name": "Kaffebröd",
          "subSubCategories": [
            "Kex & kakor",
            "Söta kex & Kakor",
            "Söta kex"
          ]
        }
      ]
    }
  },
  {
    "name": "Knäckebröd Falu Råg-Rut 235g Wasa",
    "weightText": "0.235 kg",
    "caPart": "",
    "weightValue": 0.235,
    "weightUnit": "kg",
    "comparePrice": "63,62 kr/kg",
    "currentPrice": 14.95,
    "attributes": [
      "Nyckelhålet"
    ],
    "imgUrl": "https://handlaprivatkund.ica.se/images-v3/bf7a00ca-390e-4769-865f-dc369586872e/f3ede8fd-3782-4808-9e75-d3b3bbd20097/500x500.jpg",
    "productInformation": "Wasa Knäckebröd Falu Råg-rut är vår klassiker som finns i många svenska hem. Detta rågknäcke med 100% fullkorn är bakat på fullkornsmjöl av råg. Falu Rågrut består av lätta och frasiga luftkuddar som kan brytas var för sig och användas som frukostflingor eller i soppan. Dela rågknäckebrödet på mitten om du vill få två knäckemackor. Wasa fullkornsknäckebröd innehåller mycket kostfiber och är 100% klimatkompenserat. Avnjut ett knäckebröd av kuddar för ett krispigt och smakrikt mellanmål.",
    "countryText": "",
    "companyText": "Wasa",
    "ingrediensText": "Ingredienser: FullkornsRÅGmjöl 105 g*, jäst, salt, mältat KORN. *i g per 100 g produkt.",
    "storage": "",
    "allergens": "",
    "usage": "",
    "nutrition": [
      {
        "Näringsvärde": "Energi (kcal)",
        "100 Gram": "332 kcal"
      },
      {
        "Näringsvärde": "Energi (kJ)",
        "100 Gram": "1397 kJ"
      },
      {
        "Näringsvärde": "Fett",
        "100 Gram": "1.5 g"
      },
      {
        "Näringsvärde": "Varav mättat fett",
        "100 Gram": "0.3 g"
      },
      {
        "Näringsvärde": "Kolhydrat",
        "100 Gram": "60 g"
      },
      {
        "Näringsvärde": "Varav sockerarter",
        "100 Gram": "1 g"
      },
      {
        "Näringsvärde": "Fiber",
        "100 Gram": "20 g"
      },
      {
        "Näringsvärde": "Protein",
        "100 Gram": "9.5 g"
      },
      {
        "Näringsvärde": "Salt",
        "100 Gram": "1.2 g"
      }
    ],
    "nutritionUnitText": "Näringsvärde per 100 gram",
    "categories": {
      "mainCategory": "Bröd & Kakor",
      "subCategories": [
        {
          "name": "Knäckebröd & Skorpor",
          "subSubCategories": [
            "Knäckebröd",
            "Mörkt knäckebröd"
          ]
        }
      ]
    }
  },
  {
    "name": "Knäckebröd Din Stund Chia & Havssalt 260g Wasa",
    "weightText": "0.26 kg",
    "caPart": "",
    "weightValue": 0.26,
    "weightUnit": "kg",
    "comparePrice": "103,65 kr/kg",
    "currentPrice": 26.95,
    "attributes": [
      "Nyckelhålet"
    ],
    "imgUrl": "https://handlaprivatkund.ica.se/images-v3/bf7a00ca-390e-4769-865f-dc369586872e/7324991e-b37a-4a3d-adb4-051b51ec1853/500x500.jpg",
    "productInformation": "Wasa Knäckebröd Din Stund Chia & Havssalt är ett gott och krispigt knäcke gjort på fullkornsrågmjöl. Njut av detta chiaknäckebröd med havssalt när du har en stund för dig själv. Förutom en ljuvlig rund smak och mycket kostfiber får du en harmonisk stund. Ett runt knäckebröd kan enkelt brytas i så stora bitar du vill ha. Använd hårdbrödet som krutonger eller servera till ostbrickan. Chiafrön ger detta fiberknäckebröd en nötig smak som lyfter ditt påläggs smaker. Wasa Knäckebröd Din Stund Chia & Havssalt är 100% klimatkompenserat.",
    "countryText": "",
    "companyText": "Wasa",
    "ingrediensText": "Ingredienser: FullkornsRÅGmjöl 100 g*, chiafrön (Salvia hispanica) 5,0 g*, jäst, havssalt 0,6 g*, salt. *g för 100 g produkt.",
    "storage": "",
    "allergens": "",
    "usage": "",
    "nutrition": [
      {
        "Näringsvärde": "Energi (kcal)",
        "100 Gram": "350 kcal"
      },
      {
        "Näringsvärde": "Energi (kJ)",
        "100 Gram": "1472 kJ"
      },
      {
        "Näringsvärde": "Fett",
        "100 Gram": "4 g"
      },
      {
        "Näringsvärde": "Varav mättat fett",
        "100 Gram": "0.5 g"
      },
      {
        "Näringsvärde": "Kolhydrat",
        "100 Gram": "58 g"
      },
      {
        "Näringsvärde": "Varav sockerarter",
        "100 Gram": "0.5 g"
      },
      {
        "Näringsvärde": "Fiber",
        "100 Gram": "21 g"
      },
      {
        "Näringsvärde": "Protein",
        "100 Gram": "10 g"
      },
      {
        "Näringsvärde": "Salt",
        "100 Gram": "1.2 g"
      },
      {
        "Näringsvärde": "Järn",
        "100 Gram": "3 mg",
        "% av DRI(*)": "21"
      }
    ],
    "nutritionUnitText": "Näringsvärde per 100 gram",
    "categories": {
      "mainCategory": "Bröd & Kakor",
      "subCategories": [
        {
          "name": "Knäckebröd & Skorpor",
          "subSubCategories": [
            "Knäckebröd",
            "Mörkt knäckebröd"
          ]
        }
      ]
    }
  },
  {
    "name": "Trekant Frön Havssalt 200g Leksands Knäcke",
    "weightText": "0.2 kg",
    "caPart": "",
    "weightValue": 0.2,
    "weightUnit": "kg",
    "comparePrice": "99,75 kr/kg",
    "currentPrice": 19.95,
    "attributes": [
      "Från Sverige",
      "Nyckelhålet"
    ],
    "imgUrl": "https://handlaprivatkund.ica.se/images-v3/bf7a00ca-390e-4769-865f-dc369586872e/ec1f8402-8eaf-4a44-bb13-d031d10cc0e5/500x500.jpg",
    "productInformation": "",
    "countryText": "",
    "companyText": "Leksands Knäcke",
    "ingrediensText": "Ingredienser: FULLKORNSRÅGMJÖL/FULLKORNSRUGMEL/FULDKORNSRUGMEL**, vatten/vann/vand**, bruna linfrön/brune linfrø** 4%, hirsfrön/hirsefrø 4%, rostade rapsfrön/ristede rapsfrø**4%, havssalt 1,2%, jäst/gjær/gær**, KAN INNEHÅLLA SPÅR AV SOJA, SENAP/KAN INDEHOLDESPOR AF SOJA, SENNEP. **Från Sverige",
    "storage": "",
    "allergens": "",
    "usage": "Torrt och mörkt",
    "nutrition": [
      {
        "Näringsvärde": "Energi (kcal)",
        "100 Gram": "360 kcal"
      },
      {
        "Näringsvärde": "Energi (kJ)",
        "100 Gram": "1500 kJ"
      },
      {
        "Näringsvärde": "Fett",
        "100 Gram": "3.9 g"
      },
      {
        "Näringsvärde": "Varav mättat fett",
        "100 Gram": "0.6 g"
      },
      {
        "Näringsvärde": "Kolhydrat",
        "100 Gram": "63 g"
      },
      {
        "Näringsvärde": "Varav sockerarter",
        "100 Gram": "0.4 g"
      },
      {
        "Näringsvärde": "Fiber",
        "100 Gram": "15.5 g"
      },
      {
        "Näringsvärde": "Protein",
        "100 Gram": "10 g"
      },
      {
        "Näringsvärde": "Salt",
        "100 Gram": "1.2 g"
      }
    ],
    "nutritionUnitText": "Näringsvärde per 100 gram",
    "categories": {
      "mainCategory": "Bröd & Kakor",
      "subCategories": [
        {
          "name": "Knäckebröd & Skorpor",
          "subSubCategories": [
            "Knäckebröd",
            "Mörkt knäckebröd"
          ]
        }
      ]
    }
  },
  {
    "name": "Minibaguetter 300g ICA Basic",
    "weightText": "0.3 kg",
    "caPart": "",
    "weightValue": 0.3,
    "weightUnit": "kg",
    "comparePrice": "33,17 kr/kg",
    "currentPrice": 9.95,
    "attributes": [],
    "imgUrl": "https://handlaprivatkund.ica.se/images-v3/bf7a00ca-390e-4769-865f-dc369586872e/9d99f8a1-992a-4376-9646-8e9f73453121/500x500.jpg",
    "productInformation": "ICA Basic minibaguetter är nygräddade efter 8–10 minuter i ugnen.",
    "countryText": "",
    "companyText": "ICA Basic",
    "ingrediensText": "VETEMJÖL*, vatten, jäst, joderat salt, mältat VETEMJÖL, mjölbehandlingsmedel (E300), enzymer (VETE). Kan innehålla spår av mjölk, soja och sesamfrön. *Ursprung EU.",
    "storage": "Förvaras torrt, ej över normal rumstemperatur. Öppnad förpackning förvaras i kyla (max +8°C). Kan förvaras max 1 dygn i kylskåp efter öppnandet. Förpackad i en skyddande atmosfär.",
    "allergens": "",
    "usage": "",
    "nutrition": [
      {
        "Näringsvärde": "Energi (kcal)",
        "100 Gram": "255 kcal"
      },
      {
        "Näringsvärde": "Energi (kJ)",
        "100 Gram": "1078 kJ"
      },
      {
        "Näringsvärde": "Fett",
        "100 Gram": "1.3 g"
      },
      {
        "Näringsvärde": "Varav mättat fett",
        "100 Gram": "0.5 g"
      },
      {
        "Näringsvärde": "Kolhydrat",
        "100 Gram": "51 g"
      },
      {
        "Näringsvärde": "Varav sockerarter",
        "100 Gram": "3 g"
      },
      {
        "Näringsvärde": "Fiber",
        "100 Gram": "2.6 g"
      },
      {
        "Näringsvärde": "Protein",
        "100 Gram": "8.3 g"
      },
      {
        "Näringsvärde": "Salt",
        "100 Gram": "1.1 g"
      }
    ],
    "nutritionUnitText": "Näringsvärde per 100 gram",
    "categories": {
      "mainCategory": "Bröd & Kakor",
      "subCategories": [
        {
          "name": "Matbröd",
          "subSubCategories": [
            "Grädda hemma"
          ]
        }
      ]
    }
  },
  {
    "name": "Pärlan Vetekaka 600g Polarbröd",
    "weightText": "0.6 kg",
    "caPart": "",
    "weightValue": 0.6,
    "weightUnit": "kg",
    "comparePrice": "54,17 kr/kg",
    "currentPrice": 32.5,
    "attributes": [
      "Från Sverige",
      "Ursprungsland Sverige"
    ],
    "imgUrl": "https://handlaprivatkund.ica.se/images-v3/bf7a00ca-390e-4769-865f-dc369586872e/a19621c3-b570-4161-97a4-c2960184ca58/500x500.jpg",
    "productInformation": "Ett fluffigt, matigt och gyllengräddat bröd från Polarbröd.",
    "countryText": "Sverige",
    "companyText": "Polarbröd",
    "ingrediensText": "Ingredienser: VETEmjöl¹, vatten, socker¹, rapsolja¹, fermenterat VETEmjöl, jäst¹, VETEGLUTEN, salt, HAVREfiber, vegetabiliskt emulgeringsmedel (mono- och diglycerider av fettsyror, mono- och diglyceriders mono- och diacetylvinsyraestrar), bakpulver (hjorthornssalt), maltmjöl (KORN). 1Ursprungsland: Sverige.",
    "storage": "Frys gärna in en del av bröden hemma och ta fram efter behov, så maxar du njutningen och minskar svinnet på en och samma gång. Lägsta förvaringstemperatur 15°C Högsta förvaringstemperatur 25°C",
    "allergens": "",
    "usage": "",
    "nutrition": [
      {
        "Näringsvärde": "Energi (kcal)",
        "100 Gram": "270 kcal"
      },
      {
        "Näringsvärde": "Energi (kJ)",
        "100 Gram": "1100 kJ"
      },
      {
        "Näringsvärde": "Fett",
        "100 Gram": "3.5 g"
      },
      {
        "Näringsvärde": "Varav mättat fett",
        "100 Gram": "0.7 g"
      },
      {
        "Näringsvärde": "Kolhydrat",
        "100 Gram": "48 g"
      },
      {
        "Näringsvärde": "Varav sockerarter",
        "100 Gram": "7.9 g"
      },
      {
        "Näringsvärde": "Fiber",
        "100 Gram": "2.9 g"
      },
      {
        "Näringsvärde": "Protein",
        "100 Gram": "8.1 g"
      },
      {
        "Näringsvärde": "Salt",
        "100 Gram": "0.6 g"
      }
    ],
    "nutritionUnitText": "Näringsvärde per 100 gram",
    "categories": {
      "mainCategory": "Bröd & Kakor",
      "subCategories": [
        {
          "name": "Matbröd",
          "subSubCategories": [
            "Mjukt tunnbröd & Vetekakor",
            "Vetekakor"
          ]
        }
      ]
    }
  },
  {
    "name": "Surdegsbaguette 250g ICA",
    "weightText": "0.25 kg",
    "caPart": "",
    "weightValue": 0.25,
    "weightUnit": "kg",
    "comparePrice": "59,80 kr/kg",
    "currentPrice": 14.95,
    "attributes": [],
    "imgUrl": "https://handlaprivatkund.ica.se/images-v3/bf7a00ca-390e-4769-865f-dc369586872e/75c134ea-b8aa-41ee-8644-937860004dab/500x500.jpg",
    "productInformation": "ICA Surdegsbaguett är nygräddade efter 8–10 minuter i ugnen.",
    "countryText": "",
    "companyText": "ICA",
    "ingrediensText": "VETEMJÖL, vatten, RÅGMJÖL, VETESURDEG, 2%, salt, jäst, VETEGLUTEN, rismjöl, VETEGRODDAR, VETEMALT.",
    "storage": "Oöppnad förpacking förvaras i rumstemperatur. Öppnad förpackning försluts och förvaras i kylskåp +8°C i max två dygn. Lägsta förvaringstemperatur 5°C Högsta förvaringstemperatur 25°C",
    "allergens": "Innehåller Spannmål som innehåller gluten Kan innehålla Sesamfrön Kan innehålla Mjölk Kan innehålla Nötter (eng: tree nuts) Kan innehålla Senap Kan innehålla Lupin",
    "usage": "",
    "nutrition": [
      {
        "Näringsvärde": "Energi (kcal)",
        "100 Gram": "240 kcal"
      },
      {
        "Näringsvärde": "Energi (kJ)",
        "100 Gram": "1000 kJ"
      },
      {
        "Näringsvärde": "Fett",
        "100 Gram": "0.5 g"
      },
      {
        "Näringsvärde": "Varav mättat fett",
        "100 Gram": "0.5 g"
      },
      {
        "Näringsvärde": "Kolhydrat",
        "100 Gram": "48 g"
      },
      {
        "Näringsvärde": "Varav sockerarter",
        "100 Gram": "2.6 g"
      },
      {
        "Näringsvärde": "Fiber",
        "100 Gram": "3.5 g"
      },
      {
        "Näringsvärde": "Protein",
        "100 Gram": "8.1 g"
      },
      {
        "Näringsvärde": "Salt",
        "100 Gram": "0.9 g"
      }
    ],
    "nutritionUnitText": "",
    "categories": {
      "mainCategory": "Bröd & Kakor",
      "subCategories": [
        {
          "name": "Matbröd",
          "subSubCategories": [
            "Grädda hemma"
          ]
        }
      ]
    }
  },
  {
    "name": "Original 200g Finn Crisp",
    "weightText": "0.2 kg",
    "caPart": "",
    "weightValue": 0.2,
    "weightUnit": "kg",
    "comparePrice": "69,75 kr/kg",
    "currentPrice": 13.95,
    "attributes": [],
    "imgUrl": "https://handlaprivatkund.ica.se/images-v3/bf7a00ca-390e-4769-865f-dc369586872e/164f8c11-377a-4d76-90ad-cd3d27f0dda4/500x500.jpg",
    "productInformation": "Krispiga, tunna knäckebröd bakade på fullkornsmjöl av råg. Passar lika bra till vardagens mellanmål som till helgens kalas och ostbrickor.",
    "countryText": "",
    "companyText": "Finn Crisp",
    "ingrediensText": "FullkornsRÅGmjöl, surdeg 25 % (fullkornsRÅGmjöl, vatten), salt och jäst. Innehåller 95 % fullkornsråg. Kan innehålla spår av sesamfrön.",
    "storage": "Förvaras torrt",
    "allergens": "Kan innehålla spår av Sesamfrön.",
    "usage": "",
    "nutrition": [
      {
        "Näringsvärde": "Energi (kcal)",
        "6 Gram": "21 kcal"
      },
      {
        "Näringsvärde": "Energi (kJ)",
        "6 Gram": "88 kJ"
      },
      {
        "Näringsvärde": "Fett",
        "6 Gram": "0.5 g"
      },
      {
        "Näringsvärde": "Varav mättat fett",
        "6 Gram": "0.1 g"
      },
      {
        "Näringsvärde": "Kolhydrat",
        "6 Gram": "3.7 g"
      },
      {
        "Näringsvärde": "Varav sockerarter",
        "6 Gram": "0.5 g"
      },
      {
        "Näringsvärde": "Fiber",
        "6 Gram": "1.2 g"
      },
      {
        "Näringsvärde": "Protein",
        "6 Gram": "0.6 g"
      },
      {
        "Näringsvärde": "Salt",
        "6 Gram": "0 g"
      }
    ],
    "nutritionUnitText": "Näringsvärde per 6 gram",
    "categories": {
      "mainCategory": "Bröd & Kakor",
      "subCategories": [
        {
          "name": "Knäckebröd & Skorpor",
          "subSubCategories": [
            "Knäckebröd",
            "Mörkt knäckebröd"
          ]
        }
      ]
    }
  },
  {
    "name": "Tunnbröd Njalla 250g Polarbröd",
    "weightText": "0.25 kg",
    "caPart": "",
    "weightValue": 0.25,
    "weightUnit": "kg",
    "comparePrice": "83,80 kr/kg",
    "currentPrice": 20.95,
    "attributes": [
      "Från Sverige",
      "Ursprungsland Sverige"
    ],
    "imgUrl": "https://handlaprivatkund.ica.se/images-v3/bf7a00ca-390e-4769-865f-dc369586872e/383cabc9-3c9e-4d2c-b854-5dc86068302d/500x500.jpg",
    "productInformation": "Polarbröds Njalla är det mjuka, mättande tunnbrödet som vunnit mångas hjärtan. Älskat för sin goda smak och härliga konsistens som får pålägget att smaka ännu bättre. Njalla fungerar lika bra till frukost och mellanmål som till kvällsfikat. Självklart också på skolutflykten och i picknickkorgen.",
    "countryText": "Sverige",
    "companyText": "Polarbröd",
    "ingrediensText": "Ingredienser: VETEmjöl, vatten, socker, VETEGLUTEN, sirap, rapsolja, salt, surdegspulver (RÅG), vegetabiliskt emulgeringsmedel (mono- och diglycerider av fettsyror, mono- och diglyceriders mono- och diacetylvinsyraestrar), bakpulver (hjorthornssalt), jäst, maltmjöl (KORN). Bakat i Norrland.",
    "storage": "Frys gärna in en del av bröden hemma och ta fram efter behov, så maxar du njutningen och minskar svinnet på en och samma gång.",
    "allergens": "",
    "usage": "Vi fryser vårt bröd så fort det kommer rykande ur ugnen, och tinar det på väg till dig. Hållbar i 7 dagar i rumstemperatur, se bäst-före-märkning på förpackningen.",
    "nutrition": [
      {
        "Näringsvärde": "Energi (kcal)",
        "100 Gram": "300 kcal"
      },
      {
        "Näringsvärde": "Energi (kJ)",
        "100 Gram": "1250 kJ"
      },
      {
        "Näringsvärde": "Fett",
        "100 Gram": "3 g"
      },
      {
        "Näringsvärde": "Varav mättat fett",
        "100 Gram": "0.6 g"
      },
      {
        "Näringsvärde": "Kolhydrat",
        "100 Gram": "56 g"
      },
      {
        "Näringsvärde": "Varav sockerarter",
        "100 Gram": "8.7 g"
      },
      {
        "Näringsvärde": "Fiber",
        "100 Gram": "2.2 g"
      },
      {
        "Näringsvärde": "Protein",
        "100 Gram": "9.9 g"
      },
      {
        "Näringsvärde": "Salt",
        "100 Gram": "0.88 g"
      }
    ],
    "nutritionUnitText": "Näringsvärde per 100 gram",
    "categories": {
      "mainCategory": "Bröd & Kakor",
      "subCategories": [
        {
          "name": "Matbröd",
          "subSubCategories": [
            "Mjukt tunnbröd & Vetekakor",
            "Mjukt tunnbröd"
          ]
        }
      ]
    }
  },
  {
    "name": "Kex Rye snack Sour creme & onion 150g Finn crisp",
    "weightText": "0.15 kg",
    "caPart": "",
    "weightValue": 0.15,
    "weightUnit": "kg",
    "comparePrice": "163,33 kr/kg",
    "currentPrice": 24.5,
    "attributes": [],
    "imgUrl": "https://handlaprivatkund.ica.se/images-v3/bf7a00ca-390e-4769-865f-dc369586872e/3e8c42ea-43f5-4d6a-9d31-e7ccb5a4cb4d/500x500.jpg",
    "productInformation": "Rye Snacks Sourcream & Onion är bakade med 100% fullkornsråg, solrosolja och toppade med kryddor. De innehåller 60% mindre fett jämfört med vanliga potatischips och perfekta till fredagsmyset, festliga tillfällen med familj och vänner, som mellanmål, med eller utan dipp eller varför inte på språng!",
    "countryText": "",
    "companyText": "Finn Crisp",
    "ingrediensText": "FullkornsRÅGmjöl 79 %, solrosolja, kryddblandning [maltodextrin, salt, druvsocker, torkad lök, naturlig arom, jästpulver, torkad persilja, jästextrakt, gräddfilspulver (MJÖLK), surhetsreglerande medel (mjölksyra, kalciumlaktat), torkad vitlök, antioxidanter (rosmarinextrakt, askorbylpalmitat)], vatten, jäst. Kan innehålla spår av sesamfrön.",
    "storage": "Förvaras torrt och mörkt. Lägsta förvaringstemperatur 15°C Högsta förvaringstemperatur 25°C",
    "allergens": "Innehåller Mjölk Kan innehålla Sesamfrön Innehåller Spannmål som innehåller gluten",
    "usage": "",
    "nutrition": [
      {
        "Näringsvärde": "Energi (kcal)",
        "100 Gram": "399 kcal"
      },
      {
        "Näringsvärde": "Energi (kJ)",
        "100 Gram": "1668 kJ"
      },
      {
        "Näringsvärde": "Fett",
        "100 Gram": "11 g"
      },
      {
        "Näringsvärde": "Varav mättat fett",
        "100 Gram": "1.1 g"
      },
      {
        "Näringsvärde": "Kolhydrat",
        "100 Gram": "57 g"
      },
      {
        "Näringsvärde": "Varav sockerarter",
        "100 Gram": "2.3 g"
      },
      {
        "Näringsvärde": "Fiber",
        "100 Gram": "17 g"
      },
      {
        "Näringsvärde": "Protein",
        "100 Gram": "9.2 g"
      },
      {
        "Näringsvärde": "Salt",
        "100 Gram": "1.4 g"
      }
    ],
    "nutritionUnitText": "Näringsvärde per 100 gram",
    "categories": {
      "mainCategory": "Bröd & Kakor",
      "subCategories": [
        {
          "name": "Knäckebröd & Skorpor",
          "subSubCategories": [
            "Knäckebröd",
            "Knäckesnacks"
          ]
        }
      ]
    }
  },
  {
    "name": "Knäckebröd Sesam Havssalt Glutenfri 240g Wasa",
    "weightText": "0.24 kg",
    "caPart": "",
    "weightValue": 0.24,
    "weightUnit": "kg",
    "comparePrice": "108,13 kr/kg",
    "currentPrice": 25.95,
    "attributes": [
      "Glutenfritt",
      "Laktosfritt"
    ],
    "imgUrl": "https://handlaprivatkund.ica.se/images-v3/bf7a00ca-390e-4769-865f-dc369586872e/2ada01dd-ebca-4185-8a1d-ab92a97ce426/500x500.jpg",
    "productInformation": "Wasa Knäckebröd Sesam & Havssalt Glutenfri är ett läckert knäcke med en delikat smak. Detta är både ett laktosfritt och glutenfritt knäckebröd, som dessutom är helt veganskt och 100% klimatkompenserat. Med en hint av havssalt samt läckert rostade sesamfrön ger det brödet en lätt nötig smak. Wasa Knäckebröd Sesam & Havssalt Glutenfri kommer i praktiska portionsförpackningar så att brödet håller sig krispigt och färskt.",
    "countryText": "",
    "companyText": "Wasa",
    "ingrediensText": "Ingredienser: Potatisstärkelse, SESAMFRÖN 9%, amarantmjöl, rismjöl, solrosolja, sockerrörfiber, socker, rissurdegspulver (rismjöl, vatten), jäst, förtjockningsmedel (hydroxipropylmetylcellulosa), emulgeringsmedel (mono- och diglycerider av fettsyror), risprotein, salt, havssalt 0,4%. Kan innehålla spår av SOJABÖNOR, SENAP och laktosfri MJÖLK.",
    "storage": "",
    "allergens": "Kan innehålla Mjölk Innehåller Sesamfrön",
    "usage": "",
    "nutrition": [
      {
        "Näringsvärde": "Energi (kcal)",
        "100 Gram": "414 kcal"
      },
      {
        "Näringsvärde": "Energi (kJ)",
        "100 Gram": "1740 kJ"
      },
      {
        "Näringsvärde": "Fett",
        "100 Gram": "12 g"
      },
      {
        "Näringsvärde": "Varav mättat fett",
        "100 Gram": "1.6 g"
      },
      {
        "Näringsvärde": "Kolhydrat",
        "100 Gram": "66 g"
      },
      {
        "Näringsvärde": "Varav sockerarter",
        "100 Gram": "2 g"
      },
      {
        "Näringsvärde": "Fiber",
        "100 Gram": "9 g"
      },
      {
        "Näringsvärde": "Protein",
        "100 Gram": "6 g"
      },
      {
        "Näringsvärde": "Salt",
        "100 Gram": "1.4 g"
      }
    ],
    "nutritionUnitText": "Näringsvärde per 100 gram",
    "categories": {
      "mainCategory": "Bröd & Kakor",
      "subCategories": [
        {
          "name": "Glutenfritt bröd & Kakor",
          "subSubCategories": [
            "Glutenfritt knäckebröd"
          ]
        }
      ]
    }
  },
  {
    "name": "Knäckebröd Falu Råg-Rut Chia & Havssalt 235g Wasa",
    "weightText": "0.235 kg",
    "caPart": "",
    "weightValue": 0.235,
    "weightUnit": "kg",
    "comparePrice": "110,43 kr/kg",
    "currentPrice": 25.95,
    "attributes": [
      "Nyckelhålet"
    ],
    "imgUrl": "https://handlaprivatkund.ica.se/images-v3/bf7a00ca-390e-4769-865f-dc369586872e/401adf21-dde0-4147-a32e-610b6f524cd1/500x500.jpg",
    "productInformation": "Knäckebrödet Falu Råg-rut är ett klassiskt knäckebröd som blivit mångas favorit. Falu Rågrut Chia & Havssalt är ett smakrikt och spännande alternativ med en rund, nötig karaktär. Vårt knäcke är bakat på fullkornsmjöl av råg med mycket fiber. Falu Rågrut Chia & Havssalt erbjuder förutom en helt ny smakupplevelse, självklart samma frasiga luftkuddar i perfekta rader. Bryt det på mitten för att få två bröd, eller använd kuddarna som krutonger i soppan eller salladen. Chiaknäcke blir en näringsrik start på dagen eller ett gott mellanmål. Wasa 100% klimatkompenserat.",
    "countryText": "",
    "companyText": "Wasa",
    "ingrediensText": "FULLKORNSRÅGMJÖL/FULLKORNSRUGMEL (101 g*), chiafrön/frø (Salvia hispanica) (3,8 g*), jäst/gjær, havssalt (0,9 g*), mältat KORN/maltet BYGG, salt. *g för/for 100 g produkt. Kan innehålla spår av SESAMFRÖN./Kan indeholde spor av SESAMFRØ.",
    "storage": "",
    "allergens": "",
    "usage": "",
    "nutrition": [
      {
        "Näringsvärde": "Energi (kcal)",
        "100 Gram": "343 kcal"
      },
      {
        "Näringsvärde": "Energi (kJ)",
        "100 Gram": "1444 kJ"
      },
      {
        "Näringsvärde": "Fett",
        "100 Gram": "3 g"
      },
      {
        "Näringsvärde": "Varav mättat fett",
        "100 Gram": "0.4 g"
      },
      {
        "Näringsvärde": "Kolhydrat",
        "100 Gram": "59 g"
      },
      {
        "Näringsvärde": "Varav sockerarter",
        "100 Gram": "1 g"
      },
      {
        "Näringsvärde": "Fiber",
        "100 Gram": "20 g"
      },
      {
        "Näringsvärde": "Protein",
        "100 Gram": "10 g"
      },
      {
        "Näringsvärde": "Salt",
        "100 Gram": "1.2 g"
      }
    ],
    "nutritionUnitText": "Näringsvärde per 100 gram",
    "categories": {
      "mainCategory": "Bröd & Kakor",
      "subCategories": [
        {
          "name": "Knäckebröd & Skorpor",
          "subSubCategories": [
            "Knäckebröd",
            "Mörkt knäckebröd"
          ]
        }
      ]
    }
  },
  {
    "name": "Korvbröd Stora Durum 8-p 400g Korvbrödsbagarn",
    "weightText": "0.4 kg",
    "caPart": "",
    "weightValue": 0.4,
    "weightUnit": "kg",
    "comparePrice": "86,25 kr/kg",
    "currentPrice": 34.5,
    "attributes": [
      "Från Sverige",
      "Ursprungsland Sverige",
      "Laktosfritt"
    ],
    "imgUrl": "https://handlaprivatkund.ica.se/images-v3/bf7a00ca-390e-4769-865f-dc369586872e/d810cb47-9f29-46cc-9986-3c3791cd74f3/500x500.jpg",
    "productInformation": "Durum korvbröd är ett lite större bröd med mycket smak. Det är bakat på durumvete och toppat med mannagryn och psylliumfrö.",
    "countryText": "Sverige",
    "companyText": "Korvbrödsbagarn",
    "ingrediensText": "Ingredienser: VETEMJÖL*, vatten*, DURUMVETEMJÖL (10%)*, invertsocker*, VETEGLUTEN, rapsolja*, potatisflingor (1,8 % DE), potatisstärkelse* (1,7%), jäst*, mannagryn (VETE)*, salt, VETESKÅLLNING*, psylliumfrön, vegetabiliskt emulgeringsmedel (E471, E481), fermenterat VETEMJÖL, arom, maltmjöl av KORN, mjölbehandlingsmedel (E300), stabiliseringsmedel (E466).Kan innehålla spår av SESAMFRÖ.*Råvaran har svenskt ursprung.",
    "storage": "Förvara i sin förpackning i rumstemperatur.",
    "allergens": "",
    "usage": "Rosta gärna innan servering.",
    "nutrition": [
      {
        "Näringsvärde": "Energi (kcal)",
        "100 Gram": "285 kcal"
      },
      {
        "Näringsvärde": "Energi (kJ)",
        "100 Gram": "1208 kJ"
      },
      {
        "Näringsvärde": "Fett",
        "100 Gram": "5.2 g"
      },
      {
        "Näringsvärde": "Varav mättat fett",
        "100 Gram": "0.9 g"
      },
      {
        "Näringsvärde": "Kolhydrat",
        "100 Gram": "48 g"
      },
      {
        "Näringsvärde": "Varav sockerarter",
        "100 Gram": "4.8 g"
      },
      {
        "Näringsvärde": "Fiber",
        "100 Gram": "2.5 g"
      },
      {
        "Näringsvärde": "Protein",
        "100 Gram": "10 g"
      },
      {
        "Näringsvärde": "Salt",
        "100 Gram": "1.37 g"
      }
    ],
    "nutritionUnitText": "Näringsvärde per 100 gram",
    "categories": {
      "mainCategory": "Bröd & Kakor",
      "subCategories": [
        {
          "name": "Korvbröd, Hamburgerbröd & Maträttsbröd",
          "subSubCategories": [
            "Korvbröd"
          ]
        }
      ]
    }
  },
  {
    "name": "Knäckebröd Runda Sesam & Havssalt 290g Wasa",
    "weightText": "0.29 kg",
    "caPart": "",
    "weightValue": 0.29,
    "weightUnit": "kg",
    "comparePrice": "91,38 kr/kg",
    "currentPrice": 26.5,
    "attributes": [],
    "imgUrl": "https://handlaprivatkund.ica.se/images-v3/bf7a00ca-390e-4769-865f-dc369586872e/95a0e488-5ddd-4c65-8551-ca80c95a01ea/500x500.jpg",
    "productInformation": "Wasa Knäckebröd Runda Sesam & Havssalt är ett ljust knäckebröd med en lätt nötig smak från de rostade sesamfröna. Det här är ett lite mindre och runt veteknäcke med mild smak, toppat med havssalt. Du kan avnjuta detta knäckebröd med frön precis som det är eller med ett gott pålägg. Wasa hårdbröd med sesamfrö och havssalt är ett ljuvligt tillbehör till lite lyxigare varor från delikatessdisken. Servera det som förrätt, till ostbrickan eller avnjut som ett mellanmål. Wasas veteknäckebröd med sesam och havssalt är 100% klimatkompenserat.",
    "countryText": "",
    "companyText": "Wasa",
    "ingrediensText": "ngredienser: VETEmjöl 87%, SESAMFRÖN 7,2%, solrosfröolja, jäst, socker, salt, havssalt 0,5%. Kan innehålla spår av LUPIN, MJÖLK, SENAP och SOJABÖNOR.",
    "storage": "",
    "allergens": "",
    "usage": "",
    "nutrition": [
      {
        "Näringsvärde": "Energi (kcal)",
        "100 Gram": "409 kcal"
      },
      {
        "Näringsvärde": "Energi (kJ)",
        "100 Gram": "1721 kJ"
      },
      {
        "Näringsvärde": "Fett",
        "100 Gram": "11 g"
      },
      {
        "Näringsvärde": "Varav mättat fett",
        "100 Gram": "1.2 g"
      },
      {
        "Näringsvärde": "Kolhydrat",
        "100 Gram": "62 g"
      },
      {
        "Näringsvärde": "Varav sockerarter",
        "100 Gram": "2 g"
      },
      {
        "Näringsvärde": "Fiber",
        "100 Gram": "7 g"
      },
      {
        "Näringsvärde": "Protein",
        "100 Gram": "12 g"
      },
      {
        "Näringsvärde": "Salt",
        "100 Gram": "1.2 g"
      }
    ],
    "nutritionUnitText": "Näringsvärde per 100 gram",
    "categories": {
      "mainCategory": "Bröd & Kakor",
      "subCategories": [
        {
          "name": "Knäckebröd & Skorpor",
          "subSubCategories": [
            "Knäckebröd",
            "Ljust knäckebröd"
          ]
        }
      ]
    }
  },
  {
    "name": "Grova Glutenfri Fryst 500g Fria",
    "weightText": "0.5 kg",
    "caPart": "",
    "weightValue": 0.5,
    "weightUnit": "kg",
    "comparePrice": "65,90 kr/kg",
    "currentPrice": 32.95,
    "attributes": [
      "Glutenfritt",
      "Laktosfritt"
    ],
    "imgUrl": "https://handlaprivatkund.ica.se/images-v3/bf7a00ca-390e-4769-865f-dc369586872e/0933fafe-eba8-41fa-b311-3d882a092622/500x500.jpg",
    "productInformation": "Ett lätt kumminkryddat grovt bröd med linfrön. En Friaklassiker med mycket smak som också är riktigt god att rosta. Grova är ett av våra mest omtyckta bröd och har hängt med sedan starten 1996. Gluten-, laktos och mjölkproteinfritt.",
    "countryText": "",
    "companyText": "Fria",
    "ingrediensText": "GLUTENFRI VETESTÄRKELSE, vatten, sirap, GLUTENFRITT MALTEXTRAKT (KORN), jäst, förtjockningsmedel (cellulosagummi, guarkärnmjöl, xantangummi), maltodextrin (majs), rapsolja, sockerbetsfiber, linfrö 1,4 %, psylliumfröskal, kummin, emulgeringsmedel (lecitin [raps], mono- och diglycerider av fettsyror [veg.]), majsstärkelse, salt, aromer. KAN INNEHÅLLA SPÅR AV ÄGG.",
    "storage": "Lägsta förvaringstemperatur -30°C Högsta förvaringstemperatur -18°C",
    "allergens": "Kan innehålla Ägg",
    "usage": "",
    "nutrition": [
      {
        "Näringsvärde": "Energi (kcal)",
        "100 Gram": "260 kcal"
      },
      {
        "Näringsvärde": "Energi (kJ)",
        "100 Gram": "1100 kJ"
      },
      {
        "Näringsvärde": "Fett",
        "100 Gram": "3.8 g"
      },
      {
        "Näringsvärde": "Varav mättat fett",
        "100 Gram": "0.6 g"
      },
      {
        "Näringsvärde": "Kolhydrat",
        "100 Gram": "53 g"
      },
      {
        "Näringsvärde": "Varav sockerarter",
        "100 Gram": "8.3 g"
      },
      {
        "Näringsvärde": "Fiber",
        "100 Gram": "5.4 g"
      },
      {
        "Näringsvärde": "Protein",
        "100 Gram": "1.2 g"
      },
      {
        "Näringsvärde": "Salt",
        "100 Gram": "1.3 g"
      }
    ],
    "nutritionUnitText": "Näringsvärde per 100 gram",
    "categories": {
      "mainCategory": "Bröd & Kakor",
      "subCategories": [
        {
          "name": "Glutenfritt bröd & Kakor",
          "subSubCategories": [
            "Glutenfritt bröd",
            "Glutenfritt fryst bröd"
          ]
        }
      ]
    }
  },
  {
    "name": "Croissanter 8-p 480g Hatting",
    "weightText": "0.48 kg",
    "caPart": "",
    "weightValue": 0.48,
    "weightUnit": "kg",
    "comparePrice": "92,71 kr/kg",
    "currentPrice": 44.5,
    "attributes": [],
    "imgUrl": "https://handlaprivatkund.ica.se/images-v3/bf7a00ca-390e-4769-865f-dc369586872e/8e5348db-5474-4fbf-81bd-7a35242e9425/500x500.jpg",
    "productInformation": "",
    "countryText": "",
    "companyText": "Hatting",
    "ingrediensText": "VETEMJÖL, vatten, SMÖR 16%, socker, jäst, salt, VETEGLUTEN, torrjäst, mjölbehandlingsmedel (E300, enzymer), ÄGG. Dekoration: ÄGG. Kan innehålla spår av hasselnötter och mandel.",
    "storage": "Högsta förvaringstemperatur -18°C",
    "allergens": "Innehåller Spannmål som innehåller gluten Kan innehålla Nötter (eng: tree nuts) Innehåller Ägg Innehåller Mjölk",
    "usage": "",
    "nutrition": [
      {
        "Näringsvärde": "Energi (kcal)",
        "100 Gram": "319 kcal"
      },
      {
        "Näringsvärde": "Energi (kJ)",
        "100 Gram": "1335 kJ"
      },
      {
        "Näringsvärde": "Fett",
        "100 Gram": "14 g"
      },
      {
        "Näringsvärde": "Varav mättat fett",
        "100 Gram": "9.3 g"
      },
      {
        "Näringsvärde": "Kolhydrat",
        "100 Gram": "41 g"
      },
      {
        "Näringsvärde": "Varav sockerarter",
        "100 Gram": "6.7 g"
      },
      {
        "Näringsvärde": "Fiber",
        "100 Gram": "1.7 g"
      },
      {
        "Näringsvärde": "Protein",
        "100 Gram": "6.9 g"
      },
      {
        "Näringsvärde": "Salt",
        "100 Gram": "1 g"
      }
    ],
    "nutritionUnitText": "Näringsvärde per 100 gram",
    "categories": {
      "mainCategory": "Bröd & Kakor",
      "subCategories": [
        {
          "name": "Kaffebröd",
          "subSubCategories": [
            "Fryst fikabröd"
          ]
        }
      ]
    }
  },
  {
    "name": "Daimtårta Glutenfri Fryst 400g Almondy",
    "weightText": "0.4 kg",
    "caPart": "",
    "weightValue": 0.4,
    "weightUnit": "kg",
    "comparePrice": "137,38 kr/kg",
    "currentPrice": 54.95,
    "attributes": [
      "Glutenfritt"
    ],
    "imgUrl": "https://handlaprivatkund.ica.se/images-v3/bf7a00ca-390e-4769-865f-dc369586872e/d398f585-cafd-45bf-9780-cdcc1a4c97b2/500x500.jpg",
    "productInformation": "",
    "countryText": "",
    "companyText": "Almondy",
    "ingrediensText": "INGREDIENSER: Socker, ÄGGVITA, GRÄDDE, vegetabiliskt fett (palm, raps, shea), ÄGGULA, KÄRNMJÖLKSPULVER, MANDEL (4,5%), solroskärnor, kakaosmör, aprikoskärnor, vasslepulver (från MJÖLK), kakaomassa, SKUMMJÖLKSPULVER, SMÖRFETT, sockrad kondenserad SKUMMJÖLK, invertsockersirap, farinsocker, salt, emulgeringsmedel (SOJALECITIN), arom. KAN INNEHÅLLA SPÅR AV JORDNÖTTER OCH ANDRA NÖTTER.",
    "storage": "Högsta förvaringstemperatur -18°C",
    "allergens": "Kan innehålla spår av Nötter, Jordnötter.",
    "usage": "",
    "nutrition": [],
    "nutritionUnitText": "",
    "categories": {
      "mainCategory": "Bröd & Kakor",
      "subCategories": [
        {
          "name": "Kaffebröd",
          "subSubCategories": [
            "Tårtor & Pajer",
            "Frysta tårtor & Pajer"
          ]
        }
      ]
    }
  },
  {
    "name": "TranbärsLycka 650g Pågen",
    "weightText": "0.65 kg",
    "caPart": "",
    "weightValue": 0.65,
    "weightUnit": "kg",
    "comparePrice": "55,31 kr/kg",
    "currentPrice": 35.95,
    "attributes": [],
    "imgUrl": "https://handlaprivatkund.ica.se/images-v3/bf7a00ca-390e-4769-865f-dc369586872e/b209c022-3ee5-48e5-88cc-a53227b6fbbd/500x500.jpg",
    "productInformation": "Ett härligt luftigt bröd där den fylliga, söta smaken av tranbär möter den nötiga karaktären av klippt råg och solrosfrön. Tranbärslycka är ett smakrikt bröd som passar perfekt till frukost, mellis eller när du behöver fylla på med energi – en favorit för både små och stora. Glädje i varje skiva! \n \n Fullkornshalten i brödet är 16% vilket motsvarar 24% av torrvikten. SVENSKT MJÖL Mer än 90% mjöl från svenskodlat spannmål malt i egen kvarn.",
    "countryText": "",
    "companyText": "Pågen",
    "ingrediensText": "VETEmjöl, vatten, klippt fullkornsRÅG* (7%), fullkornsVETEmjöl*, siktat RÅGmjöl, surdeg på VETE, VETEgluten, tranbär (3%), socker, solrosfrö (2%), rapsolja, HAVREgryn*, äpple, malt av KORN, jäst, salt, surhetsreglerande medel (citronsyra), mjölbehandlingsmedel (askorbinsyra). * Fullkornsingrediens.",
    "storage": "Lägsta förvaringstemperatur 10°C Högsta förvaringstemperatur 40°C",
    "allergens": "",
    "usage": "",
    "nutrition": [
      {
        "Näringsvärde": "Energi (kcal)",
        "100 Gram": "271 kcal"
      },
      {
        "Näringsvärde": "Energi (kJ)",
        "100 Gram": "1144 kJ"
      },
      {
        "Näringsvärde": "Fett",
        "100 Gram": "4 g"
      },
      {
        "Näringsvärde": "Varav mättat fett",
        "100 Gram": "0.6 g"
      },
      {
        "Näringsvärde": "Kolhydrat",
        "100 Gram": "45 g"
      },
      {
        "Näringsvärde": "Varav sockerarter",
        "100 Gram": "8.4 g"
      },
      {
        "Näringsvärde": "Fiber",
        "100 Gram": "4.4 g"
      },
      {
        "Näringsvärde": "Protein",
        "100 Gram": "12 g"
      },
      {
        "Näringsvärde": "Salt",
        "100 Gram": "0.95 g"
      }
    ],
    "nutritionUnitText": "Näringsvärde per 100 gram",
    "categories": {
      "mainCategory": "Bröd & Kakor",
      "subCategories": [
        {
          "name": "Matbröd",
          "subSubCategories": [
            "Mörkt & Grovt bröd",
            "Mörkt skivat bröd"
          ]
        }
      ]
    }
  },
  {
    "name": "Vita toast formbröd Glutenfri Fryst 500g Fria",
    "weightText": "0.5 kg",
    "caPart": "",
    "weightValue": 0.5,
    "weightUnit": "kg",
    "comparePrice": "65,90 kr/kg",
    "currentPrice": 32.95,
    "attributes": [
      "Glutenfritt",
      "Laktosfritt"
    ],
    "imgUrl": "https://handlaprivatkund.ica.se/images-v3/bf7a00ca-390e-4769-865f-dc369586872e/d04ac887-1025-4659-9e14-6c264595df13/500x500.jpg",
    "productInformation": "Frias mjuka formfranska. Perfekt som rostbröd eller som sandwich tillsammans med ditt favoritpålägg. Vita Toast är en favorit för hela familjen. Gluten-, laktos och mjölkproteinfri.",
    "countryText": "",
    "companyText": "Fria",
    "ingrediensText": "GLUTENFRI VETESTÄRKELSE, vatten, GLUTENFRITT MALTEXTRAKT (KORN), förtjockningsmedel (cellulosagummi, guarkärnmjöl, xantangummi), jäst, rapsolja, socker, maltodextrin (majs), psylliumfröskal, majsstärkelse, ärtprotein, emulgeringsmedel (lecitin [raps], mono- och diglycerider av fettsyror [veg.]), salt, aromer. KAN INNEHÅLLA SPÅR AV ÄGG.",
    "storage": "Lägsta förvaringstemperatur -30°C Högsta förvaringstemperatur -18°C",
    "allergens": "Kan innehålla Ägg",
    "usage": "",
    "nutrition": [
      {
        "Näringsvärde": "Energi (kcal)",
        "100 Gram": "260 kcal"
      },
      {
        "Näringsvärde": "Energi (kJ)",
        "100 Gram": "1100 kJ"
      },
      {
        "Näringsvärde": "Fett",
        "100 Gram": "3.8 g"
      },
      {
        "Näringsvärde": "Varav mättat fett",
        "100 Gram": "0.6 g"
      },
      {
        "Näringsvärde": "Kolhydrat",
        "100 Gram": "52 g"
      },
      {
        "Näringsvärde": "Varav sockerarter",
        "100 Gram": "4.3 g"
      },
      {
        "Näringsvärde": "Fiber",
        "100 Gram": "4.1 g"
      },
      {
        "Näringsvärde": "Protein",
        "100 Gram": "1.5 g"
      },
      {
        "Näringsvärde": "Salt",
        "100 Gram": "1.3 g"
      }
    ],
    "nutritionUnitText": "Näringsvärde per 100 gram",
    "categories": {
      "mainCategory": "Bröd & Kakor",
      "subCategories": [
        {
          "name": "Glutenfritt bröd & Kakor",
          "subSubCategories": [
            "Glutenfritt bröd",
            "Glutenfritt fryst bröd"
          ]
        }
      ]
    }
  },
  {
    "name": "Tuc Paprika 100g Lu",
    "weightText": "0.1 kg",
    "caPart": "",
    "weightValue": 0.1,
    "weightUnit": "kg",
    "comparePrice": "139,50 kr/kg",
    "currentPrice": 13.95,
    "attributes": [],
    "imgUrl": "https://handlaprivatkund.ica.se/images-v3/bf7a00ca-390e-4769-865f-dc369586872e/5bc65621-cb40-4eec-a364-6cbe62d2f15f/500x500.jpg",
    "productInformation": "Tuc Paprika- Tunna, spröda ugnsbakade kex med paprikasmak. Goda att äta bara som de är, som snacks eller till ostbrickan.",
    "countryText": "",
    "companyText": "Lu",
    "ingrediensText": "Ingredienser: VETEMJÖL/HVEDEMEL, palmolja/palmeolie, glukossirap bakpulver/hævemidler (ammoniumkarbonater, natriumkarbonater), salt, kryddor/krydderier (paprika 0,8 %, peppar/peber), smakförstärkare/smagsforstærker (mononatriumglutamat), lök-/løgpulver, hydrolyserad vegetabilisk protein, vitlöks-/hvidløgspulver, arom, mjölbehandlingsmedel/melbehandlingsmiddel (NATRIUMDISULFIT), jästextrakt/gærekstrakt, rökarom/røykaroma.KAN INNEHÅLLA ÄGG, SOJA, MJÖLK. KAN INDEHOLDE ÆG, SOJA, MÆLK. KAN INNEHOLDE EGG, SOYA, MELK.",
    "storage": "",
    "allergens": "",
    "usage": "",
    "nutrition": [
      {
        "Näringsvärde": "Energi (kcal)",
        "100 Gram": "494 kcal"
      },
      {
        "Näringsvärde": "Energi (kJ)",
        "100 Gram": "2071 kJ"
      },
      {
        "Näringsvärde": "Fett",
        "100 Gram": "23 g"
      },
      {
        "Näringsvärde": "Varav mättat fett",
        "100 Gram": "10 g"
      },
      {
        "Näringsvärde": "Kolhydrat",
        "100 Gram": "63 g"
      },
      {
        "Näringsvärde": "Varav sockerarter",
        "100 Gram": "4.3 g"
      },
      {
        "Näringsvärde": "Fiber",
        "100 Gram": "2.5 g"
      },
      {
        "Näringsvärde": "Protein",
        "100 Gram": "8 g"
      },
      {
        "Näringsvärde": "Salt",
        "100 Gram": "2 g"
      }
    ],
    "nutritionUnitText": "Näringsvärde per 100 gram",
    "categories": {
      "mainCategory": "Bröd & Kakor",
      "subCategories": [
        {
          "name": "Kaffebröd",
          "subSubCategories": [
            "Kex & kakor",
            "Matkex",
            "Kex till ost"
          ]
        }
      ]
    }
  },
  {
    "name": "Mjuka Fröbitar 360 g Fazer",
    "weightText": "0.36 kg",
    "caPart": "",
    "weightValue": 0.36,
    "weightUnit": "kg",
    "comparePrice": "87,50 kr/kg",
    "currentPrice": 31.5,
    "attributes": [
      "Från Sverige",
      "Nyckelhålet",
      "Ursprungsland Sverige"
    ],
    "imgUrl": "https://handlaprivatkund.ica.se/images-v3/bf7a00ca-390e-4769-865f-dc369586872e/87186c79-1709-471b-a1a7-8e9bb2fddad8/500x500.jpg",
    "productInformation": "Mjuka Fröbitar är precis som namnet säger, mjuka och saftiga portionsbröd bakade på vår egen surdeg, solrosfrön och linfrön. Ett bröd rikt på smak och en källa till kostfiber och protein.",
    "countryText": "Sverige",
    "companyText": "Fazer",
    "ingrediensText": "Mjöl (VETE1, siktad RÅG1, fullkorn av VETE1, fullkorn av RÅG1), vatten, surdeg av fullkornsRÅGmjöl1 11 %, VETEkärnor1, VETEgluten, jäst1, RÅGkärnor1, linfrö2 2,0 %, solrosfrö2 1,8%, malt av KORN, havssalt, sirap1,2, konserveringsmedel (sorbinsyra), mjölbehandlingsmedel (askorbinsyra). 1Ursprung Sverige. 2Ursprung EU/Icke EU",
    "storage": "",
    "allergens": "",
    "usage": "",
    "nutrition": [
      {
        "Näringsvärde": "Energi (kcal)",
        "100 Gram": "210 kcal"
      },
      {
        "Näringsvärde": "Energi (kJ)",
        "100 Gram": "850 kJ"
      },
      {
        "Näringsvärde": "Fett",
        "100 Gram": "3.1 g"
      },
      {
        "Näringsvärde": "Varav mättat fett",
        "100 Gram": "0.5 g"
      },
      {
        "Näringsvärde": "Kolhydrat",
        "100 Gram": "34 g"
      },
      {
        "Näringsvärde": "Varav sockerarter",
        "100 Gram": "4.5 g"
      },
      {
        "Näringsvärde": "Fiber",
        "100 Gram": "5.2 g"
      },
      {
        "Näringsvärde": "Protein",
        "100 Gram": "8.8 g"
      },
      {
        "Näringsvärde": "Salt",
        "100 Gram": "1 g"
      }
    ],
    "nutritionUnitText": "Näringsvärde per 100 gram",
    "categories": {
      "mainCategory": "Bröd & Kakor",
      "subCategories": [
        {
          "name": "Matbröd",
          "subSubCategories": [
            "Mörkt & Grovt bröd",
            "Mörkt styckpackat bröd"
          ]
        }
      ]
    }
  },
  {
    "name": "Mjölkchoklad cookies 184g Marabou",
    "weightText": "0.184 kg",
    "caPart": "",
    "weightValue": 0.184,
    "weightUnit": "kg",
    "comparePrice": "189,95 kr/kg",
    "currentPrice": 34.95,
    "attributes": [],
    "imgUrl": "https://handlaprivatkund.ica.se/images-v3/bf7a00ca-390e-4769-865f-dc369586872e/69273c5c-2868-468b-9705-cabe22737a90/500x500.jpg",
    "productInformation": "Marabou Cookies Mjölkchoklad- Spröda kakor med härlig mjölkchoklad som fungerar lika bra vid fikabordet, mysstunden eller när du vill ha en härlig stund för dig själv.",
    "countryText": "",
    "companyText": "Marabou",
    "ingrediensText": "Ingredienser: Socker, VETEMJÖL, palmolja, HELMJÖLKSPULVER, kakaomassa, kakaosmör, vasslepulver (MJÖLK), bakpulver (ammoniumvätekarbonat, natriumvätekarbonat, dinatriumdifosfat), salt, emulgeringsmedel (SOJALECITIN), aromer, färgämne (betakaroten). KAN INNEHÅLLA NÖTTER OCH ÄGG.",
    "storage": "",
    "allergens": "",
    "usage": "",
    "nutrition": [
      {
        "Näringsvärde": "Energi (kcal)",
        "100 Gram": "510 kcal"
      },
      {
        "Näringsvärde": "Energi (kJ)",
        "100 Gram": "2131 kJ"
      },
      {
        "Näringsvärde": "Fett",
        "100 Gram": "27 g"
      },
      {
        "Näringsvärde": "Varav mättat fett",
        "100 Gram": "14 g"
      },
      {
        "Näringsvärde": "Kolhydrat",
        "100 Gram": "60 g"
      },
      {
        "Näringsvärde": "Varav sockerarter",
        "100 Gram": "37 g"
      },
      {
        "Näringsvärde": "Fiber",
        "100 Gram": "1.8 g"
      },
      {
        "Näringsvärde": "Protein",
        "100 Gram": "5.3 g"
      },
      {
        "Näringsvärde": "Salt",
        "100 Gram": "1.04 g"
      }
    ],
    "nutritionUnitText": "Näringsvärde per 100 gram",
    "categories": {
      "mainCategory": "Bröd & Kakor",
      "subCategories": [
        {
          "name": "Kaffebröd",
          "subSubCategories": [
            "Kex & kakor",
            "Söta kex & Kakor",
            "Cookies"
          ]
        }
      ]
    }
  },
  {
    "name": "Vaniljmunk 63g Dafgårds",
    "weightText": "0.063 kg",
    "caPart": "",
    "weightValue": 0.063,
    "weightUnit": "kg",
    "comparePrice": "157,94 kr/kg",
    "currentPrice": 9.95,
    "attributes": [],
    "imgUrl": "https://handlaprivatkund.ica.se/images-v3/bf7a00ca-390e-4769-865f-dc369586872e/86d53d69-6d71-4147-9a03-22637cb51ff4/500x500.jpg",
    "productInformation": "63g. Munk med fyllning av vaniljcrème.",
    "countryText": "",
    "companyText": "Dafgård",
    "ingrediensText": "VETEMJÖL, vatten, vegetabiliskt fett (palmolja, rapsolja), socker, jäst, ÄGGPULVER, emulgeringsmedel (E471, E472e, E322 solroslecitin), margarin [vegetabiliskt fett (palmolja, rapsolja, sheaolja), vatten, emulgeringsmedel E471, salt, arom, surhetsreglerande medel E330], LAKTOS, salt, vit sirap, VETEGLUTEN, ÄGGVITEPULVER, klumpförebyggande medel E170, glukossirap, bakpulver (E450, E500, E341), druvsocker, VETESTÄRKELSE, antioxidationsmedel E300. Vaniljfyllning 20% [vatten, socker, kokosfett, KÄRNMJÖLKSPULVER, modifierad stärkelse E1442, konserveringsmedel E202, salt, naturlig vaniljarom, färgämne (E160a, E101)]. Kan innehålla spår av hasselnötter och mandel. Upptinad",
    "storage": "Lägsta förvaringstemperatur -25°C Högsta förvaringstemperatur -18°C",
    "allergens": "",
    "usage": "",
    "nutrition": [
      {
        "Näringsvärde": "Energi (kcal)",
        "100 Gram": "313 kcal"
      },
      {
        "Näringsvärde": "Energi (kJ)",
        "100 Gram": "1302 kJ"
      },
      {
        "Näringsvärde": "Fett",
        "100 Gram": "15.5 g"
      },
      {
        "Näringsvärde": "Varav fleromättat fett",
        "100 Gram": "2.6 g"
      },
      {
        "Näringsvärde": "Varav mättat fett",
        "100 Gram": "6.3 g"
      },
      {
        "Näringsvärde": "Varav enkelomättat fett",
        "100 Gram": "6.6 g"
      },
      {
        "Näringsvärde": "Kolhydrat",
        "100 Gram": "36.8 g"
      },
      {
        "Näringsvärde": "Varav sockerarter",
        "100 Gram": "13.3 g"
      },
      {
        "Näringsvärde": "Fiber",
        "100 Gram": "1.3 g"
      },
      {
        "Näringsvärde": "Protein",
        "100 Gram": "5.6 g"
      },
      {
        "Näringsvärde": "Salt",
        "100 Gram": "0.7 g"
      }
    ],
    "nutritionUnitText": "",
    "categories": {
      "mainCategory": "Bröd & Kakor",
      "subCategories": [
        {
          "name": "Kaffebröd",
          "subSubCategories": [
            "Mjuka kakor & Muffins",
            "Muffins"
          ]
        }
      ]
    }
  },
  {
    "name": "Pitabröd 350g 5-p Schysst käk",
    "weightText": "0.35 kg",
    "caPart": "",
    "weightValue": 0.35,
    "weightUnit": "kg",
    "comparePrice": "45,57 kr/kg",
    "currentPrice": 15.95,
    "attributes": [
      "Från Sverige"
    ],
    "imgUrl": "https://handlaprivatkund.ica.se/images-v3/bf7a00ca-390e-4769-865f-dc369586872e/27b060d3-b3c1-4719-94f0-ccbaa2f1cb0c/500x500.jpg",
    "productInformation": "Ett mjukt och följsamt pitabröd som smakar nybakat efter uppvärmning i brödrosten.",
    "countryText": "",
    "companyText": "Schysst käk",
    "ingrediensText": "VETEMJÖL*, vatten, socker, salt med jod, jäst. *Ursprung: Sverige",
    "storage": "Rumstemperatur",
    "allergens": "",
    "usage": "",
    "nutrition": [
      {
        "Näringsvärde": "Energi (kcal)",
        "100 Gram": "250 kcal"
      },
      {
        "Näringsvärde": "Energi (kJ)",
        "100 Gram": "1046 kJ"
      },
      {
        "Näringsvärde": "Fett",
        "100 Gram": "1 g"
      },
      {
        "Näringsvärde": "Varav mättat fett",
        "100 Gram": "0.1 g"
      },
      {
        "Näringsvärde": "Kolhydrat",
        "100 Gram": "50 g"
      },
      {
        "Näringsvärde": "Varav sockerarter",
        "100 Gram": "2.5 g"
      },
      {
        "Näringsvärde": "Protein",
        "100 Gram": "8.3 g"
      },
      {
        "Näringsvärde": "Salt",
        "100 Gram": "1.2 g"
      }
    ],
    "nutritionUnitText": "Näringsvärde per 100 gram",
    "categories": {
      "mainCategory": "Bröd & Kakor",
      "subCategories": [
        {
          "name": "Korvbröd, Hamburgerbröd & Maträttsbröd",
          "subSubCategories": [
            "Övriga maträttsbröd"
          ]
        }
      ]
    }
  },
  {
    "name": "Tunnbröd Abisko Mjölkfri 8-p 360g Polarbröd",
    "weightText": "0.36 kg",
    "caPart": "",
    "weightValue": 0.36,
    "weightUnit": "kg",
    "comparePrice": "70,83 kr/kg",
    "currentPrice": 25.5,
    "attributes": [
      "Från Sverige",
      "Ursprungsland Sverige"
    ],
    "imgUrl": "https://handlaprivatkund.ica.se/images-v3/bf7a00ca-390e-4769-865f-dc369586872e/27efe1f5-1f76-4ea2-ab42-43569d4dfc2c/500x500.jpg",
    "productInformation": "Ett mjukt surdegstunnbröd perfekt att rulla, vika, snitta eller wrappa. Abisko kan beskrivas som ett bröd med viss seghet, rostade toner och en mild surdegssmak. 8 st tunnbröd per förpackning. Mjölkfri och fri från konserveringsmedel, bakat i Norrland. Mjölkfri och fri från konserveringsmedel.Från Sverige, bakat i Norrland.PolarmetodenTM – Fryst direkt efter bakning. Vi vill göra världen lite godare: egen vindkraft, återvinningsbara förpackningar, mer hållbara transporter, 100% från växtriket.Tips: Det är supersmart att förvara bröd i frysen och tina efter behov!",
    "countryText": "Sverige",
    "companyText": "Polarbröd",
    "ingrediensText": "Ingredienser: VETEmjöl, siktat RÅGmjöl, vatten, surdeg (RÅG) (11%), sirap, socker, rapsolja, VETEGLUTEN, salt, vegetabiliskt emulgeringsmedel (mono- och diglycerider av fettsyror, mono- och diglyceriders mono- och diacetylvinsyraestrar), jäst, bakpulver (hjorthornssalt), maltmjöl (KORN). BAKAT I NORRLAND.",
    "storage": "Frys gärna in en del av bröden hemma och ta fram efter behov, så maxar du njutningen och minskar svinnet på en och samma gång.",
    "allergens": "",
    "usage": "Vi fryser vårt bröd så fort det kommer rykande ur ugnen, och tinar det på väg till dig. Hållbar i 7 dagar i rumstemperatur, se bäst-före-märkning på förpackningen.",
    "nutrition": [
      {
        "Näringsvärde": "Energi (kcal)",
        "100 Gram": "300 kcal"
      },
      {
        "Näringsvärde": "Energi (kJ)",
        "100 Gram": "1260 kJ"
      },
      {
        "Näringsvärde": "Fett",
        "100 Gram": "3.9 g"
      },
      {
        "Näringsvärde": "Varav mättat fett",
        "100 Gram": "0.7 g"
      },
      {
        "Näringsvärde": "Kolhydrat",
        "100 Gram": "55 g"
      },
      {
        "Näringsvärde": "Varav sockerarter",
        "100 Gram": "9.8 g"
      },
      {
        "Näringsvärde": "Fiber",
        "100 Gram": "3.9 g"
      },
      {
        "Näringsvärde": "Protein",
        "100 Gram": "8.9 g"
      },
      {
        "Näringsvärde": "Salt",
        "100 Gram": "0.88 g"
      }
    ],
    "nutritionUnitText": "Näringsvärde per 100 gram",
    "categories": {
      "mainCategory": "Bröd & Kakor",
      "subCategories": [
        {
          "name": "Matbröd",
          "subSubCategories": [
            "Mjukt tunnbröd & Vetekakor",
            "Mjukt tunnbröd"
          ]
        }
      ]
    }
  },
  {
    "name": "Riskakor med Ostsmak 125g Friggs",
    "weightText": "0.125 kg",
    "caPart": "",
    "weightValue": 0.125,
    "weightUnit": "kg",
    "comparePrice": "175,60 kr/kg",
    "currentPrice": 21.95,
    "attributes": [],
    "imgUrl": "https://handlaprivatkund.ica.se/images-v3/bf7a00ca-390e-4769-865f-dc369586872e/b993f02c-6cc4-438e-bd35-4e1c8de8425e/500x500.jpg",
    "productInformation": "Friggs Riskakor Ost har en god och mild smak av ost. Goda att njuta som de är eller med pålägg. Naturligt glutenfria och rika på fullkorn. Passar perfekt som snack eller mellanmål.",
    "countryText": "",
    "companyText": "Friggs",
    "ingrediensText": "Råris (fullkorn) (78 %), rapsolja, kryddblandning (9,8 %) (vasslepulver (från MJÖLK), OSTPULVER (13 %), salt, jästextrakt (jästextrakt, salt, solrosolja), arom (MJÖLK), surhetsreglerande medel (mjölksyra, kalciumlaktat), kryddextrakt (gurkmeja), färgämne (paprikaoleoresin)). Kan innehålla spår av soja och sesamfrön.",
    "storage": "Torrt, ej över normal rumstemperatur. Lägsta förvaringstemperatur 15°C Högsta förvaringstemperatur 25°C",
    "allergens": "Kan innehålla spår av Sesamfrön.",
    "usage": "",
    "nutrition": [
      {
        "Näringsvärde": "Energi (kcal)",
        "100 Gram": "440 kcal"
      },
      {
        "Näringsvärde": "Energi (kJ)",
        "100 Gram": "1850 kJ"
      },
      {
        "Näringsvärde": "Fett",
        "100 Gram": "16 g"
      },
      {
        "Näringsvärde": "Varav mättat fett",
        "100 Gram": "2 g"
      },
      {
        "Näringsvärde": "Kolhydrat",
        "100 Gram": "65 g"
      },
      {
        "Näringsvärde": "Varav sockerarter",
        "100 Gram": "5 g"
      },
      {
        "Näringsvärde": "Fiber",
        "100 Gram": "2.9 g"
      },
      {
        "Näringsvärde": "Protein",
        "100 Gram": "8.5 g"
      },
      {
        "Näringsvärde": "Salt",
        "100 Gram": "1.6 g"
      }
    ],
    "nutritionUnitText": "Näringsvärde per 100 gram",
    "categories": {
      "mainCategory": "Bröd & Kakor",
      "subCategories": [
        {
          "name": "Knäckebröd & Skorpor",
          "subSubCategories": [
            "Riskakor"
          ]
        }
      ]
    }
  },
  {
    "name": "Digestivekex 400g ICA Basic",
    "weightText": "0.4 kg",
    "caPart": "",
    "weightValue": 0.4,
    "weightUnit": "kg",
    "comparePrice": "24,88 kr/kg",
    "currentPrice": 9.95,
    "attributes": [],
    "imgUrl": "https://handlaprivatkund.ica.se/images-v3/bf7a00ca-390e-4769-865f-dc369586872e/db1bff1f-ac85-4e71-905d-33f87b7ca458/500x500.jpg",
    "productInformation": "Digestivekex passar till ostbrickan, på utflykten eller som mellanmål. Passar också i en cheesecake med syrlig ostfyllning och söta frukter.",
    "countryText": "",
    "companyText": "ICA Basic",
    "ingrediensText": "vetemjöl, palmolja, socker, fullkornsvetemjöl, glukosfruktossirap, bakpulver/hevemiddel (E500,E503,E334), salt.",
    "storage": "",
    "allergens": "",
    "usage": "",
    "nutrition": [
      {
        "Näringsvärde": "Energi (kcal)",
        "100 Gram": "490 kcal"
      },
      {
        "Näringsvärde": "Energi (kJ)",
        "100 Gram": "2050 kJ"
      },
      {
        "Näringsvärde": "Fett",
        "100 Gram": "22 g"
      },
      {
        "Näringsvärde": "Varav mättat fett",
        "100 Gram": "11 g"
      },
      {
        "Näringsvärde": "Kolhydrat",
        "100 Gram": "65 g"
      },
      {
        "Näringsvärde": "Varav sockerarter",
        "100 Gram": "18 g"
      },
      {
        "Näringsvärde": "Fiber",
        "100 Gram": "4 g"
      },
      {
        "Näringsvärde": "Protein",
        "100 Gram": "6.5 g"
      },
      {
        "Näringsvärde": "Salt",
        "100 Gram": "1.6 g"
      },
      {
        "Näringsvärde": "Natrium",
        "100 Gram": "640 mg"
      }
    ],
    "nutritionUnitText": "Näringsvärde per 100 gram",
    "categories": {
      "mainCategory": "Bröd & Kakor",
      "subCategories": [
        {
          "name": "Kaffebröd",
          "subSubCategories": [
            "Kex & kakor",
            "Matkex",
            "Digestivekex"
          ]
        }
      ]
    }
  },
  {
    "name": "Lussekatter Pågen",
    "weightText": "0.21 kg",
    "caPart": "",
    "weightValue": 0.21,
    "weightUnit": "kg",
    "comparePrice": "169,05 kr/kg",
    "currentPrice": 35.5,
    "attributes": [],
    "imgUrl": "https://handlaprivatkund.ica.se/images-v3/bf7a00ca-390e-4769-865f-dc369586872e/0ecf88c8-6b0a-42f6-b370-c08127e52f44/500x500.jpg",
    "productInformation": "Bjud på små, goda lussekatter till adventsfika. Bakade med vår finaste saffran och utan russin. Så goda när du vill ha något litet, är sugen på en till eller vill bjuda på flera. God jul!",
    "countryText": "",
    "companyText": "Pågen",
    "ingrediensText": "VETEmjöl, vatten, socker, vegetabilisk olja (raps), skumMJÖLK, ÄGG, surdeg på VETE, VETEgluten, jäst, malt av KORN, salt, bakpulver (E450, E500), vegetabiliskt emulgeringsmedel (E471), konserveringsmedel (E200, E282), saffran (0,04%), arom. Kan innehålla spår av MANDEL.",
    "storage": "Lägsta förvaringstemperatur 10°C Högsta förvaringstemperatur 40°C",
    "allergens": "Innehåller Spannmål som innehåller gluten Innehåller Mjölk Innehåller Ägg",
    "usage": "",
    "nutrition": [
      {
        "Näringsvärde": "Energi (kcal)",
        "100 Gram": "353 kcal"
      },
      {
        "Näringsvärde": "Energi (kJ)",
        "100 Gram": "1490 kJ"
      },
      {
        "Näringsvärde": "Fett",
        "100 Gram": "9.9 g"
      },
      {
        "Näringsvärde": "Varav mättat fett",
        "100 Gram": "1.3 g"
      },
      {
        "Näringsvärde": "Kolhydrat",
        "100 Gram": "54 g"
      },
      {
        "Näringsvärde": "Varav sockerarter",
        "100 Gram": "12 g"
      },
      {
        "Näringsvärde": "Protein",
        "100 Gram": "11 g"
      },
      {
        "Näringsvärde": "Salt",
        "100 Gram": "0.78 g"
      }
    ],
    "nutritionUnitText": "Näringsvärde per 100 gram",
    "categories": {
      "mainCategory": "Bröd & Kakor",
      "subCategories": [
        {
          "name": "Kaffebröd",
          "subSubCategories": [
            "Bullar & Vetelängder",
            "Bullar"
          ]
        }
      ]
    }
  },
  {
    "name": "Digestive Fullkorn 400g ICA",
    "weightText": "0.4 kg",
    "caPart": "",
    "weightValue": 0.4,
    "weightUnit": "kg",
    "comparePrice": "36,25 kr/kg",
    "currentPrice": 14.5,
    "attributes": [],
    "imgUrl": "https://handlaprivatkund.ica.se/images-v3/bf7a00ca-390e-4769-865f-dc369586872e/80c1e3db-235a-46c4-86d8-0e00a57bac8c/500x500.jpg",
    "productInformation": "ICA Digestive är ett gott fullkornskex. Det perfekta sällskap till osten på ostbrickan",
    "countryText": "",
    "companyText": "ICA",
    "ingrediensText": "FULLKORNSVETEMJÖL 37%, VETEMJÖL 22%, socker, solrosolja 17%, VETEFLINGOR 12%, invertsockersirap, bakpulver (E500, E330, E503), salt.",
    "storage": "Förvaras torrt och svalt, ej över normal rumstemperatur.",
    "allergens": "",
    "usage": "",
    "nutrition": [
      {
        "Näringsvärde": "Energi (kcal)",
        "100 Gram": "459 kcal"
      },
      {
        "Näringsvärde": "Energi (kJ)",
        "100 Gram": "1925 kJ"
      },
      {
        "Näringsvärde": "Fett",
        "100 Gram": "18 g"
      },
      {
        "Näringsvärde": "Varav mättat fett",
        "100 Gram": "1.6 g"
      },
      {
        "Näringsvärde": "Kolhydrat",
        "100 Gram": "65 g"
      },
      {
        "Näringsvärde": "Varav sockerarter",
        "100 Gram": "19 g"
      },
      {
        "Näringsvärde": "Fiber",
        "100 Gram": "5.8 g"
      },
      {
        "Näringsvärde": "Protein",
        "100 Gram": "7 g"
      },
      {
        "Näringsvärde": "Salt",
        "100 Gram": "1.2 g"
      }
    ],
    "nutritionUnitText": "Näringsvärde per 100 gram",
    "categories": {
      "mainCategory": "Bröd & Kakor",
      "subCategories": [
        {
          "name": "Kaffebröd",
          "subSubCategories": [
            "Kex & kakor",
            "Matkex",
            "Digestivekex"
          ]
        }
      ]
    }
  },
  {
    "name": "Choco moment 180g Marabou",
    "weightText": "0.18 kg",
    "caPart": "",
    "weightValue": 0.18,
    "weightUnit": "kg",
    "comparePrice": "194,17 kr/kg",
    "currentPrice": 34.95,
    "attributes": [],
    "imgUrl": "https://handlaprivatkund.ica.se/images-v3/bf7a00ca-390e-4769-865f-dc369586872e/6b59eab5-66ae-4377-ab47-70728dfcae0c/500x500.jpg",
    "productInformation": "Marabou Choco Moment Mjölkchoklad- Får vi lov att presentera en chokladig medlem i vår kexfamilj. Marabou Choco Moment med krispiga wafers och chokladkräm, täckta av härlig mjölkchoklad. Varje kaka är individuellt inslagen och fungerar lika bra vid fikabordet, mysstunden eller när du vill ha en härlig stund för dig själv.",
    "countryText": "",
    "companyText": "Marabou",
    "ingrediensText": "Ingredienser: MJÖLKCHOKLAD 60% (socker, kakaosmör, kakaomassa, SKUMMJÖLKSPULVER, vasslepulver (MJÖLK), MJÖLKFETT, emulgeringsmedel (SOJALECITIN), arom (vanillin)), VETEMJÖL, vegetabiliskt fett och vegetabilisk olja (palm, raps, kokosnöt), socker, vasslepulver (MJÖLK), fettreducerat kakao 2 %, emulgeringsmedel (SOJALECITIN), bakpulver (natriumvetekarbonat), salt, arom. KAN INNEHÅLLA ÄGG, NÖTTER",
    "storage": "",
    "allergens": "",
    "usage": "",
    "nutrition": [
      {
        "Näringsvärde": "Energi (kcal)",
        "100 Gram": "540 kcal"
      },
      {
        "Näringsvärde": "Energi (kJ)",
        "100 Gram": "2245 kJ"
      },
      {
        "Näringsvärde": "Fett",
        "100 Gram": "31 g"
      },
      {
        "Näringsvärde": "Varav mättat fett",
        "100 Gram": "17.5 g"
      },
      {
        "Näringsvärde": "Kolhydrat",
        "100 Gram": "56 g"
      },
      {
        "Näringsvärde": "Varav sockerarter",
        "100 Gram": "43 g"
      },
      {
        "Näringsvärde": "Fiber",
        "100 Gram": "2.3 g"
      },
      {
        "Näringsvärde": "Protein",
        "100 Gram": "6.7 g"
      },
      {
        "Näringsvärde": "Salt",
        "100 Gram": "0.45 g"
      }
    ],
    "nutritionUnitText": "Näringsvärde per 100 gram",
    "categories": {
      "mainCategory": "Bröd & Kakor",
      "subCategories": [
        {
          "name": "Kaffebröd",
          "subSubCategories": [
            "Kex & kakor",
            "Söta kex & Kakor",
            "Cookies"
          ]
        }
      ]
    }
  },
  {
    "name": "Sandwich Paprika 37g Wasa",
    "weightText": "0.037 kg",
    "caPart": "",
    "weightValue": 0.037,
    "weightUnit": "kg",
    "comparePrice": "256,76 kr/kg",
    "currentPrice": 9.5,
    "attributes": [],
    "imgUrl": "https://handlaprivatkund.ica.se/images-v3/bf7a00ca-390e-4769-865f-dc369586872e/56dbbbab-20c4-4b9e-b6d9-f4ae75e9ecdb/500x500.jpg",
    "productInformation": "Wasa Sandwich Paprika är en knäckemacka gjord på två skivor bröd med en krämig fyllning emellan. Vårt färdiga knäckebröd kommer i en smidig portionsförpackning med två knäckehalvor så att du enkelt kan avnjuta knäcket även på språng. Rågknäckebrödet är rikt på fibrer och fullkorn och kompletterar fyllningens milda smak av ost och paprika. Detta knäckebröd med fyllning är ett utmärkt mellanmål att alltid ha med i väskan. Vårt fullkornsknäckebröd med ost och paprika är även perfekt till frukost när du inte riktigt hinner med men vill ha ett näringsrikt alternativ. Wasa Sandwich Paprika är 100% klimatkompenserad.",
    "countryText": "",
    "companyText": "Wasa",
    "ingrediensText": "INGREDIENSER: RÅGknäckebröd (fullkornsRÅGmjöl 50%, RÅGmjöl 18,5%, jäst, salt), fyllning 36,5% (ostpulver 11% (MJÖLK), rapsolja, maltodextrin, sheasmör, KÄRNMJÖLKSpulver, naturlig paprika arom 1,5% (MJÖLK), naturlig arom (MJÖLK)). Kan innehålla spår av LUPIN, SENAP, SESAMFRÖN och SOJA.",
    "storage": "Förvaras torrt och mörkt.",
    "allergens": "Kan innehålla Lupin Kan innehålla Sesamfrön Kan innehålla Sojabönor Innehåller Mjölk Innehåller Spannmål som innehåller gluten",
    "usage": "",
    "nutrition": [
      {
        "Näringsvärde": "Energi (kcal)",
        "100 Gram": "451 kcal"
      },
      {
        "Näringsvärde": "Energi (kJ)",
        "100 Gram": "1884 kJ"
      },
      {
        "Näringsvärde": "Fett",
        "100 Gram": "21 g"
      },
      {
        "Näringsvärde": "Varav mättat fett",
        "100 Gram": "8 g"
      },
      {
        "Näringsvärde": "Kolhydrat",
        "100 Gram": "49 g"
      },
      {
        "Näringsvärde": "Varav sockerarter",
        "100 Gram": "2 g"
      },
      {
        "Näringsvärde": "Fiber",
        "100 Gram": "13 g"
      },
      {
        "Näringsvärde": "Protein",
        "100 Gram": "10 g"
      },
      {
        "Näringsvärde": "Salt",
        "100 Gram": "1.4 g"
      }
    ],
    "nutritionUnitText": "Näringsvärde per 100 gram",
    "categories": {
      "mainCategory": "Bröd & Kakor",
      "subCategories": [
        {
          "name": "Knäckebröd & Skorpor",
          "subSubCategories": [
            "Knäckebröd",
            "Knäcke med pålägg"
          ]
        }
      ]
    }
  },
  {
    "name": "Riskakor med smak av Gräddfil & lök 125g Friggs",
    "weightText": "0.125 kg",
    "caPart": "",
    "weightValue": 0.125,
    "weightUnit": "kg",
    "comparePrice": "175,60 kr/kg",
    "currentPrice": 21.95,
    "attributes": [],
    "imgUrl": "https://handlaprivatkund.ica.se/images-v3/bf7a00ca-390e-4769-865f-dc369586872e/2ce4cf7c-cb1c-49bf-8353-a7f0d452a23b/500x500.jpg",
    "productInformation": "Friggs Riskakor Gräddfil & Lök har en god smak av gräddfil och lök. Goda att njuta som de är eller med pålägg. Naturligt glutenfria och rika på fullkorn. Passar perfekt som snack eller mellanmål.",
    "countryText": "",
    "companyText": "Friggs",
    "ingrediensText": "Ingredienser: Råris (fullkorn) (80%), rapsolja, kryddblandning (7,9 %) (vasslepulver (MJÖLK), salt, KÄRNMJÖLKSPULVER, OSTPULVER, lökpulver (12 %), tomatpulver, dextros, vitlökspulver, arom, syra (äppelsyra), jästextrakt, persilja, surhetsreglerande medel (natriumdiacetat), cayennepeppar, färgämne (paprikaoleoresin)). Kan innehålla spår av soja och sesamfrön.",
    "storage": "Torrt, ej över normal rumstemperatur.",
    "allergens": "Kan innehålla spår av Sesamfrön, Sojabönor.",
    "usage": "",
    "nutrition": [
      {
        "Näringsvärde": "Energi (kcal)",
        "100 Gram": "440 kcal"
      },
      {
        "Näringsvärde": "Energi (kJ)",
        "100 Gram": "1850 kJ"
      },
      {
        "Näringsvärde": "Fett",
        "100 Gram": "15 g"
      },
      {
        "Näringsvärde": "Varav mättat fett",
        "100 Gram": "1.8 g"
      },
      {
        "Näringsvärde": "Kolhydrat",
        "100 Gram": "66 g"
      },
      {
        "Näringsvärde": "Varav sockerarter",
        "100 Gram": "3.2 g"
      },
      {
        "Näringsvärde": "Fiber",
        "100 Gram": "3.3 g"
      },
      {
        "Näringsvärde": "Protein",
        "100 Gram": "8.2 g"
      },
      {
        "Näringsvärde": "Salt",
        "100 Gram": "1.3 g"
      }
    ],
    "nutritionUnitText": "Näringsvärde per 100 gram",
    "categories": {
      "mainCategory": "Bröd & Kakor",
      "subCategories": [
        {
          "name": "Knäckebröd & Skorpor",
          "subSubCategories": [
            "Riskakor"
          ]
        }
      ]
    }
  },
  {
    "name": "Delicatoboll 6-p 240g Delicato",
    "weightText": "0.24 kg",
    "caPart": "",
    "weightValue": 0.24,
    "weightUnit": "kg",
    "comparePrice": "89,58 kr/kg",
    "currentPrice": 21.5,
    "attributes": [],
    "imgUrl": "https://handlaprivatkund.ica.se/images-v3/bf7a00ca-390e-4769-865f-dc369586872e/62e06686-9c35-4b2b-b4f5-764933836dd7/500x500.jpg",
    "productInformation": "Chokladboll med smak av mocka täckt med kakaoöverdrag och rullad i kokos. Passar till fikarasten och kalaset.",
    "countryText": "",
    "companyText": "Delicato",
    "ingrediensText": "Socker, HAVREGRYN, vegetabilisk olja (palm*, shea, raps), vatten, kokosflingor, kakaopulver, salt, arom (bl.a. mocka), konserveringsmedel (kaliumsorbat), emulgeringsmedel (vegetabiliskt E471, lecitin), färgämne (sockerkulör). Kan innehålla spår av MJÖLKPROTEIN. *Hållbart producerad från certifierade odlare.",
    "storage": "Rumstemperatur. Håller bättre i kyl och går att frysa!.",
    "allergens": "Kan innehålla Mjölk Innehåller Sojabönor Innehåller Spannmål som innehåller gluten",
    "usage": "",
    "nutrition": [
      {
        "Näringsvärde": "Energi (kcal)",
        "100 Gram": "480 kcal"
      },
      {
        "Näringsvärde": "Energi (kJ)",
        "100 Gram": "2000 kJ"
      },
      {
        "Näringsvärde": "Fett",
        "100 Gram": "30 g"
      },
      {
        "Näringsvärde": "Varav mättat fett",
        "100 Gram": "18 g"
      },
      {
        "Näringsvärde": "Kolhydrat",
        "100 Gram": "49 g"
      },
      {
        "Näringsvärde": "Varav sockerarter",
        "100 Gram": "30 g"
      },
      {
        "Näringsvärde": "Protein",
        "100 Gram": "5 g"
      },
      {
        "Näringsvärde": "Salt",
        "100 Gram": "0.4 g"
      }
    ],
    "nutritionUnitText": "Näringsvärde per 100 gram",
    "categories": {
      "mainCategory": "Bröd & Kakor",
      "subCategories": [
        {
          "name": "Kaffebröd",
          "subSubCategories": [
            "Kondisbitar & Bakelser"
          ]
        }
      ]
    }
  },
  {
    "name": "Knäckebröd Rågi 550g Wasa",
    "weightText": "0.55 kg",
    "caPart": "",
    "weightValue": 0.55,
    "weightUnit": "kg",
    "comparePrice": "50,00 kr/kg",
    "currentPrice": 27.5,
    "attributes": [
      "Nyckelhålet"
    ],
    "imgUrl": "https://handlaprivatkund.ica.se/images-v3/bf7a00ca-390e-4769-865f-dc369586872e/d59a1488-01fe-4675-b407-a5b55d0fa5ad/500x500.jpg",
    "productInformation": "Wasa Knäckebröd Rågi är bakat på rågmjöl och innehåller 77% fullkorn. Det är precis lika gott som våra andra rågknäckebröd, men något tunnare. Den milda smaken gör Rågi knäcke till ett perfekt tillbehör till alla måltider. Njut av en god knäckemacka med valfritt pålägg som mättar bra. Det här är ett knäckebröd rikt på fiber och järn, vilket ger dig ett näringsrikt mellanmål. Wasas rågknäcke Rågi är nyckelhålsmärkt och 100% klimatkompenserat.",
    "countryText": "",
    "companyText": "Wasa",
    "ingrediensText": "Ingredienser: fullkornsRÅGmjöl 77 g*, RÅGmjöl 28 g*, jäst, salt. *i g för 100 g produkt.",
    "storage": "Förvaras torrt och mörkt. Högsta förvaringstemperatur 25°C",
    "allergens": "Innehåller Spannmål som innehåller gluten",
    "usage": "",
    "nutrition": [
      {
        "Näringsvärde": "Energi (kcal)",
        "100 Gram": "336 kcal"
      },
      {
        "Näringsvärde": "Energi (kJ)",
        "100 Gram": "1415 kJ"
      },
      {
        "Näringsvärde": "Fett",
        "100 Gram": "1.5 g"
      },
      {
        "Näringsvärde": "Varav mättat fett",
        "100 Gram": "0.4 g"
      },
      {
        "Näringsvärde": "Kolhydrat",
        "100 Gram": "62 g"
      },
      {
        "Näringsvärde": "Varav sockerarter",
        "100 Gram": "1 g"
      },
      {
        "Näringsvärde": "Fiber",
        "100 Gram": "19 g"
      },
      {
        "Näringsvärde": "Protein",
        "100 Gram": "9 g"
      },
      {
        "Näringsvärde": "Salt",
        "100 Gram": "1 g"
      },
      {
        "Näringsvärde": "Järn",
        "100 Gram": "2.6 mg",
        "% av DRI(*)": "19"
      },
      {
        "Näringsvärde": "Magnesium",
        "100 Gram": "95 mg",
        "% av DRI(*)": "25"
      },
      {
        "Näringsvärde": "Zink",
        "100 Gram": "3.2 mg",
        "% av DRI(*)": "32"
      }
    ],
    "nutritionUnitText": "Näringsvärde per 100 gram",
    "categories": {
      "mainCategory": "Bröd & Kakor",
      "subCategories": [
        {
          "name": "Knäckebröd & Skorpor",
          "subSubCategories": [
            "Knäckebröd",
            "Mörkt knäckebröd"
          ]
        }
      ]
    }
  },
  {
    "name": "Majskakor Havssalt Glutenfri 130g Friggs",
    "weightText": "0.13 kg",
    "caPart": "",
    "weightValue": 0.13,
    "weightUnit": "kg",
    "comparePrice": "153,46 kr/kg",
    "currentPrice": 19.95,
    "attributes": [
      "Glutenfritt",
      "Nyckelhålet"
    ],
    "imgUrl": "https://handlaprivatkund.ica.se/images-v3/bf7a00ca-390e-4769-865f-dc369586872e/ca901495-1302-44ed-bb7a-65ecc4210ee0/500x500.jpg",
    "productInformation": "",
    "countryText": "",
    "companyText": "Friggs",
    "ingrediensText": "Ingredienser: Majs* (99,7%), havssalt (0,3%). *varav 51% fullkorn.",
    "storage": "Torrt, ej över normal rumstemperatur.",
    "allergens": "Kan innehålla spår av Sesamfrön, Sojabönor.",
    "usage": "",
    "nutrition": [
      {
        "Näringsvärde": "Energi (kcal)",
        "100 Gram": "387 kcal"
      },
      {
        "Näringsvärde": "Energi (kJ)",
        "100 Gram": "1637 kJ"
      },
      {
        "Näringsvärde": "Fett",
        "100 Gram": "2.3 g"
      },
      {
        "Näringsvärde": "Varav mättat fett",
        "100 Gram": "0.5 g"
      },
      {
        "Näringsvärde": "Kolhydrat",
        "100 Gram": "79 g"
      },
      {
        "Näringsvärde": "Varav sockerarter",
        "100 Gram": "1.3 g"
      },
      {
        "Näringsvärde": "Fiber",
        "100 Gram": "4.9 g"
      },
      {
        "Näringsvärde": "Protein",
        "100 Gram": "9.5 g"
      },
      {
        "Näringsvärde": "Salt",
        "100 Gram": "0.32 g"
      }
    ],
    "nutritionUnitText": "Näringsvärde per 100 gram",
    "categories": {
      "mainCategory": "Bröd & Kakor",
      "subCategories": [
        {
          "name": "Knäckebröd & Skorpor",
          "subSubCategories": [
            "Riskakor"
          ]
        }
      ]
    }
  },
  {
    "name": "Majskakor Ranch 125g ICA",
    "weightText": "0.125 kg",
    "caPart": "",
    "weightValue": 0.125,
    "weightUnit": "kg",
    "comparePrice": "143,60 kr/kg",
    "currentPrice": 17.95,
    "attributes": [],
    "imgUrl": "https://handlaprivatkund.ica.se/images-v3/bf7a00ca-390e-4769-865f-dc369586872e/db24bb6e-56a7-4bca-9b6d-b330772d010c/500x500.jpg",
    "productInformation": "ICA Majskakor Ranch är spröda majskakor. De har en god smak av vitlök, paprika och tomat. Passar utmärkt som mellanmål.",
    "countryText": "",
    "companyText": "ICA",
    "ingrediensText": "Majs* 80%, rapsolja, kryddblandning 7,9% (vasslepulver (från MJÖLK), salt, socker, druvsocker, lökpulver, tomatpulver, ostpulver (från MJÖLK), paprikapulver, surhetsreglerande medel (E270, E296, E330), jästextrakt, vitlökspulver, persilja, paprikaextrakt, arom). Kan innehålla spår av soja och sesamfrö. *Ursprung EU.",
    "storage": "Förvaras torrt och svalt, ej över normal rumstemperatur.",
    "allergens": "",
    "usage": "",
    "nutrition": [
      {
        "Näringsvärde": "Energi (kcal)",
        "100 Gram": "438 kcal"
      },
      {
        "Näringsvärde": "Energi (kJ)",
        "100 Gram": "1845 kJ"
      },
      {
        "Näringsvärde": "Fett",
        "100 Gram": "13 g"
      },
      {
        "Näringsvärde": "Varav mättat fett",
        "100 Gram": "1.3 g"
      },
      {
        "Näringsvärde": "Kolhydrat",
        "100 Gram": "73 g"
      },
      {
        "Näringsvärde": "Varav sockerarter",
        "100 Gram": "3.5 g"
      },
      {
        "Näringsvärde": "Fiber",
        "100 Gram": "2 g"
      },
      {
        "Näringsvärde": "Protein",
        "100 Gram": "6.3 g"
      },
      {
        "Näringsvärde": "Salt",
        "100 Gram": "1.4 g"
      }
    ],
    "nutritionUnitText": "Näringsvärde per 100 gram",
    "categories": {
      "mainCategory": "Bröd & Kakor",
      "subCategories": [
        {
          "name": "Knäckebröd & Skorpor",
          "subSubCategories": [
            "Riskakor"
          ]
        }
      ]
    }
  },
  {
    "name": "Original 300g Finn Crisp",
    "weightText": "0.3 kg",
    "caPart": "",
    "weightValue": 0.3,
    "weightUnit": "kg",
    "comparePrice": "75,00 kr/kg",
    "currentPrice": 22.5,
    "attributes": [],
    "imgUrl": "https://handlaprivatkund.ica.se/images-v3/bf7a00ca-390e-4769-865f-dc369586872e/1c44338d-c6d3-4497-abb4-20719a7e547b/500x500.jpg",
    "productInformation": "Delikat tunn surdegsskorpa med fyllig rågsmak och knaprig munkänsla",
    "countryText": "",
    "companyText": "Finn Crisp",
    "ingrediensText": "fullkornsRÅGmjöl, surdeg 25 % (fullkornsRÅGmjöl, vatten), salt och jäst. Innehåller 95 % fullkornsråg. Kan innehålla spår av sesamfrön.",
    "storage": "Förvaras torrt.",
    "allergens": "Kan innehålla spår av Sesamfrön.",
    "usage": "",
    "nutrition": [
      {
        "Näringsvärde": "Energi (kcal)",
        "100 Gram": "348 kcal"
      },
      {
        "Näringsvärde": "Energi (kJ)",
        "100 Gram": "1454 kJ"
      },
      {
        "Näringsvärde": "Fett",
        "100 Gram": "1.9 g"
      },
      {
        "Näringsvärde": "Varav mättat fett",
        "100 Gram": "0.4 g"
      },
      {
        "Näringsvärde": "Kolhydrat",
        "100 Gram": "61 g"
      },
      {
        "Näringsvärde": "Varav sockerarter",
        "100 Gram": "1.1 g"
      },
      {
        "Näringsvärde": "Fiber",
        "100 Gram": "20 g"
      },
      {
        "Näringsvärde": "Protein",
        "100 Gram": "11 g"
      },
      {
        "Näringsvärde": "Salt",
        "100 Gram": "1.2 g"
      }
    ],
    "nutritionUnitText": "Näringsvärde per 100 gram",
    "categories": {
      "mainCategory": "Bröd & Kakor",
      "subCategories": [
        {
          "name": "Knäckebröd & Skorpor",
          "subSubCategories": [
            "Knäckebröd",
            "Mörkt knäckebröd"
          ]
        }
      ]
    }
  },
  {
    "name": "Kakor Choklad 176g Brago",
    "weightText": "0.175 kg",
    "caPart": "",
    "weightValue": 0.175,
    "weightUnit": "kg",
    "comparePrice": "142,57 kr/kg",
    "currentPrice": 24.95,
    "attributes": [
      "Rainforest Alliance certifierad"
    ],
    "imgUrl": "https://handlaprivatkund.ica.se/images-v3/bf7a00ca-390e-4769-865f-dc369586872e/6daf6399-3e5a-4202-b200-39904d14a21f/500x500.jpg",
    "productInformation": "Brago Choklad är spröda mördegskex doppade i mjölkchoklad. Brago är svenska folkets vardagsfavorit bland kexen. Det spröda mördegskexen med den milda vaniljsmaken har funnits sedan 1953.",
    "countryText": "",
    "companyText": "Göteborgs",
    "ingrediensText": "Ingredienser: VETEMJÖL/HVEDEMEL, mjölkchoklad 23 % (socker, kakaosmör¹, MJÖLKPULVER/MӔLKEPULVER, kakaomassa¹, emulgeringsmedel (SOJALECITIN), arom), socker, vegetabilisk olja (raps, shea, kokos), VETESTÄRKELSE/HVEDESTIVELSE, sirap, bakpulver/hævemiddel (hjorthornssalt E503, natriumbikarbonat), salt, emulgeringsmedel (lecitin), aromer. Kan innehålla spår av HASSELNÖTTER/HASSELNØDDER. Mjölkchokladen innehåller minst 35 % kakao. ¹Rainforest Alliance Certified. För mer info se ra.org.",
    "storage": "",
    "allergens": "",
    "usage": "",
    "nutrition": [
      {
        "Näringsvärde": "Energi (kcal)",
        "100 Gram": "486 kcal"
      },
      {
        "Näringsvärde": "Energi (kJ)",
        "100 Gram": "2040 kJ"
      },
      {
        "Näringsvärde": "Fett",
        "100 Gram": "21 g"
      },
      {
        "Näringsvärde": "Varav mättat fett",
        "100 Gram": "8 g"
      },
      {
        "Näringsvärde": "Kolhydrat",
        "100 Gram": "67 g"
      },
      {
        "Näringsvärde": "Varav sockerarter",
        "100 Gram": "30 g"
      },
      {
        "Näringsvärde": "Fiber",
        "100 Gram": "2.6 g"
      },
      {
        "Näringsvärde": "Protein",
        "100 Gram": "6.9 g"
      },
      {
        "Näringsvärde": "Salt",
        "100 Gram": "0.6 g"
      }
    ],
    "nutritionUnitText": "Näringsvärde per 100 gram",
    "categories": {
      "mainCategory": "Bröd & Kakor",
      "subCategories": [
        {
          "name": "Kaffebröd",
          "subSubCategories": [
            "Kex & kakor",
            "Söta kex & Kakor",
            "Söta kex"
          ]
        }
      ]
    }
  },
  {
    "name": "Kladdkaka Fryst 400g Frödinge",
    "weightText": "0.4 kg",
    "caPart": "",
    "weightValue": 0.4,
    "weightUnit": "kg",
    "comparePrice": "82,38 kr/kg",
    "currentPrice": 32.95,
    "attributes": [
      "Rainforest Alliance certifierad"
    ],
    "imgUrl": "https://handlaprivatkund.ica.se/images-v3/bf7a00ca-390e-4769-865f-dc369586872e/2806fb2b-d8e0-4de4-aa39-1ce84f7e3eed/500x500.jpg",
    "productInformation": "Kladdkaka med mjuk chokladbotten och precis så kladdig och chokladig som en kladdkaka ska vara.",
    "countryText": "",
    "companyText": "Frödinge",
    "ingrediensText": "Socker, VETEMJÖL, ÄGG, vegetabilisk olja (raps), fettreducerat kakaopulver*, vatten, dextros, salt, stärkelse (VETE, potatis), VETEMALT, arom, salt, mjölbehandlingsmedel (askorbinsyra). *Rainforest Alliance-certifierad. Läs mer på ra.org",
    "storage": "I frysutrymme (-18° eller kallare): Se Bäst före-märkning. I kylskåp eller vid rumstemperatur: Tinad vara hanteras som färskvara. Lägsta förvaringstemperatur -25°C Högsta förvaringstemperatur -18°C",
    "allergens": "Innehåller Ägg Innehåller Spannmål som innehåller gluten",
    "usage": "",
    "nutrition": [
      {
        "Näringsvärde": "Energi (kcal)",
        "100 Gram": "386 kcal"
      },
      {
        "Näringsvärde": "Energi (kJ)",
        "100 Gram": "1613 kJ"
      },
      {
        "Näringsvärde": "Fett",
        "100 Gram": "14 g"
      },
      {
        "Näringsvärde": "Varav mättat fett",
        "100 Gram": "1.8 g"
      },
      {
        "Näringsvärde": "Kolhydrat",
        "100 Gram": "58 g"
      },
      {
        "Näringsvärde": "Varav sockerarter",
        "100 Gram": "37 g"
      },
      {
        "Näringsvärde": "Fiber",
        "100 Gram": "2 g"
      },
      {
        "Näringsvärde": "Protein",
        "100 Gram": "5 g"
      },
      {
        "Näringsvärde": "Salt",
        "100 Gram": "0.32 g"
      }
    ],
    "nutritionUnitText": "Näringsvärde per 100 gram",
    "categories": {
      "mainCategory": "Bröd & Kakor",
      "subCategories": [
        {
          "name": "Kaffebröd",
          "subSubCategories": [
            "Tårtor & Pajer",
            "Frysta tårtor & Pajer"
          ]
        }
      ]
    }
  },
  {
    "name": "Halländskt Bondbröd 1kg ICA Selection",
    "weightText": "1 kg",
    "caPart": "",
    "weightValue": 1,
    "weightUnit": "kg",
    "comparePrice": "37,50 kr/kg",
    "currentPrice": 37.5,
    "attributes": [
      "Från Sverige",
      "Ursprungsland Sverige"
    ],
    "imgUrl": "https://handlaprivatkund.ica.se/images-v3/bf7a00ca-390e-4769-865f-dc369586872e/113f4baf-d3c2-4a1d-adc7-067ce691f9ba/500x500.jpg",
    "productInformation": "ICA Selection Halländskt bondbröd har inga kryddor utan skållningen och surdeg skapar ett milt balanserat bröd. Den välgräddade mjuka skorpan på toppen tillför en kombination av sötma och lite beska.",
    "countryText": "Sverige",
    "companyText": "ICA Selection",
    "ingrediensText": "VETEMJÖL*, RÅGMJÖL*, vatten, skållat VETE*- och RÅGMJÖL*, surdeg (RÅGMJÖL*, VETEMJÖL*, vatten, KORNMALT), KORNMALT, sirap*, rapsolja, jäst, salt.",
    "storage": "",
    "allergens": "",
    "usage": "",
    "nutrition": [
      {
        "Näringsvärde": "Energi (kcal)",
        "100 Gram": "261 kcal"
      },
      {
        "Näringsvärde": "Energi (kJ)",
        "100 Gram": "1105 kJ"
      },
      {
        "Näringsvärde": "Fett",
        "100 Gram": "2 g"
      },
      {
        "Näringsvärde": "Varav mättat fett",
        "100 Gram": "0.5 g"
      },
      {
        "Näringsvärde": "Kolhydrat",
        "100 Gram": "52 g"
      },
      {
        "Näringsvärde": "Varav sockerarter",
        "100 Gram": "4.7 g"
      },
      {
        "Näringsvärde": "Fiber",
        "100 Gram": "3.9 g"
      },
      {
        "Näringsvärde": "Protein",
        "100 Gram": "6.8 g"
      },
      {
        "Näringsvärde": "Salt",
        "100 Gram": "0.7 g"
      }
    ],
    "nutritionUnitText": "Näringsvärde per 100 gram",
    "categories": {
      "mainCategory": "Bröd & Kakor",
      "subCategories": [
        {
          "name": "Matbröd",
          "subSubCategories": [
            "Ljust bröd",
            "Limpa"
          ]
        }
      ]
    }
  },
  {
    "name": "Mini rut Brungräddat 200g Leksands Knäckebröd",
    "weightText": "0.2 kg",
    "caPart": "",
    "weightValue": 0.2,
    "weightUnit": "kg",
    "comparePrice": "79,75 kr/kg",
    "currentPrice": 15.95,
    "attributes": [
      "Från Sverige",
      "Nyckelhålet",
      "Ursprungsland Sverige"
    ],
    "imgUrl": "https://handlaprivatkund.ica.se/images-v3/bf7a00ca-390e-4769-865f-dc369586872e/7f116393-922b-466c-8c8c-4b755fe0a9a2/500x500.jpg",
    "productInformation": "Mini Rut brungräddat från LEKSANDS KNÄCKEBRÖD är bakat enligt vårt gamla familjerecept med enbart naturliga råvaror: Närodlad fullkornsråg och vatten från egen källa. Degen naggas med en speciell kavel som gör brödet rutigt. Dessutom gräddas Minirut brungräddat lite längre och blir då mörkare och får en rikare smak. Äkta njutning sedan 1817.",
    "countryText": "Sverige",
    "companyText": "Leksands Knäcke",
    "ingrediensText": "Ingredienser: FULLKORNSRÅGMJÖL/FULDKORNSRUGMEL**, vatten/vand**, jäst/gær**, salt. **Från Sverige",
    "storage": "",
    "allergens": "",
    "usage": "",
    "nutrition": [
      {
        "Näringsvärde": "Energi (kcal)",
        "100 Gram": "350 kcal"
      },
      {
        "Näringsvärde": "Energi (kJ)",
        "100 Gram": "1400 kJ"
      },
      {
        "Näringsvärde": "Fett",
        "100 Gram": "1.6 g"
      },
      {
        "Näringsvärde": "Varav mättat fett",
        "100 Gram": "0.3 g"
      },
      {
        "Näringsvärde": "Kolhydrat",
        "100 Gram": "60 g"
      },
      {
        "Näringsvärde": "Varav sockerarter",
        "100 Gram": "0.5 g"
      },
      {
        "Näringsvärde": "Fiber",
        "100 Gram": "20 g"
      },
      {
        "Näringsvärde": "Protein",
        "100 Gram": "8.9 g"
      },
      {
        "Näringsvärde": "Salt",
        "100 Gram": "1.2 g"
      }
    ],
    "nutritionUnitText": "Näringsvärde per 100 gram",
    "categories": {
      "mainCategory": "Bröd & Kakor",
      "subCategories": [
        {
          "name": "Knäckebröd & Skorpor",
          "subSubCategories": [
            "Knäckebröd",
            "Mörkt knäckebröd"
          ]
        }
      ]
    }
  },
  {
    "name": "Knäckebröd Din Stund Mini Chia & Havssalt 270g Wasa",
    "weightText": "0.27 kg",
    "caPart": "",
    "weightValue": 0.27,
    "weightUnit": "kg",
    "comparePrice": "127,78 kr/kg",
    "currentPrice": 34.5,
    "attributes": [
      "Nyckelhålet"
    ],
    "imgUrl": "https://handlaprivatkund.ica.se/images-v3/bf7a00ca-390e-4769-865f-dc369586872e/286b52fb-bd72-4f69-b5a3-e794a7d751f7/500x500.jpg",
    "productInformation": "Wasa Din Stund Mini Chia och & Havssalt är ett knäckebröd som är bakat med endast tre ingredienser; rågmjöl, jäst och salt som sedan toppats med chiafrön och havssalt. Detta chiaknäckebröd har precis samma recept och innehåll som Din Stund men finns nu alltså även i ett mindre format. Din Stund Mini är ett krispigt knäcke med en rund och nötig karaktär samt mycket kostfiber. Ett perfekt hårdbröd till frukosten med ditt favoritpålägg eller som mellanmål under dagen. Wasa Din Stund Mini är 100% klimatkompenserat.",
    "countryText": "",
    "companyText": "Wasa",
    "ingrediensText": "Ingredienser: FullkornsRÅGmjöl 100 g*, chiafrön (Salvia hispanica) 5,0 g*, jäst, havssalt 0,6 g*, salt. *g för 100 g produkt. Kan innehålla spår av LUPIN, MJÖLK, SENAP, SESAMFRÖN och SOJABÖNOR.",
    "storage": "",
    "allergens": "",
    "usage": "",
    "nutrition": [
      {
        "Näringsvärde": "Energi (kcal)",
        "100 Gram": "350 kcal"
      },
      {
        "Näringsvärde": "Energi (kJ)",
        "100 Gram": "1472 kJ"
      },
      {
        "Näringsvärde": "Fett",
        "100 Gram": "4 g"
      },
      {
        "Näringsvärde": "Varav mättat fett",
        "100 Gram": "0.5 g"
      },
      {
        "Näringsvärde": "Kolhydrat",
        "100 Gram": "58 g"
      },
      {
        "Näringsvärde": "Varav sockerarter",
        "100 Gram": "0.5 g"
      },
      {
        "Näringsvärde": "Fiber",
        "100 Gram": "21 g"
      },
      {
        "Näringsvärde": "Protein",
        "100 Gram": "10 g"
      },
      {
        "Näringsvärde": "Salt",
        "100 Gram": "1.2 g"
      }
    ],
    "nutritionUnitText": "Näringsvärde per 100 gram",
    "categories": {
      "mainCategory": "Bröd & Kakor",
      "subCategories": [
        {
          "name": "Knäckebröd & Skorpor",
          "subSubCategories": [
            "Knäckebröd",
            "Ljust knäckebröd"
          ]
        }
      ]
    }
  },
  {
    "name": "Pizzabotten 2-p 360g 360g ICA",
    "weightText": "0.36 kg",
    "caPart": "",
    "weightValue": 0.36,
    "weightUnit": "kg",
    "comparePrice": "97,08 kr/kg",
    "currentPrice": 34.95,
    "attributes": [],
    "imgUrl": "https://handlaprivatkund.ica.se/images-v3/bf7a00ca-390e-4769-865f-dc369586872e/bdb44c8b-5bed-4190-a937-6df3c9ddb512/500x500.jpg",
    "productInformation": "ICAs stenungsbakade pizzabotten blir klar i ett nafs. Bred bara på tomatsås, strössla över dina favoritingredienser och grädda i ugnen. Klart!",
    "countryText": "",
    "companyText": "ICA",
    "ingrediensText": "Ingredienser: VETEMJÖL, vatten, olivolja, salt, jäst, konserveringsmedel: E282.",
    "storage": "",
    "allergens": "",
    "usage": "",
    "nutrition": [
      {
        "Näringsvärde": "Energi (kcal)",
        "100 Gram": "300 kcal"
      },
      {
        "Näringsvärde": "Energi (kJ)",
        "100 Gram": "1250 kJ"
      },
      {
        "Näringsvärde": "Fett",
        "100 Gram": "6.6 g"
      },
      {
        "Näringsvärde": "Varav mättat fett",
        "100 Gram": "1 g"
      },
      {
        "Näringsvärde": "Kolhydrat",
        "100 Gram": "49 g"
      },
      {
        "Näringsvärde": "Varav sockerarter",
        "100 Gram": "2 g"
      },
      {
        "Näringsvärde": "Fiber",
        "100 Gram": "2.8 g"
      },
      {
        "Näringsvärde": "Protein",
        "100 Gram": "9.5 g"
      },
      {
        "Näringsvärde": "Salt",
        "100 Gram": "1.2 g"
      }
    ],
    "nutritionUnitText": "Näringsvärde per 100 gram",
    "categories": {
      "mainCategory": "Bröd & Kakor",
      "subCategories": [
        {
          "name": "Korvbröd, Hamburgerbröd & Maträttsbröd",
          "subSubCategories": [
            "Pizzabotten"
          ]
        }
      ]
    }
  },
  {
    "name": "Mariekex 200g ICA",
    "weightText": "0.2 kg",
    "caPart": "",
    "weightValue": 0.2,
    "weightUnit": "kg",
    "comparePrice": "54,75 kr/kg",
    "currentPrice": 10.95,
    "attributes": [],
    "imgUrl": "https://handlaprivatkund.ica.se/images-v3/bf7a00ca-390e-4769-865f-dc369586872e/c54ea018-6648-4fd8-a35e-23fb5e81d0b2/500x500.jpg",
    "productInformation": "ICA Mariekex är spröda och möra kex bakade på vetemjöl. Perfekta till utflykten!",
    "countryText": "",
    "companyText": "ICA",
    "ingrediensText": "VETEMJÖL, socker, solrosolja 11%, salt, glukosfruktossirap, bakpulver/hevemidler (E500, E503), arom.",
    "storage": "",
    "allergens": "",
    "usage": "",
    "nutrition": [],
    "nutritionUnitText": "",
    "categories": {
      "mainCategory": "Bröd & Kakor",
      "subCategories": [
        {
          "name": "Kaffebröd",
          "subSubCategories": [
            "Kex & kakor",
            "Söta kex & Kakor",
            "Söta kex"
          ]
        }
      ]
    }
  },
  {
    "name": "Småbröd med topping 6-p 300g ICA",
    "weightText": "0.3 kg",
    "caPart": "",
    "weightValue": 0.3,
    "weightUnit": "kg",
    "comparePrice": "93,17 kr/kg",
    "currentPrice": 27.95,
    "attributes": [],
    "imgUrl": "https://handlaprivatkund.ica.se/images-v3/bf7a00ca-390e-4769-865f-dc369586872e/69e2cafc-072b-4204-92f1-f38cbb32541f/500x500.jpg",
    "productInformation": "ICA Småbröd är nygräddade efter 8–10 minuter i ugnen.",
    "countryText": "",
    "companyText": "ICA",
    "ingrediensText": "VETEMJÖL, vatten, RÅGMJÖL, jäst, SESAMFRÖ 2%, vallmofrö 2%, VETEGLUTEN, VETESURDEG, salt, VETEMALT, rismjöl.",
    "storage": "Oöppnad förpacking förvaras i rumstemperatur. Öppnad förpackning försluts och förvaras i kylskåp +8°C i max två dygn.",
    "allergens": "",
    "usage": "",
    "nutrition": [
      {
        "Näringsvärde": "Energi (kcal)",
        "100 Gram": "300 kcal"
      },
      {
        "Näringsvärde": "Energi (kJ)",
        "100 Gram": "1250 kJ"
      },
      {
        "Näringsvärde": "Fett",
        "100 Gram": "2.6 g"
      },
      {
        "Näringsvärde": "Varav mättat fett",
        "100 Gram": "0.5 g"
      },
      {
        "Näringsvärde": "Kolhydrat",
        "100 Gram": "54 g"
      },
      {
        "Näringsvärde": "Varav sockerarter",
        "100 Gram": "4.9 g"
      },
      {
        "Näringsvärde": "Fiber",
        "100 Gram": "3.8 g"
      },
      {
        "Näringsvärde": "Protein",
        "100 Gram": "12 g"
      },
      {
        "Näringsvärde": "Salt",
        "100 Gram": "1 g"
      }
    ],
    "nutritionUnitText": "Näringsvärde per 100 gram",
    "categories": {
      "mainCategory": "Bröd & Kakor",
      "subCategories": [
        {
          "name": "Matbröd",
          "subSubCategories": [
            "Grädda hemma"
          ]
        }
      ]
    }
  },
  {
    "name": "Havre formbröd Glutenfritt 500g Fria",
    "weightText": "0.5 kg",
    "caPart": "",
    "weightValue": 0.5,
    "weightUnit": "kg",
    "comparePrice": "65,90 kr/kg",
    "currentPrice": 32.95,
    "attributes": [
      "Glutenfritt",
      "Nyckelhålet",
      "Laktosfritt"
    ],
    "imgUrl": "https://handlaprivatkund.ica.se/images-v3/bf7a00ca-390e-4769-865f-dc369586872e/5b8385fd-fdc9-4e26-a6ad-7542258befd8/500x500.jpg",
    "productInformation": "Havre är ett osötat, nyckelhålsmärkt, havrebröd med 5,7 % fibrer. Bakat på ren, glutenfri fullkornshavre med en fyllig, rund och god smak. Nyckelhålet är en garant för att du får i dig mindre socker och salt och mer fullkorn och fibrer.",
    "countryText": "",
    "companyText": "Fria",
    "ingrediensText": "GLUTENFRI VETESTÄRKELSE, vatten, GLUTENFRIA FULLKORNSHAVREFLINGOR (13%), GLUTENFRITT MALTEXTRAKT (KORN), förtjockningsmedel (cellulosagummi, guarkärnmjöl, xantangummi), maltodextrin (majs), sirap (endast som jästnäring), jäst, rapsolja, psylliumfröskal, majsstärkelse, emulgeringsmedel (lecitin [raps], mono- och diglycerider av fettsyror [veg.]), salt, aromer. Innehåller 13% fullkorn, motsvarar 22% av torrvikten. KAN INNEHÅLLA SPÅR AV ÄGG.",
    "storage": "Lägsta förvaringstemperatur -30°C Högsta förvaringstemperatur -18°C",
    "allergens": "Kan innehålla Ägg",
    "usage": "",
    "nutrition": [
      {
        "Näringsvärde": "Energi (kcal)",
        "100 Gram": "240 kcal"
      },
      {
        "Näringsvärde": "Energi (kJ)",
        "100 Gram": "1000 kJ"
      },
      {
        "Näringsvärde": "Fett",
        "100 Gram": "3.4 g"
      },
      {
        "Näringsvärde": "Varav mättat fett",
        "100 Gram": "0.7 g"
      },
      {
        "Näringsvärde": "Kolhydrat",
        "100 Gram": "46 g"
      },
      {
        "Näringsvärde": "Varav sockerarter",
        "100 Gram": "3.6 g"
      },
      {
        "Näringsvärde": "Fiber",
        "100 Gram": "6.1 g"
      },
      {
        "Näringsvärde": "Protein",
        "100 Gram": "2.2 g"
      },
      {
        "Näringsvärde": "Salt",
        "100 Gram": "1 g"
      }
    ],
    "nutritionUnitText": "Näringsvärde per 100 gram",
    "categories": {
      "mainCategory": "Bröd & Kakor",
      "subCategories": [
        {
          "name": "Glutenfritt bröd & Kakor",
          "subSubCategories": [
            "Glutenfritt bröd",
            "Glutenfritt fryst bröd"
          ]
        }
      ]
    }
  },
  {
    "name": "Gifflar Vanilj 280g Pågen",
    "weightText": "0.28 kg",
    "caPart": "",
    "weightValue": 0.28,
    "weightUnit": "kg",
    "comparePrice": "89,11 kr/kg",
    "currentPrice": 24.95,
    "attributes": [],
    "imgUrl": "https://handlaprivatkund.ica.se/images-v3/bf7a00ca-390e-4769-865f-dc369586872e/b0adf911-c4ad-4c8e-9b81-2ee79d49d042/500x500.jpg",
    "productInformation": "Vi vet, det är omöjligt att öppna en påse gifflar och bara äta en. Det är som att det är något magiskt i den här påsen som drar handen till sig, igen och igen. Det är faktiskt inte magi, det är bara oemotståndligt goda gifflar med härlig, virvlande fyllning. Så lagom små och goda att du bara vill ta en till. Gifflar Vanilj är bakade i Sverige på svenskt mjöl från Pågens egna kvarn.",
    "countryText": "",
    "companyText": "Pågen",
    "ingrediensText": "VETEmjöl, vatten, socker, vegetabilisk olja (raps), MANDEL (3,5%), MJÖLK, skumMJÖLK, ÄGG, glukossirap, invertsocker, malt av KORN, jäst, salt, modifierad stärkelse (potatis), bakpulver (E450, E500), vegetabiliskt emulgeringsmedel (E471), konserveringsmedel (E200, E202, E282), mjölbehandlingsmedel (askorbinsyra), vaniljaromer, naturlig vaniljarom.Gifflar Vanilj innehåller 25% mandel- och vaniljfyllning.",
    "storage": "",
    "allergens": "",
    "usage": "",
    "nutrition": [
      {
        "Näringsvärde": "Energi (kcal)",
        "100 Gram": "350 kcal"
      },
      {
        "Näringsvärde": "Energi (kJ)",
        "100 Gram": "1471 kJ"
      },
      {
        "Näringsvärde": "Fett",
        "100 Gram": "11 g"
      },
      {
        "Näringsvärde": "Varav mättat fett",
        "100 Gram": "1.2 g"
      },
      {
        "Näringsvärde": "Kolhydrat",
        "100 Gram": "54 g"
      },
      {
        "Näringsvärde": "Varav sockerarter",
        "100 Gram": "17 g"
      },
      {
        "Näringsvärde": "Protein",
        "100 Gram": "7.6 g"
      },
      {
        "Näringsvärde": "Salt",
        "100 Gram": "0.46 g"
      }
    ],
    "nutritionUnitText": "Näringsvärde per 100 gram",
    "categories": {
      "mainCategory": "Bröd & Kakor",
      "subCategories": [
        {
          "name": "Kaffebröd",
          "subSubCategories": [
            "Bullar & Vetelängder",
            "Bullar"
          ]
        }
      ]
    }
  },
  {
    "name": "Chokladbollar 6-p 240g ICA",
    "weightText": "0.24 kg",
    "caPart": "",
    "weightValue": 0.24,
    "weightUnit": "kg",
    "comparePrice": "78,96 kr/kg",
    "currentPrice": 18.95,
    "attributes": [
      "Rainforest Alliance certifierad"
    ],
    "imgUrl": "https://handlaprivatkund.ica.se/images-v3/bf7a00ca-390e-4769-865f-dc369586872e/956c5109-35e2-4142-b939-3f602e5fcf71/500x500.jpg",
    "productInformation": "Chokladbollar toppade med kokos. Passar för kaffestunden eller picknicken. Även passande att ha hemma i skafferiet om du får trevligt sällskap!",
    "countryText": "",
    "companyText": "ICA",
    "ingrediensText": "HAVREGRYN, socker, margarin (vegetabiliskt fett (palm*, kokos), rapsolja, vatten, salt, emulgeringsmedel (E471), arom, färgämne (E160a)), kakaoglasyr (socker, vegetabilisk fett (palmkärn*), fettreducerat kakao- pulver**, emulgeringsmedel (E322, E492)), kokosflingor, fettreducerat kakaopulver**, aromer, konserveringsmedel (E202). Kan innehålla spår av mjölk. *Läs om hållbarhets-certifierad palmolja på ica.se. **Rainforest Alliance-certifierad. Läs mer på www.ra.org.",
    "storage": "",
    "allergens": "",
    "usage": "",
    "nutrition": [
      {
        "Näringsvärde": "Energi (kcal)",
        "100 Gram": "481 kcal"
      },
      {
        "Näringsvärde": "Energi (kJ)",
        "100 Gram": "2006 kJ"
      },
      {
        "Näringsvärde": "Fett",
        "100 Gram": "27 g"
      },
      {
        "Näringsvärde": "Varav mättat fett",
        "100 Gram": "13 g"
      },
      {
        "Näringsvärde": "Kolhydrat",
        "100 Gram": "51 g"
      },
      {
        "Näringsvärde": "Varav sockerarter",
        "100 Gram": "31 g"
      },
      {
        "Näringsvärde": "Fiber",
        "100 Gram": "5 g"
      },
      {
        "Näringsvärde": "Protein",
        "100 Gram": "5.7 g"
      },
      {
        "Näringsvärde": "Salt",
        "100 Gram": "0.43 g"
      }
    ],
    "nutritionUnitText": "Näringsvärde per 100 gram",
    "categories": {
      "mainCategory": "Bröd & Kakor",
      "subCategories": [
        {
          "name": "Kaffebröd",
          "subSubCategories": [
            "Kondisbitar & Bakelser"
          ]
        }
      ]
    }
  },
  {
    "name": "Rågbitar Soft 360g Hatting",
    "weightText": "0.36 kg",
    "caPart": "",
    "weightValue": 0.36,
    "weightUnit": "kg",
    "comparePrice": "66,53 kr/kg",
    "currentPrice": 23.95,
    "attributes": [
      "Nyckelhålet"
    ],
    "imgUrl": "https://handlaprivatkund.ica.se/images-v3/bf7a00ca-390e-4769-865f-dc369586872e/8fa66822-92ff-4efe-aba0-1d16d1c2c373/500x500.jpg",
    "productInformation": "",
    "countryText": "",
    "companyText": "Hatting",
    "ingrediensText": "Ingredienser: FULLKORNSRÅG (mjöl, flingor, malt), vatten, RÅGMJÖL, VETEMJÖL, sirap, VETEGLUTEN, jäst, vegetabilisk fiber (potatis, psyllium), salt, förtjockningsmedel (E412), emulgeringsmedel (E471), konserveringsmedel (E200), mjölbehandlingsmedel (E300).",
    "storage": "",
    "allergens": "",
    "usage": "",
    "nutrition": [
      {
        "Näringsvärde": "Energi (kcal)",
        "100 Gram": "234 kcal"
      },
      {
        "Näringsvärde": "Energi (kJ)",
        "100 Gram": "989 kJ"
      },
      {
        "Näringsvärde": "Fett",
        "100 Gram": "1.6 g"
      },
      {
        "Näringsvärde": "Varav mättat fett",
        "100 Gram": "0.4 g"
      },
      {
        "Näringsvärde": "Kolhydrat",
        "100 Gram": "42 g"
      },
      {
        "Näringsvärde": "Varav sockerarter",
        "100 Gram": "2.5 g"
      },
      {
        "Näringsvärde": "Fiber",
        "100 Gram": "11 g"
      },
      {
        "Näringsvärde": "Protein",
        "100 Gram": "7.5 g"
      },
      {
        "Näringsvärde": "Salt",
        "100 Gram": "1.1 g"
      }
    ],
    "nutritionUnitText": "Näringsvärde per 100 gram",
    "categories": {
      "mainCategory": "Bröd & Kakor",
      "subCategories": [
        {
          "name": "Matbröd",
          "subSubCategories": [
            "Mörkt & Grovt bröd",
            "Mörkt styckpackat bröd"
          ]
        }
      ]
    }
  },
  {
    "name": "Mini rut Normalgräddat 200g Leksands Knäckebröd",
    "weightText": "0.2 kg",
    "caPart": "",
    "weightValue": 0.2,
    "weightUnit": "kg",
    "comparePrice": "79,75 kr/kg",
    "currentPrice": 15.95,
    "attributes": [
      "Från Sverige",
      "Nyckelhålet",
      "Ursprungsland Sverige"
    ],
    "imgUrl": "https://handlaprivatkund.ica.se/images-v3/bf7a00ca-390e-4769-865f-dc369586872e/22b0c2af-e333-47c3-835e-0eeb767bc424/500x500.jpg",
    "productInformation": "Mini Rut från LEKSANDS KNÄCKEBRÖD är bakat enligt vårt gamla familjerecept med enbart naturliga råvaror: Närodlad fullkornsråg och vatten från egen källa. Degen naggas med en speciell kavel som gör brödet rutigt. Äkta njutning sedan 1817.",
    "countryText": "Sverige",
    "companyText": "Leksands Knäcke",
    "ingrediensText": "Ingredienser: FULLKORNSRÅGMJÖL/FULDKORNSRUGMEL**, vatten/vand**, jäst/gær**, salt **Från Sverige",
    "storage": "",
    "allergens": "",
    "usage": "",
    "nutrition": [
      {
        "Näringsvärde": "Energi (kcal)",
        "100 Gram": "350 kcal"
      },
      {
        "Näringsvärde": "Energi (kJ)",
        "100 Gram": "1400 kJ"
      },
      {
        "Näringsvärde": "Fett",
        "100 Gram": "1.6 g"
      },
      {
        "Näringsvärde": "Varav mättat fett",
        "100 Gram": "0.3 g"
      },
      {
        "Näringsvärde": "Kolhydrat",
        "100 Gram": "60 g"
      },
      {
        "Näringsvärde": "Varav sockerarter",
        "100 Gram": "0.5 g"
      },
      {
        "Näringsvärde": "Fiber",
        "100 Gram": "20 g"
      },
      {
        "Näringsvärde": "Protein",
        "100 Gram": "8.9 g"
      },
      {
        "Näringsvärde": "Salt",
        "100 Gram": "1.2 g"
      }
    ],
    "nutritionUnitText": "Näringsvärde per 100 gram",
    "categories": {
      "mainCategory": "Bröd & Kakor",
      "subCategories": [
        {
          "name": "Knäckebröd & Skorpor",
          "subSubCategories": [
            "Knäckebröd",
            "Mörkt knäckebröd"
          ]
        }
      ]
    }
  },
  {
    "name": "Limpan Glutenfri Fryst 500g Fria",
    "weightText": "0.5 kg",
    "caPart": "",
    "weightValue": 0.5,
    "weightUnit": "kg",
    "comparePrice": "65,90 kr/kg",
    "currentPrice": 32.95,
    "attributes": [
      "Glutenfritt",
      "Laktosfritt"
    ],
    "imgUrl": "https://handlaprivatkund.ica.se/images-v3/bf7a00ca-390e-4769-865f-dc369586872e/3bdf8692-b536-45c4-9de8-5c883f4c0f00/500x500.jpg",
    "productInformation": "En svensk klassiker på frukostbordet. En mjuk, saftig Limpa som är lätt pomeranskryddad. Gluten-, laktos och mjölkproteinfri.",
    "countryText": "",
    "companyText": "Fria",
    "ingrediensText": "GLUTENFRI VETESTÄRKELSE, vatten, sirap, jäst, GLUTENFRITT MALTEXTRAKT (KORN), förtjockningsmedel (cellulosagummi, guarkärnmjöl, xantangummi), rapsolja, maltodextrin (majs), psylliumfröskal, äppelfiber, sockerbetsfiber, pomerans, emulgeringsmedel (lecitin [raps], mono- och diglycerider av fettsyror [veg.]), majsstärkelse, salt, aromer. KAN INNEHÅLLA SPÅR AV ÄGG.",
    "storage": "Lägsta förvaringstemperatur -30°C Högsta förvaringstemperatur -18°C",
    "allergens": "Kan innehålla Ägg",
    "usage": "",
    "nutrition": [
      {
        "Näringsvärde": "Energi (kcal)",
        "100 Gram": "270 kcal"
      },
      {
        "Näringsvärde": "Energi (kJ)",
        "100 Gram": "1150 kJ"
      },
      {
        "Näringsvärde": "Fett",
        "100 Gram": "3.7 g"
      },
      {
        "Näringsvärde": "Varav mättat fett",
        "100 Gram": "0.6 g"
      },
      {
        "Näringsvärde": "Kolhydrat",
        "100 Gram": "56 g"
      },
      {
        "Näringsvärde": "Varav sockerarter",
        "100 Gram": "9.4 g"
      },
      {
        "Näringsvärde": "Fiber",
        "100 Gram": "4.7 g"
      },
      {
        "Näringsvärde": "Protein",
        "100 Gram": "0.9 g"
      },
      {
        "Näringsvärde": "Salt",
        "100 Gram": "1.3 g"
      }
    ],
    "nutritionUnitText": "Näringsvärde per 100 gram",
    "categories": {
      "mainCategory": "Bröd & Kakor",
      "subCategories": [
        {
          "name": "Glutenfritt bröd & Kakor",
          "subSubCategories": [
            "Glutenfritt bröd",
            "Glutenfritt fryst bröd"
          ]
        }
      ]
    }
  },
  {
    "name": "Krustader mini 24-p Rahms",
    "weightText": "0.05 kg",
    "caPart": "",
    "weightValue": 0.05,
    "weightUnit": "kg",
    "comparePrice": "819,00 kr/kg",
    "currentPrice": 40.95,
    "attributes": [],
    "imgUrl": "https://handlaprivatkund.ica.se/images-v3/bf7a00ca-390e-4769-865f-dc369586872e/34ba47d1-5e5b-43e5-b387-177dc678d60c/500x500.jpg",
    "productInformation": "",
    "countryText": "",
    "companyText": "Rahms",
    "ingrediensText": "VETEMJÖL, palmolja , MJÖLK ,ÄGG, salt, SKUMMJÖLKSPULVER, GRÄDDE",
    "storage": "Lägsta förvaringstemperatur 20°C Högsta förvaringstemperatur 25°C",
    "allergens": "",
    "usage": "",
    "nutrition": [
      {
        "Näringsvärde": "Energi (kcal)",
        "100 Gram": "520 kcal"
      },
      {
        "Näringsvärde": "Energi (kJ)",
        "100 Gram": "2171 kJ"
      },
      {
        "Näringsvärde": "Fett",
        "100 Gram": "31 g"
      },
      {
        "Näringsvärde": "Varav mättat fett",
        "100 Gram": "15.7 g"
      },
      {
        "Näringsvärde": "Kolhydrat",
        "100 Gram": "49.2 g"
      },
      {
        "Näringsvärde": "Varav sockerarter",
        "100 Gram": "2.5 g"
      },
      {
        "Näringsvärde": "Fiber",
        "100 Gram": "2.8 g"
      },
      {
        "Näringsvärde": "Protein",
        "100 Gram": "9.7 g"
      },
      {
        "Näringsvärde": "Salt",
        "100 Gram": "3.5 g"
      }
    ],
    "nutritionUnitText": "Näringsvärde per 100 gram",
    "categories": {
      "mainCategory": "Bröd & Kakor",
      "subCategories": [
        {
          "name": "Kaffebröd",
          "subSubCategories": [
            "Kex & kakor",
            "Krustader & Krutonger"
          ]
        }
      ]
    }
  },
  {
    "name": "Kex salta 200g ICA",
    "weightText": "0.2 kg",
    "caPart": "",
    "weightValue": 0.2,
    "weightUnit": "kg",
    "comparePrice": "104,75 kr/kg",
    "currentPrice": 20.95,
    "attributes": [],
    "imgUrl": "https://handlaprivatkund.ica.se/images-v3/bf7a00ca-390e-4769-865f-dc369586872e/ae6e4ca2-d6c9-4940-af53-ffeaca3d70be/500x500.jpg",
    "productInformation": "Spröda salta kex. Passar för utflykten, picknicken eller ostbrickan. Ät gärna med en klick tapenade eller pesto som tilltugg till kalla drycker.",
    "countryText": "",
    "companyText": "ICA",
    "ingrediensText": "VETEMJÖL*, solrosolja 21% (antioxidationsmedel (E306, E304)), KORNMALTEXTRAKT, socker, bakpulver (E500, E503), salt 1,2%, glukos-fruktos-sirap, jäst, mjölbehandlingsmedel (NATRIUMMETABISULFIT). Kan innehålla spår av mjölk, senap, soja och ägg. *Ursprung EU.",
    "storage": "",
    "allergens": "Kan innehålla spår av Ägg, Mjölk, Sojabönor.",
    "usage": "",
    "nutrition": [
      {
        "Näringsvärde": "Energi (kcal)",
        "100 Gram": "482 kcal"
      },
      {
        "Näringsvärde": "Energi (kJ)",
        "100 Gram": "2024 kJ"
      },
      {
        "Näringsvärde": "Fett",
        "100 Gram": "20 g"
      },
      {
        "Näringsvärde": "Varav mättat fett",
        "100 Gram": "2 g"
      },
      {
        "Näringsvärde": "Kolhydrat",
        "100 Gram": "67 g"
      },
      {
        "Näringsvärde": "Varav sockerarter",
        "100 Gram": "5.2 g"
      },
      {
        "Näringsvärde": "Protein",
        "100 Gram": "7.3 g"
      },
      {
        "Näringsvärde": "Salt",
        "100 Gram": "1.4 g"
      }
    ],
    "nutritionUnitText": "Näringsvärde per 100 gram",
    "categories": {
      "mainCategory": "Bröd & Kakor",
      "subCategories": [
        {
          "name": "Kaffebröd",
          "subSubCategories": [
            "Kex & kakor",
            "Matkex",
            "Kex till ost"
          ]
        }
      ]
    }
  },
  {
    "name": "Kebabrullebröd 6-p 510g Schysst käk",
    "weightText": "0.51 kg",
    "caPart": "",
    "weightValue": 0.51,
    "weightUnit": "kg",
    "comparePrice": "60,69 kr/kg",
    "currentPrice": 30.95,
    "attributes": [],
    "imgUrl": "https://handlaprivatkund.ica.se/images-v3/bf7a00ca-390e-4769-865f-dc369586872e/82d9b3f0-4c78-4faf-8cff-b09d65296e44/500x500.jpg",
    "productInformation": "Sveriges första kebabrullebröd är snabbgrillade på ena sidan och är extra stora för att få plats med all hemmakebab.",
    "countryText": "",
    "companyText": "Schysst käk",
    "ingrediensText": "VETEMJÖL (67%)*, vatten, rapsolja, stabiliseringsmedel (E422), socker, VETEGLUTEN, salt, surhetsreglerande medel (E296), emulgeringsmedel (E471), bakpulver (E500), konserveringsmedel (E282, E202), mjölbehandlingsmedel (E920). *Ursprung: EU",
    "storage": "Förvaras torrt och svalt. Lägsta förvaringstemperatur 2°C Högsta förvaringstemperatur 8°C",
    "allergens": "",
    "usage": "",
    "nutrition": [
      {
        "Näringsvärde": "Energi (kcal)",
        "100 Gram": "313 kcal"
      },
      {
        "Näringsvärde": "Energi (kJ)",
        "100 Gram": "1319 kJ"
      },
      {
        "Näringsvärde": "Fett",
        "100 Gram": "7.4 g"
      },
      {
        "Näringsvärde": "Varav mättat fett",
        "100 Gram": "1.4 g"
      },
      {
        "Näringsvärde": "Kolhydrat",
        "100 Gram": "54 g"
      },
      {
        "Näringsvärde": "Varav sockerarter",
        "100 Gram": "3.4 g"
      },
      {
        "Näringsvärde": "Protein",
        "100 Gram": "7.8 g"
      },
      {
        "Näringsvärde": "Salt",
        "100 Gram": "1.6 g"
      }
    ],
    "nutritionUnitText": "Näringsvärde per 100 gram",
    "categories": {
      "mainCategory": "Bröd & Kakor",
      "subCategories": [
        {
          "name": "Korvbröd, Hamburgerbröd & Maträttsbröd",
          "subSubCategories": [
            "Övriga maträttsbröd"
          ]
        }
      ]
    }
  },
  {
    "name": "Knäckebröd Frukost 240g Wasa",
    "weightText": "0.24 kg",
    "caPart": "",
    "weightValue": 0.24,
    "weightUnit": "kg",
    "comparePrice": "91,46 kr/kg",
    "currentPrice": 21.95,
    "attributes": [],
    "imgUrl": "https://handlaprivatkund.ica.se/images-v3/bf7a00ca-390e-4769-865f-dc369586872e/6c9ec3d8-51c6-4d5d-9654-43e59b4d5a02/500x500.jpg",
    "productInformation": "Wasa Knäckebröd Frukost är ett milt och sprött knäckebröd med vallmofrön. Det är ett ljust knäckebröd, rikt på både fibrer och protein. Vårt knäckebröd med frön är bakat av vetemjöl och täckt med ett gyllene lager vallmofrö. Den milda smaken gör att vårt veteknäcke passar utmärkt till frukosten tillsammans med valfritt pålägg. Knäcket är givetvis ett gott komplement även till andra måltider. Wasa Frukost är 100% klimatkompenserat.",
    "countryText": "",
    "companyText": "Wasa",
    "ingrediensText": "VETEMJÖL (91%), solrosfröolja, vallmofrö (4,8%), jäst, socker, salt. KAN INNEHÅLLA SPÅR AV MJÖLK OCH SESAMFRÖN.",
    "storage": "Förvaras torrt och mörkt.",
    "allergens": "Kan innehålla spår av Mjölk.",
    "usage": "",
    "nutrition": [
      {
        "Näringsvärde": "Energi (kcal)",
        "100 Gram": "405 kcal"
      },
      {
        "Näringsvärde": "Energi (kJ)",
        "100 Gram": "1707 kJ"
      },
      {
        "Näringsvärde": "Fett",
        "100 Gram": "9 g"
      },
      {
        "Näringsvärde": "Varav mättat fett",
        "100 Gram": "1 g"
      },
      {
        "Näringsvärde": "Kolhydrat",
        "100 Gram": "66 g"
      },
      {
        "Näringsvärde": "Varav sockerarter",
        "100 Gram": "3.5 g"
      },
      {
        "Näringsvärde": "Fiber",
        "100 Gram": "6 g"
      },
      {
        "Näringsvärde": "Protein",
        "100 Gram": "12 g"
      },
      {
        "Näringsvärde": "Salt",
        "100 Gram": "1.1 g"
      }
    ],
    "nutritionUnitText": "Näringsvärde per 100 gram",
    "categories": {
      "mainCategory": "Bröd & Kakor",
      "subCategories": [
        {
          "name": "Knäckebröd & Skorpor",
          "subSubCategories": [
            "Knäckebröd",
            "Ljust knäckebröd"
          ]
        }
      ]
    }
  },
  {
    "name": "Knäckebröd Normalgräddat 830g Leksands Knäckebröd",
    "weightText": "0.83 kg",
    "caPart": "",
    "weightValue": 0.83,
    "weightUnit": "kg",
    "comparePrice": "44,52 kr/kg",
    "currentPrice": 36.95,
    "attributes": [
      "Från Sverige",
      "Nyckelhålet",
      "Ursprungsland Sverige"
    ],
    "imgUrl": "https://handlaprivatkund.ica.se/images-v3/bf7a00ca-390e-4769-865f-dc369586872e/8e72ed0a-f354-4895-b4f4-98461213d964/500x500.jpg",
    "productInformation": "En riktig vardagsfavorit från LEKSANDS KNÄCKEBRÖD bakad på närodlad råg och vatten från egen källa. Äkta njutning sedan 1817.",
    "countryText": "Sverige",
    "companyText": "Leksands Knäcke",
    "ingrediensText": "Ingredienser: FULLKORNSRÅGMJÖL/FULDKORNSRUGMEL**, vatten/vand**, jäst/gær**, salt. **Från Sverige",
    "storage": "Förvaras mörkt och torrt",
    "allergens": "",
    "usage": "",
    "nutrition": [
      {
        "Näringsvärde": "Energi (kcal)",
        "100 Gram": "350 kcal"
      },
      {
        "Näringsvärde": "Energi (kJ)",
        "100 Gram": "1400 kJ"
      },
      {
        "Näringsvärde": "Fett",
        "100 Gram": "1.6 g"
      },
      {
        "Näringsvärde": "Varav mättat fett",
        "100 Gram": "0.3 g"
      },
      {
        "Näringsvärde": "Kolhydrat",
        "100 Gram": "60 g"
      },
      {
        "Näringsvärde": "Varav sockerarter",
        "100 Gram": "0.5 g"
      },
      {
        "Näringsvärde": "Fiber",
        "100 Gram": "20 g"
      },
      {
        "Näringsvärde": "Protein",
        "100 Gram": "8.9 g"
      },
      {
        "Näringsvärde": "Salt",
        "100 Gram": "1.2 g"
      }
    ],
    "nutritionUnitText": "Näringsvärde per 100 gram",
    "categories": {
      "mainCategory": "Bröd & Kakor",
      "subCategories": [
        {
          "name": "Knäckebröd & Skorpor",
          "subSubCategories": [
            "Knäckebröd",
            "Mörkt knäckebröd"
          ]
        }
      ]
    }
  },
  {
    "name": "Majsbröd Spröda Glutenfri 61g Olda",
    "weightText": "0.07 kg",
    "caPart": "",
    "weightValue": 0.07,
    "weightUnit": "kg",
    "comparePrice": "85,00 kr/kg",
    "currentPrice": 5.95,
    "attributes": [
      "Glutenfritt"
    ],
    "imgUrl": "https://handlaprivatkund.ica.se/images-v3/bf7a00ca-390e-4769-865f-dc369586872e/1f6406c2-2a8b-4977-a393-78f9ebf04ba4/500x500.jpg",
    "productInformation": "Klassiska glutenfria spröda bröd med mild smak av majs. Passar till alla pålägg och tillfällen.",
    "countryText": "",
    "companyText": "OLDA",
    "ingrediensText": "SE: Ingredienser: majsgryn, majsstärkelse, salt, kummin",
    "storage": "Produkten även fri från jästKonsumentförpackning 70g = 10 skivorDetaljistförpackning 24 x 70g Lägsta förvaringstemperatur -30°C Högsta förvaringstemperatur 25°C",
    "allergens": "",
    "usage": "",
    "nutrition": [
      {
        "Näringsvärde": "Energi (kcal)",
        "100 Gram": "350 kcal"
      },
      {
        "Näringsvärde": "Energi (kJ)",
        "100 Gram": "1482 kJ"
      },
      {
        "Näringsvärde": "Fett",
        "100 Gram": "1.2 g"
      },
      {
        "Näringsvärde": "Varav mättat fett",
        "100 Gram": "0.1 g"
      },
      {
        "Näringsvärde": "Kolhydrat",
        "100 Gram": "74.2 g"
      },
      {
        "Näringsvärde": "Varav sockerarter",
        "100 Gram": "0.6 g"
      },
      {
        "Näringsvärde": "Fiber",
        "100 Gram": "6.4 g"
      },
      {
        "Näringsvärde": "Protein",
        "100 Gram": "8.4 g"
      },
      {
        "Näringsvärde": "Salt",
        "100 Gram": "0.7 g"
      }
    ],
    "nutritionUnitText": "Näringsvärde per 100 gram",
    "categories": {
      "mainCategory": "Bröd & Kakor",
      "subCategories": [
        {
          "name": "Glutenfritt bröd & Kakor",
          "subSubCategories": [
            "Glutenfria kex"
          ]
        }
      ]
    }
  },
  {
    "name": "Potato Hot dog bun 6-p 270g Korvbrödsbagarn",
    "weightText": "0.27 kg",
    "caPart": "",
    "weightValue": 0.27,
    "weightUnit": "kg",
    "comparePrice": "112,96 kr/kg",
    "currentPrice": 30.5,
    "attributes": [
      "Från Sverige",
      "Ursprungsland Sverige"
    ],
    "imgUrl": "https://handlaprivatkund.ica.se/images-v3/bf7a00ca-390e-4769-865f-dc369586872e/bf314b2a-2322-4bed-bad0-b5ff9b006952/500x500.jpg",
    "productInformation": "Potato hot dog bun är ett amerika-inspirerat korvbröd, bakat med potatis vilket gör brödet unikt saftigt och luftigt. Storleken är lite bigger och känslan är mycket softare.",
    "countryText": "Sverige",
    "companyText": "Korvbrödsbagarn",
    "ingrediensText": "Ingredienser: VETEMJÖL*, vatten*, potatisflingor (6,6 %, EU), invertsocker*, rapsolja*, jäst*, salt, VETEGLUTEN, potatisstärkelse (0,4%), VETESKÅLLNING*, vegetabiliskt protein (ärta), vegetabiliskt emulgeringsmedel (E471, E481), arom, glukossirap, rismjöl, torkad surdeg av VETE, maltmjöl av VETE, mjölbehandlingsmedel (E300). Kan innehålla spår av SESAMFRÖ. *råvaran har svenskt ursprung.",
    "storage": "Förvara i sin förpackning i rumstemperatur.",
    "allergens": "",
    "usage": "Rosta gärna innan servering.",
    "nutrition": [
      {
        "Näringsvärde": "Energi (kcal)",
        "100 Gram": "274 kcal"
      },
      {
        "Näringsvärde": "Energi (kJ)",
        "100 Gram": "1157 kJ"
      },
      {
        "Näringsvärde": "Fett",
        "100 Gram": "5.2 g"
      },
      {
        "Näringsvärde": "Varav mättat fett",
        "100 Gram": "0.8 g"
      },
      {
        "Näringsvärde": "Kolhydrat",
        "100 Gram": "47 g"
      },
      {
        "Näringsvärde": "Varav sockerarter",
        "100 Gram": "5.2 g"
      },
      {
        "Näringsvärde": "Fiber",
        "100 Gram": "2.4 g"
      },
      {
        "Näringsvärde": "Protein",
        "100 Gram": "8.7 g"
      },
      {
        "Näringsvärde": "Salt",
        "100 Gram": "1.07 g"
      }
    ],
    "nutritionUnitText": "Näringsvärde per 100 gram",
    "categories": {
      "mainCategory": "Bröd & Kakor",
      "subCategories": [
        {
          "name": "Korvbröd, Hamburgerbröd & Maträttsbröd",
          "subSubCategories": [
            "Korvbröd"
          ]
        }
      ]
    }
  },
  {
    "name": "Knäcke runda Original 280g Polarbröd",
    "weightText": "0.28 kg",
    "caPart": "",
    "weightValue": 0.28,
    "weightUnit": "kg",
    "comparePrice": "89,11 kr/kg",
    "currentPrice": 24.95,
    "attributes": [
      "Från Sverige",
      "Ursprungsland Sverige"
    ],
    "imgUrl": "https://handlaprivatkund.ica.se/images-v3/bf7a00ca-390e-4769-865f-dc369586872e/26e7bbe1-822a-4c6f-b774-f05a61c0df25/500x500.jpg",
    "productInformation": "Polarknäcke Runda Original är ett norrländskt hårt tunnbröd av knäckebrödskaraktär. Det är gott som det är, med bara en klick smör. Men allra godast smakar det naturligtvis med ditt favoritpålägg. Till frukost, bredvid lunchtallriken, som mellanmål, till kvällsteet eller som nattamat. Kort sagt, Polarknäcke är gott när som helst och med nästan vad som helst.",
    "countryText": "Sverige",
    "companyText": "Polarbröd",
    "ingrediensText": "VETEmjöl¹, siktat KORNmjöl¹, sirap¹, vatten, bakpulver (hjorthornssalt), salt, jäst¹. ¹Ursprungsland: Sverige.",
    "storage": "Förvara brödet mörkt och torrt i sin förpackning.",
    "allergens": "Innehåller Spannmål som innehåller gluten",
    "usage": "Se bäst-före-märkning på förpackningen.",
    "nutrition": [
      {
        "Näringsvärde": "Energi (kcal)",
        "100 Gram": "360 kcal"
      },
      {
        "Näringsvärde": "Energi (kJ)",
        "100 Gram": "1500 kJ"
      },
      {
        "Näringsvärde": "Fett",
        "100 Gram": "1.7 g"
      },
      {
        "Näringsvärde": "Varav mättat fett",
        "100 Gram": "0.4 g"
      },
      {
        "Näringsvärde": "Kolhydrat",
        "100 Gram": "71 g"
      },
      {
        "Näringsvärde": "Varav sockerarter",
        "100 Gram": "2.3 g"
      },
      {
        "Näringsvärde": "Fiber",
        "100 Gram": "3.7 g"
      },
      {
        "Näringsvärde": "Protein",
        "100 Gram": "12 g"
      },
      {
        "Näringsvärde": "Salt",
        "100 Gram": "0.95 g"
      }
    ],
    "nutritionUnitText": "Näringsvärde per 100 gram",
    "categories": {
      "mainCategory": "Bröd & Kakor",
      "subCategories": [
        {
          "name": "Knäckebröd & Skorpor",
          "subSubCategories": [
            "Hårt tunnbröd"
          ]
        }
      ]
    }
  },
  {
    "name": "Majskakor gräddfil & lök 125 g ICA",
    "weightText": "0.125 kg",
    "caPart": "",
    "weightValue": 0.125,
    "weightUnit": "kg",
    "comparePrice": "143,60 kr/kg",
    "currentPrice": 17.95,
    "attributes": [],
    "imgUrl": "https://handlaprivatkund.ica.se/images-v3/bf7a00ca-390e-4769-865f-dc369586872e/d8fc7eab-a0d4-43bc-b97e-3f8e8aad52ad/500x500.jpg",
    "productInformation": "",
    "countryText": "",
    "companyText": "ICA",
    "ingrediensText": "Majs* 78%, rapsolja, kryddblandning 8,9% (vasslepulver (från MJÖLK), salt, smörmjölkspulver (från MJÖLK), ostpulver (från MJÖLK), lökpulver, tomatpulver, druvsocker, vitlökspulver, arom, syra (E296), jästextrakt, persilja, surhetsreglerande medel (E262), kajennpeppar, färgämne (E160c)). Kan innehålla spår av soja och sesamfrö. *Ursprung EU.",
    "storage": "Förvaras torrt, ej över normal rumstemperatur.",
    "allergens": "",
    "usage": "",
    "nutrition": [
      {
        "Näringsvärde": "Energi (kcal)",
        "100 Gram": "449 kcal"
      },
      {
        "Näringsvärde": "Energi (kJ)",
        "100 Gram": "1890 kJ"
      },
      {
        "Näringsvärde": "Fett",
        "100 Gram": "15 g"
      },
      {
        "Näringsvärde": "Varav mättat fett",
        "100 Gram": "1.6 g"
      },
      {
        "Näringsvärde": "Kolhydrat",
        "100 Gram": "71 g"
      },
      {
        "Näringsvärde": "Varav sockerarter",
        "100 Gram": "3.7 g"
      },
      {
        "Näringsvärde": "Fiber",
        "100 Gram": "1.8 g"
      },
      {
        "Näringsvärde": "Protein",
        "100 Gram": "6.7 g"
      },
      {
        "Näringsvärde": "Salt",
        "100 Gram": "1.5 g"
      }
    ],
    "nutritionUnitText": "Näringsvärde per 100 gram",
    "categories": {
      "mainCategory": "Bröd & Kakor",
      "subCategories": [
        {
          "name": "Knäckebröd & Skorpor",
          "subSubCategories": [
            "Riskakor"
          ]
        }
      ]
    }
  },
  {
    "name": "Knäckebröd Crisp'n Wheat 110g Wasa",
    "weightText": "0.11 kg",
    "caPart": "",
    "weightValue": 0.11,
    "weightUnit": "kg",
    "comparePrice": "172,27 kr/kg",
    "currentPrice": 18.95,
    "attributes": [],
    "imgUrl": "https://handlaprivatkund.ica.se/images-v3/bf7a00ca-390e-4769-865f-dc369586872e/4ef64835-4e50-4399-8476-3c59ffce4c5f/500x500.jpg",
    "productInformation": "Wasa Knäckebröd Crisp'n Wheat är ett krispigt, milt och luftigt knäcke. Det är ett ljust knäckebröd som passar lika bra med traditionella pålägg som med frukt och bär. Wasa veteknäckebröd är bakat med noga utvalda ingredienser för dig som uppskattar njutning och glädje i livet. Ett paket veteknäcke är ett utmärkt tillbehör på picknicken eller som ett enkelt mellanmål i farten. Wasa Knäckebröd Crisp'n Wheat innehåller både kostfiber och fullkorn, dessutom är det 100% klimatkompenserat.",
    "countryText": "",
    "companyText": "Wasa",
    "ingrediensText": "Ingredienser: VETEMJÖL (45%), FULLKORNSVETEMJÖL (25%), RÅGMJÖL, FULLKORNSRÅGMJÖL (9%), SKUMMJÖLKSPULVER, socker, salt, solrosolja. Kan innehålla spår av LUPIN, SENAP, SESAMFRÖN och SOJABÖNOR.",
    "storage": "Förvaras torrt och mörkt. Högsta förvaringstemperatur 25°C",
    "allergens": "Kan innehålla spår av Sesamfrön.",
    "usage": "",
    "nutrition": [
      {
        "Näringsvärde": "Energi (kcal)",
        "100 Gram": "366 kcal"
      },
      {
        "Näringsvärde": "Energi (kJ)",
        "100 Gram": "1548 kJ"
      },
      {
        "Näringsvärde": "Fett",
        "100 Gram": "2 g"
      },
      {
        "Näringsvärde": "Varav mättat fett",
        "100 Gram": "0.3 g"
      },
      {
        "Näringsvärde": "Kolhydrat",
        "100 Gram": "69 g"
      },
      {
        "Näringsvärde": "Varav sockerarter",
        "100 Gram": "5.5 g"
      },
      {
        "Näringsvärde": "Fiber",
        "100 Gram": "10 g"
      },
      {
        "Näringsvärde": "Protein",
        "100 Gram": "13 g"
      },
      {
        "Näringsvärde": "Salt",
        "100 Gram": "1.2 g"
      }
    ],
    "nutritionUnitText": "Näringsvärde per 100 gram",
    "categories": {
      "mainCategory": "Bröd & Kakor",
      "subCategories": [
        {
          "name": "Knäckebröd & Skorpor",
          "subSubCategories": [
            "Knäckebröd",
            "Ljust knäckebröd"
          ]
        }
      ]
    }
  },
  {
    "name": "Original 400g Finn Crisp",
    "weightText": "0.4 kg",
    "caPart": "",
    "weightValue": 0.4,
    "weightUnit": "kg",
    "comparePrice": "66,25 kr/kg",
    "currentPrice": 26.5,
    "attributes": [],
    "imgUrl": "https://handlaprivatkund.ica.se/images-v3/bf7a00ca-390e-4769-865f-dc369586872e/6ef75a08-a01d-4f91-b3ca-24fe3cbccaf0/500x500.jpg",
    "productInformation": "Krispiga, tunna knäckebröd bakade på fullkornsmjöl av råg. Passar lika bra till vardagens mellanmål som till helgens kalas och ostbrickor.",
    "countryText": "",
    "companyText": "Finn Crisp",
    "ingrediensText": "fullkornsRÅGmjöl, surdeg 25 % (fullkornsRÅGmjöl, vatten), salt, jäst. Innehåller 95 % fullkornsrågmjöl. Kan innehålla spår av sesamfrön.",
    "storage": "Förvaras torrt.",
    "allergens": "Kan innehålla spår av Sesamfrön.",
    "usage": "",
    "nutrition": [
      {
        "Näringsvärde": "Energi (kcal)",
        "100 Gram": "350 kcal"
      },
      {
        "Näringsvärde": "Energi (kJ)",
        "100 Gram": "1463 kJ"
      },
      {
        "Näringsvärde": "Fett",
        "100 Gram": "2.6 g"
      },
      {
        "Näringsvärde": "Varav mättat fett",
        "100 Gram": "0.5 g"
      },
      {
        "Näringsvärde": "Kolhydrat",
        "100 Gram": "61 g"
      },
      {
        "Näringsvärde": "Varav sockerarter",
        "100 Gram": "1.6 g"
      },
      {
        "Näringsvärde": "Fiber",
        "100 Gram": "20 g"
      },
      {
        "Näringsvärde": "Protein",
        "100 Gram": "10 g"
      },
      {
        "Näringsvärde": "Salt",
        "100 Gram": "1.4 g"
      }
    ],
    "nutritionUnitText": "Näringsvärde per 100 gram",
    "categories": {
      "mainCategory": "Bröd & Kakor",
      "subCategories": [
        {
          "name": "Knäckebröd & Skorpor",
          "subSubCategories": [
            "Knäckebröd",
            "Mörkt knäckebröd"
          ]
        }
      ]
    }
  },
  {
    "name": "Kakor Mjölkchoklad 205g Ballerina",
    "weightText": "0.205 kg",
    "caPart": "",
    "weightValue": 0.205,
    "weightUnit": "kg",
    "comparePrice": "104,88 kr/kg",
    "currentPrice": 21.5,
    "attributes": [
      "Rainforest Alliance certifierad"
    ],
    "imgUrl": "https://handlaprivatkund.ica.se/images-v3/bf7a00ca-390e-4769-865f-dc369586872e/c469320f-1d81-4542-86d1-1d59aafdd42d/500x500.jpg",
    "productInformation": "Ballerina är Sveriges mest älskade kaka och Göteborgs Kex populäraste varumärke. Ballerina Mjölkchoklad består av spröda kex med len och krämig mjökchokladfyllning. Givna kakor till fikat, kalaset eller utflykten! Ballerinas produkter är bakade utan palmolja.",
    "countryText": "",
    "companyText": "Ballerina",
    "ingrediensText": "VETE-/HVEDE-/HVETEMEL, mjölkchokladfyllning 35% (fullhärdat kokosfett, socker, vassle-/valle-/mysepulver (MJÖLK/MÆLK/MELK), mjölkchoklad 8% (socker, kakaosmör¹, MJÖLK-/MÆLKE-/MELKEPULVER, kakaomassa¹, emulgeringsmedel (SOJALECITIN), arom), fettreducerat kakaopulver¹, emulgeringsmedel (lecitin), salt, aromer), socker, solrosolja/solsikkeolie, fettreducerat kakaopulver¹, bakpulver/hævemidler (natriumbikarbonat E500, hjorthornssalt E503), invertsocker, salt, emulgeringsmedel (lecitin), aromer. Kan innehålla spår/spor av HASSELNÖTTER/HASSELNØDDER. ¹Rainforest Alliance Certified. För mer info se ra.org.",
    "storage": "",
    "allergens": "Innehåller Spannmål som innehåller gluten Innehåller Sojabönor Innehåller Mjölk Kan innehålla Nötter (eng: tree nuts)",
    "usage": "",
    "nutrition": [
      {
        "Näringsvärde": "Energi (kcal)",
        "100 Gram": "494 kcal"
      },
      {
        "Näringsvärde": "Energi (kJ)",
        "100 Gram": "2070 kJ"
      },
      {
        "Näringsvärde": "Fett",
        "100 Gram": "24 g"
      },
      {
        "Näringsvärde": "Varav mättat fett",
        "100 Gram": "18 g"
      },
      {
        "Näringsvärde": "Kolhydrat",
        "100 Gram": "63 g"
      },
      {
        "Näringsvärde": "Varav sockerarter",
        "100 Gram": "33 g"
      },
      {
        "Näringsvärde": "Fiber",
        "100 Gram": "2.5 g"
      },
      {
        "Näringsvärde": "Protein",
        "100 Gram": "6.1 g"
      },
      {
        "Näringsvärde": "Salt",
        "100 Gram": "0.6 g"
      }
    ],
    "nutritionUnitText": "Näringsvärde per 100 gram",
    "categories": {
      "mainCategory": "Bröd & Kakor",
      "subCategories": [
        {
          "name": "Kaffebröd",
          "subSubCategories": [
            "Kex & kakor",
            "Söta kex & Kakor",
            "Fyllda kakor"
          ]
        }
      ]
    }
  },
  {
    "name": "Majskaka Smör och havssalt 120 g Friggs",
    "weightText": "0.12 kg",
    "caPart": "",
    "weightValue": 0.12,
    "weightUnit": "kg",
    "comparePrice": "157,92 kr/kg",
    "currentPrice": 18.95,
    "attributes": [
      "Glutenfritt"
    ],
    "imgUrl": "https://handlaprivatkund.ica.se/images-v3/bf7a00ca-390e-4769-865f-dc369586872e/0ef76af2-2d10-4e24-a228-da4b2504539e/500x500.jpg",
    "productInformation": "",
    "countryText": "",
    "companyText": "Friggs",
    "ingrediensText": "Ingredienser: Majs (86%), rapsolja, kryddblandning med smak av smör och havssalt (7%) (maltodextrin (potatis, majs), arom, dextros, salt, havssalt, rismjöl, solrosolja, lök, KÄRNMJÖLKSPULVER, modifierad stärkelse (E1450), vitlök, surhetsreglerande medel: kalciumfosfater (E341), klumpförebyggande medel (E551), färgämne: kurkumin (E100), antioxidationsmedel (E300)).",
    "storage": "Förvaras torrt, ej över normal rumstemperatur.",
    "allergens": "",
    "usage": "",
    "nutrition": [
      {
        "Näringsvärde": "Energi (kcal)",
        "100 Gram": "414 kcal"
      },
      {
        "Näringsvärde": "Energi (kJ)",
        "100 Gram": "1748 kJ"
      },
      {
        "Näringsvärde": "Fett",
        "100 Gram": "8.6 g"
      },
      {
        "Näringsvärde": "Varav mättat fett",
        "100 Gram": "0.8 g"
      },
      {
        "Näringsvärde": "Kolhydrat",
        "100 Gram": "76 g"
      },
      {
        "Näringsvärde": "Varav sockerarter",
        "100 Gram": "1.9 g"
      },
      {
        "Näringsvärde": "Fiber",
        "100 Gram": "2.4 g"
      },
      {
        "Näringsvärde": "Protein",
        "100 Gram": "7 g"
      },
      {
        "Näringsvärde": "Salt",
        "100 Gram": "1.1 g"
      }
    ],
    "nutritionUnitText": "Näringsvärde per 100 gram",
    "categories": {
      "mainCategory": "Bröd & Kakor",
      "subCategories": [
        {
          "name": "Knäckebröd & Skorpor",
          "subSubCategories": [
            "Riskakor"
          ]
        }
      ]
    }
  },
  {
    "name": "Havrerundel 450g Fazer",
    "weightText": "0.45 kg",
    "caPart": "",
    "weightValue": 0.45,
    "weightUnit": "kg",
    "comparePrice": "57,67 kr/kg",
    "currentPrice": 25.95,
    "attributes": [
      "Från Sverige",
      "Ursprungsland Sverige"
    ],
    "imgUrl": "https://handlaprivatkund.ica.se/images-v3/bf7a00ca-390e-4769-865f-dc369586872e/6d64f7b1-75a3-4a3c-acd0-44e700107d05/500x500.jpg",
    "productInformation": "",
    "countryText": "Sverige",
    "companyText": "Fazer",
    "ingrediensText": "VETEmjöl1, vatten, HAVREgryn1 15%, sirap1,2, VETEgluten, jäst1, socker1, skållat HAVREmjöl1 1 %, karamelliserad malt av VETE, ättika, fermenterat VETEmjöl, salt, VETEmjöl, vegetabiliskt emulgeringsmedel (natriumstearoyllaktylat), stabiliseringsmedel (guarkärnmjöl), rapsolja, bakpulver (hjorthornssalt), malt av KORN, mjölbehandlingsmedel (askorbinsyra). 1Ursprung Sverige. 2Ursprung EU/icke EU. Brödet består av 85 % svenska ingredienser. 30 % av brödets spannmål är havre. Brödet innehåller 17 % havre.",
    "storage": "",
    "allergens": "Innehåller Spannmål som innehåller gluten",
    "usage": "",
    "nutrition": [
      {
        "Näringsvärde": "Energi (kcal)",
        "100 Gram": "240 kcal"
      },
      {
        "Näringsvärde": "Energi (kJ)",
        "100 Gram": "1000 kJ"
      },
      {
        "Näringsvärde": "Fett",
        "100 Gram": "2.4 g"
      },
      {
        "Näringsvärde": "Varav mättat fett",
        "100 Gram": "0.5 g"
      },
      {
        "Näringsvärde": "Kolhydrat",
        "100 Gram": "43 g"
      },
      {
        "Näringsvärde": "Varav sockerarter",
        "100 Gram": "6.4 g"
      },
      {
        "Näringsvärde": "Fiber",
        "100 Gram": "3.8 g"
      },
      {
        "Näringsvärde": "Protein",
        "100 Gram": "10 g"
      },
      {
        "Näringsvärde": "Salt",
        "100 Gram": "0.6 g"
      }
    ],
    "nutritionUnitText": "Näringsvärde per 100 gram",
    "categories": {
      "mainCategory": "Bröd & Kakor",
      "subCategories": [
        {
          "name": "Matbröd",
          "subSubCategories": [
            "Mjukt tunnbröd & Vetekakor",
            "Vetekakor"
          ]
        }
      ]
    }
  },
  {
    "name": "Ballerina Kladdkaka 210g Göteborgs",
    "weightText": "0.21 kg",
    "caPart": "",
    "weightValue": 0.21,
    "weightUnit": "kg",
    "comparePrice": "102,38 kr/kg",
    "currentPrice": 21.5,
    "attributes": [
      "Rainforest Alliance certifierad"
    ],
    "imgUrl": "https://handlaprivatkund.ica.se/images-v3/bf7a00ca-390e-4769-865f-dc369586872e/2c315048-5126-4096-93ea-b79fa3af5b71/500x500.jpg",
    "productInformation": "Ballerina Kladdkaka är oemotståndligt goda kakor med frestande smak av kladdkaka i både kex och fyllning. Kakan har ett tunnare och sprödare kex som liknar kladdkakans frasiga yttre. Mellan kexen har vi fyllt på med extra mycket krämig fyllning som efterliknar en kladdkakas mjuka inre. Doppas (i mjölk, te eller kaffe) för bästa smak! Ballerinas produkter är bakade utan palmolja.",
    "countryText": "",
    "companyText": "Ballerina",
    "ingrediensText": "Kakaofyllning 39% (socker, fullhärdat kokosfett, vasslepulver/vallepulver/mysepulver från MJÖLK/MÆLK/MELK, fettreducerat kakaopulver¹, aromer, emulgeringsmedel/emulgator (lecitin), salt), VETEMJÖL/HVEDEMEL/HVETEMEL, socker, solrosolja/solsikkeolie, fettreducerat kakaopulver¹, VETESTÄRKELSE/HVEDESTIVELSE/HVETESTIVELSE, invertsocker, bakpulver/hævemiddel (natriumbikarbonat E500), emulgeringsmedel/emulgator (lecitin), salt, arom. Kan innehålla spår/spor av HASSELNÖTTER/HASSELNØDDER. ¹Rainforest Alliance Certified. För mer info se ra.org.",
    "storage": "",
    "allergens": "Innehåller Mjölk Innehåller Sojabönor Innehåller Spannmål som innehåller gluten Kan innehålla Nötter (eng: tree nuts)",
    "usage": "",
    "nutrition": [
      {
        "Näringsvärde": "Energi (kcal)",
        "100 Gram": "498 kcal"
      },
      {
        "Näringsvärde": "Energi (kJ)",
        "100 Gram": "2084 kJ"
      },
      {
        "Näringsvärde": "Fett",
        "100 Gram": "24 g"
      },
      {
        "Näringsvärde": "Varav mättat fett",
        "100 Gram": "16 g"
      },
      {
        "Näringsvärde": "Kolhydrat",
        "100 Gram": "63 g"
      },
      {
        "Näringsvärde": "Varav sockerarter",
        "100 Gram": "40 g"
      },
      {
        "Näringsvärde": "Fiber",
        "100 Gram": "3.2 g"
      },
      {
        "Näringsvärde": "Protein",
        "100 Gram": "5.1 g"
      },
      {
        "Näringsvärde": "Salt",
        "100 Gram": "0.63 g"
      }
    ],
    "nutritionUnitText": "Näringsvärde per 100 gram",
    "categories": {
      "mainCategory": "Bröd & Kakor",
      "subCategories": [
        {
          "name": "Kaffebröd",
          "subSubCategories": [
            "Kex & kakor",
            "Söta kex & Kakor",
            "Fyllda kakor"
          ]
        }
      ]
    }
  },
  {
    "name": "Jätten Choklad 250g Göteborgs",
    "weightText": "0.25 kg",
    "caPart": "",
    "weightValue": 0.25,
    "weightUnit": "kg",
    "comparePrice": "98,00 kr/kg",
    "currentPrice": 24.5,
    "attributes": [
      "Rainforest Alliance certifierad"
    ],
    "imgUrl": "https://handlaprivatkund.ica.se/images-v3/bf7a00ca-390e-4769-865f-dc369586872e/7529ca23-6f96-48ce-8b88-73355376d9b9/500x500.jpg",
    "productInformation": "JJätten Choklad - klassiska kex med smak av choklad från Göteborgs Kex. Spröda cremefyllda rån som uppskattas av både barn och vuxna. Jätten kommer i en stor påse som räcker till alla. Påsen är dessutom återförslutningsbar vilket bevarar den goda sprödheten. Produkten är vegansk och fri från palmolja.",
    "countryText": "",
    "companyText": "Jätten",
    "ingrediensText": "Kräm med chokladsmak 64% (socker, fullhärdat kokosfett, fettreducerat kakaopulver¹, emulgeringsmedel (SOJALECITIN), arom (vanillin)), VETEMJÖL, fullhärdat kokosfett, emulgeringsmedel (SOJALECITIN), salt, bakpulver (natriumbikarbonat), KORNMALT. ¹Rainforest Alliance Certified. För mer info se ra.org.",
    "storage": "",
    "allergens": "",
    "usage": "",
    "nutrition": [
      {
        "Näringsvärde": "Energi (kcal)",
        "100 Gram": "539 kcal"
      },
      {
        "Näringsvärde": "Energi (kJ)",
        "100 Gram": "2254 kJ"
      },
      {
        "Näringsvärde": "Fett",
        "100 Gram": "29 g"
      },
      {
        "Näringsvärde": "Varav mättat fett",
        "100 Gram": "28 g"
      },
      {
        "Näringsvärde": "Kolhydrat",
        "100 Gram": "64 g"
      },
      {
        "Näringsvärde": "Varav sockerarter",
        "100 Gram": "31 g"
      },
      {
        "Näringsvärde": "Fiber",
        "100 Gram": "3 g"
      },
      {
        "Näringsvärde": "Protein",
        "100 Gram": "4.8 g"
      },
      {
        "Näringsvärde": "Salt",
        "100 Gram": "0.4 g"
      }
    ],
    "nutritionUnitText": "Näringsvärde per 100 gram",
    "categories": {
      "mainCategory": "Bröd & Kakor",
      "subCategories": [
        {
          "name": "Kaffebröd",
          "subSubCategories": [
            "Kex & kakor",
            "Söta kex & Kakor",
            "Wafers"
          ]
        }
      ]
    }
  },
  {
    "name": "Knäckebröd Delikatess 540g Wasa",
    "weightText": "0.54 kg",
    "caPart": "",
    "weightValue": 0.54,
    "weightUnit": "kg",
    "comparePrice": "60,19 kr/kg",
    "currentPrice": 32.5,
    "attributes": [
      "Nyckelhålet"
    ],
    "imgUrl": "https://handlaprivatkund.ica.se/images-v3/bf7a00ca-390e-4769-865f-dc369586872e/4495c965-10b6-47f6-adf4-211847c4702f/500x500.jpg",
    "productInformation": "Wasa Knäckebröd Delikatess är ett tunt och krispigt rågknäcke med en delikat smak. Det är bakat på fullkornsrågmjöl vilket ger ett knäcke med 100% fullkorn och mycket kostfiber. Det är ett mycket ljust, nästan vitt, knäckebröd med en mild och god smak. Detta spröda rågknäckebröd gör sig extra bra med pålägg från delikatessdisken men är minst lika gott som en vanlig knäckemacka. Wasa Delikatess knäckebröd är 100% klimatkompenserat samt nyckelhålsmärkt.",
    "countryText": "",
    "companyText": "Wasa",
    "ingrediensText": "Ingredienser: FULLKORNSRÅGMJÖL, salt. KAN INNEHÅLLA SPÅR AV SESAMFRÖN OCH MJÖLK.",
    "storage": "Förvaras torrt och mörkt.",
    "allergens": "Kan innehålla spår av Mjölk, Sesamfrön.",
    "usage": "",
    "nutrition": [
      {
        "Näringsvärde": "Energi (kcal)",
        "100 Gram": "344 kcal"
      },
      {
        "Näringsvärde": "Energi (kJ)",
        "100 Gram": "1450 kJ"
      },
      {
        "Näringsvärde": "Fett",
        "100 Gram": "1.5 g"
      },
      {
        "Näringsvärde": "Varav mättat fett",
        "100 Gram": "0.3 g"
      },
      {
        "Näringsvärde": "Kolhydrat",
        "100 Gram": "65 g"
      },
      {
        "Näringsvärde": "Varav sockerarter",
        "100 Gram": "2 g"
      },
      {
        "Näringsvärde": "Fiber",
        "100 Gram": "17 g"
      },
      {
        "Näringsvärde": "Protein",
        "100 Gram": "9 g"
      },
      {
        "Näringsvärde": "Salt",
        "100 Gram": "0.88 g"
      },
      {
        "Näringsvärde": "Järn",
        "100 Gram": "2.8 mg",
        "% av DRI(*)": "20"
      },
      {
        "Näringsvärde": "Magnesium",
        "100 Gram": "95 mg",
        "% av DRI(*)": "25"
      },
      {
        "Näringsvärde": "Zink",
        "100 Gram": "3.1 mg",
        "% av DRI(*)": "31"
      }
    ],
    "nutritionUnitText": "Näringsvärde per 100 gram",
    "categories": {
      "mainCategory": "Bröd & Kakor",
      "subCategories": [
        {
          "name": "Knäckebröd & Skorpor",
          "subSubCategories": [
            "Knäckebröd",
            "Ljust knäckebröd"
          ]
        }
      ]
    }
  },
  {
    "name": "Fullkorn skorpor 240g Pågen",
    "weightText": "0.24 kg",
    "caPart": "",
    "weightValue": 0.24,
    "weightUnit": "kg",
    "comparePrice": "77,08 kr/kg",
    "currentPrice": 18.5,
    "attributes": [
      "Nyckelhålet"
    ],
    "imgUrl": "https://handlaprivatkund.ica.se/images-v3/bf7a00ca-390e-4769-865f-dc369586872e/ce41bbef-589b-4e56-b8f4-7ec5e3e8cc7d/500x500.jpg",
    "productInformation": "",
    "countryText": "",
    "companyText": "Pågen",
    "ingrediensText": "FullkornsVETEmjöl* (63%), VETEmjöl*, vegetabiliska oljor (raps*, fullhärdad raps), malt av KORN/BYG, jäst/gær/gjær, salt. *Svensk rapsolja och svenskt mjöl från egen kvarn.",
    "storage": "Förvaras torrt och avskilt från varor med stark lukt.",
    "allergens": "",
    "usage": "",
    "nutrition": [
      {
        "Näringsvärde": "Energi (kcal)",
        "100 Gram": "400 kcal"
      },
      {
        "Näringsvärde": "Energi (kJ)",
        "100 Gram": "1688 kJ"
      },
      {
        "Näringsvärde": "Fett",
        "100 Gram": "6.6 g"
      },
      {
        "Näringsvärde": "Varav mättat fett",
        "100 Gram": "0.9 g"
      },
      {
        "Näringsvärde": "Kolhydrat",
        "100 Gram": "68 g"
      },
      {
        "Näringsvärde": "Varav sockerarter",
        "100 Gram": "1.1 g"
      },
      {
        "Näringsvärde": "Fiber",
        "100 Gram": "8.3 g"
      },
      {
        "Näringsvärde": "Protein",
        "100 Gram": "13 g"
      },
      {
        "Näringsvärde": "Salt",
        "100 Gram": "1.1 g"
      }
    ],
    "nutritionUnitText": "Näringsvärde per 100 gram",
    "categories": {
      "mainCategory": "Bröd & Kakor",
      "subCategories": [
        {
          "name": "Knäckebröd & Skorpor",
          "subSubCategories": [
            "Skorpor"
          ]
        }
      ]
    }
  },
  {
    "name": "Rund & god Original Rågbröd 390g Fazer",
    "weightText": "0.39 kg",
    "caPart": "",
    "weightValue": 0.39,
    "weightUnit": "kg",
    "comparePrice": "69,10 kr/kg",
    "currentPrice": 26.95,
    "attributes": [
      "Från Sverige",
      "Ursprungsland Sverige"
    ],
    "imgUrl": "https://handlaprivatkund.ica.se/images-v3/bf7a00ca-390e-4769-865f-dc369586872e/9df85266-12c6-40b4-a0ca-f343bf03c214/500x500.jpg",
    "productInformation": "Vårt finaste mjuka och fiberrika rågbröd, med skållat fullkornsrågmjöl och mild smak. När våra bagare bakar våra Finaste bröd fyller de bröden med riktigt många och riktigt goda ingredienser. Eftersom de vet att mycket av det goda kan vara helt underbart. Rund & God är lika god till frukost, mellanmål eller som tillbehör till lunch eller middag. Sunt att njuta! Northern Magic. Made Real.",
    "countryText": "Sverige",
    "companyText": "Fazer",
    "ingrediensText": "Mjöl (VETE1, fullkorn av RÅG1, fullkorn av VETE1, fermenterat VETE), skållat fullkornsRÅGmjöl1 12%, vatten, sirap1,2, rapsolja, potatisflingor, jäst1, salt, VETEgluten, RÅGfiber, malt av KORN, mjölbehandlingsmedel (askorbinsyra). 1Ursprung Sverige. 2Ursprung EU/icke EU. Brödet består av 86 % svenska ingredienser. Brödet innehåller 28% råg och 33 % fullkorn",
    "storage": "",
    "allergens": "",
    "usage": "",
    "nutrition": [
      {
        "Näringsvärde": "Energi (kcal)",
        "100 Gram": "280 kcal"
      },
      {
        "Näringsvärde": "Energi (kJ)",
        "100 Gram": "1150 kJ"
      },
      {
        "Näringsvärde": "Fett",
        "100 Gram": "4.1 g"
      },
      {
        "Näringsvärde": "Varav mättat fett",
        "100 Gram": "0.5 g"
      },
      {
        "Näringsvärde": "Kolhydrat",
        "100 Gram": "49 g"
      },
      {
        "Näringsvärde": "Varav sockerarter",
        "100 Gram": "11 g"
      },
      {
        "Näringsvärde": "Fiber",
        "100 Gram": "6.2 g"
      },
      {
        "Näringsvärde": "Protein",
        "100 Gram": "7.5 g"
      },
      {
        "Näringsvärde": "Salt",
        "100 Gram": "1.2 g"
      }
    ],
    "nutritionUnitText": "Näringsvärde per 100 gram",
    "categories": {
      "mainCategory": "Bröd & Kakor",
      "subCategories": [
        {
          "name": "Matbröd",
          "subSubCategories": [
            "Mörkt & Grovt bröd",
            "Mörkt styckpackat bröd"
          ]
        }
      ]
    }
  },
  {
    "name": "Tunnbröd 330g Gene",
    "weightText": "0.33 kg",
    "caPart": "",
    "weightValue": 0.33,
    "weightUnit": "kg",
    "comparePrice": "81,67 kr/kg",
    "currentPrice": 26.95,
    "attributes": [
      "Från Sverige"
    ],
    "imgUrl": "https://handlaprivatkund.ica.se/images-v3/bf7a00ca-390e-4769-865f-dc369586872e/6609a180-a104-43ec-a11b-3a0713fbaa62/500x500.jpg",
    "productInformation": "Gene Original är ett hårt tunnbröd och passar att äta till vad som helst, när som helst. Ät den med ett pålägg eller servera brödet till surströmming.",
    "countryText": "",
    "companyText": "Polarbröd",
    "ingrediensText": "Ingredienser: VETEmjöl¹, fullkorn av VETE¹, bakpulver (hjorthornssalt), vatten, salt, rapsolja¹, jäst¹. ¹Ursprungsland: Sverige.",
    "storage": "Förvara brödet mörkt och torrt i sin förpackning.",
    "allergens": "",
    "usage": "Se bäst-före-märkning på förpackningen.",
    "nutrition": [
      {
        "Näringsvärde": "Energi (kcal)",
        "100 Gram": "330 kcal"
      },
      {
        "Näringsvärde": "Energi (kJ)",
        "100 Gram": "1400 kJ"
      },
      {
        "Näringsvärde": "Fett",
        "100 Gram": "1.9 g"
      },
      {
        "Näringsvärde": "Varav mättat fett",
        "100 Gram": "0.4 g"
      },
      {
        "Näringsvärde": "Kolhydrat",
        "100 Gram": "66 g"
      },
      {
        "Näringsvärde": "Varav sockerarter",
        "100 Gram": "1.4 g"
      },
      {
        "Näringsvärde": "Fiber",
        "100 Gram": "3.2 g"
      },
      {
        "Näringsvärde": "Protein",
        "100 Gram": "11 g"
      },
      {
        "Näringsvärde": "Salt",
        "100 Gram": "0.53 g"
      }
    ],
    "nutritionUnitText": "Näringsvärde per 100 gram",
    "categories": {
      "mainCategory": "Bröd & Kakor",
      "subCategories": [
        {
          "name": "Knäckebröd & Skorpor",
          "subSubCategories": [
            "Hårt tunnbröd"
          ]
        }
      ]
    }
  },
  {
    "name": "Hamburgerbröd Double Sesam 4-p 320g Korvbrödsbagarn",
    "weightText": "0.32 kg",
    "caPart": "",
    "weightValue": 0.32,
    "weightUnit": "kg",
    "comparePrice": "93,59 kr/kg",
    "currentPrice": 29.95,
    "attributes": [
      "Från Sverige"
    ],
    "imgUrl": "https://handlaprivatkund.ica.se/images-v3/bf7a00ca-390e-4769-865f-dc369586872e/dd9d4469-b4c1-4028-bd60-05c8eeb9aa32/500x500.jpg",
    "productInformation": "Double Sesam Burger bun är ett modernt super soft premium hamburgerbröd toppat med svarta och vita sesamfrön samt glaze. Brödet passar utmärkt till att göra goda portioner av burgare, pulled pork, kyckling, lax etc. Bakat med enbart vegetabiliska ingredienser.",
    "countryText": "",
    "companyText": "Korvbrödsbagarn",
    "ingrediensText": "Ingredienser: VETEMÖL*, vatten*, invertsocker*, rapsolja*, jäst*, VETEGLUTEN, SESAMFRÖ (1,1%), salt, vegetabiliskt protein (ärtprotein), vegetabiliskt emulgeringsmedel (E471), glukossirap, rismjöl, maltmjöl av VETE, mjölbehandlingsmedel (E300). *Råvaran har svenskt ursprung.",
    "storage": "Förvara i sin förpackning i rumstemperatur.",
    "allergens": "",
    "usage": "Rosta gärna innan servering.",
    "nutrition": [
      {
        "Näringsvärde": "Energi (kcal)",
        "100 Gram": "291 kcal"
      },
      {
        "Näringsvärde": "Energi (kJ)",
        "100 Gram": "1226 kJ"
      },
      {
        "Näringsvärde": "Fett",
        "100 Gram": "7.2 g"
      },
      {
        "Näringsvärde": "Varav mättat fett",
        "100 Gram": "0.8 g"
      },
      {
        "Näringsvärde": "Kolhydrat",
        "100 Gram": "46 g"
      },
      {
        "Näringsvärde": "Varav sockerarter",
        "100 Gram": "4.8 g"
      },
      {
        "Näringsvärde": "Fiber",
        "100 Gram": "2.3 g"
      },
      {
        "Näringsvärde": "Protein",
        "100 Gram": "9.4 g"
      },
      {
        "Näringsvärde": "Salt",
        "100 Gram": "0.64 g"
      }
    ],
    "nutritionUnitText": "Näringsvärde per 100 gram",
    "categories": {
      "mainCategory": "Bröd & Kakor",
      "subCategories": [
        {
          "name": "Korvbröd, Hamburgerbröd & Maträttsbröd",
          "subSubCategories": [
            "Hamburgerbröd"
          ]
        }
      ]
    }
  },
  {
    "name": "Knäckebröd Tunn Havre 265g Wasa",
    "weightText": "0.265 kg",
    "caPart": "",
    "weightValue": 0.265,
    "weightUnit": "kg",
    "comparePrice": "96,23 kr/kg",
    "currentPrice": 25.5,
    "attributes": [],
    "imgUrl": "https://handlaprivatkund.ica.se/images-v3/bf7a00ca-390e-4769-865f-dc369586872e/dfdf3eae-4328-4478-8a7a-6ff62ff2d84d/500x500.jpg",
    "productInformation": "Wasa Tunn Havre är ett härligt gyllengräddat och tunnare knäckebröd bakat med fullkornsmjöl av havre. Knäcket är toppat med havreflingor och havssalt för en extra läcker smakupplevelse som passar utmärkt både till frukost, mellanmål eller som måltidstillbehör. Hårt bröd av havre och fullkorn är ett näringsrikt alternativ och en källa till protein. Förvara ditt havre-knäckebröd torrt så håller det sig krispigt längre. Wasa Tunn Havre är ett nyckelhålsmärkt knäckebröd och är 100% klimatkompenserat.",
    "countryText": "",
    "companyText": "Wasa",
    "ingrediensText": "FULLKORNSHAVREMJÖL (35%), VETEMJÖL (23%), RÅGMJÖL (19%), HAVREFLINGOR (18%), solrosfröolja, jäst, naturlig arom, surdegspulver av FULLKORNSRÅG (1%), havssalt (0,5%), bakpulver (natriumvätekarbonat), salt.",
    "storage": "",
    "allergens": "Kan innehålla Mjölk Innehåller Spannmål som innehåller gluten",
    "usage": "",
    "nutrition": [
      {
        "Näringsvärde": "Energi (kcal)",
        "100 Gram": "406 kcal"
      },
      {
        "Näringsvärde": "Energi (kJ)",
        "100 Gram": "1708 kJ"
      },
      {
        "Näringsvärde": "Fett",
        "100 Gram": "10 g"
      },
      {
        "Näringsvärde": "Varav mättat fett",
        "100 Gram": "1.2 g"
      },
      {
        "Näringsvärde": "Kolhydrat",
        "100 Gram": "63 g"
      },
      {
        "Näringsvärde": "Varav sockerarter",
        "100 Gram": "0.5 g"
      },
      {
        "Näringsvärde": "Fiber",
        "100 Gram": "10 g"
      },
      {
        "Näringsvärde": "Protein",
        "100 Gram": "11 g"
      },
      {
        "Näringsvärde": "Salt",
        "100 Gram": "1.2 g"
      }
    ],
    "nutritionUnitText": "Näringsvärde per 100 gram",
    "categories": {
      "mainCategory": "Bröd & Kakor",
      "subCategories": [
        {
          "name": "Knäckebröd & Skorpor",
          "subSubCategories": [
            "Knäckebröd",
            "Ljust knäckebröd"
          ]
        }
      ]
    }
  },
  {
    "name": "Mandelkubb 400g Nyåkers",
    "weightText": "0.4 kg",
    "caPart": "",
    "weightValue": 0.4,
    "weightUnit": "kg",
    "comparePrice": "94,88 kr/kg",
    "currentPrice": 37.95,
    "attributes": [],
    "imgUrl": "https://handlaprivatkund.ica.se/images-v3/bf7a00ca-390e-4769-865f-dc369586872e/ff0dabdc-634f-4b98-9635-336a4837568c/500x500.jpg",
    "productInformation": "",
    "countryText": "",
    "companyText": "Nyåkers",
    "ingrediensText": "VETEmjöl, socker, vegetabilisk olja (shea, kokos, raps), vatten, modifierad stärkelse, bakpulver (E450, E500, E503), ÄGGpulver, skumMJÖLKspulver, bittermandelarom, vanillin, salt, naturlig arom.",
    "storage": "",
    "allergens": "",
    "usage": "",
    "nutrition": [
      {
        "Näringsvärde": "Energi (kcal)",
        "100 Gram": "440 kcal"
      },
      {
        "Näringsvärde": "Energi (kJ)",
        "100 Gram": "1850 kJ"
      },
      {
        "Näringsvärde": "Fett",
        "100 Gram": "15 g"
      },
      {
        "Näringsvärde": "Varav mättat fett",
        "100 Gram": "7 g"
      },
      {
        "Näringsvärde": "Kolhydrat",
        "100 Gram": "69 g"
      },
      {
        "Näringsvärde": "Varav sockerarter",
        "100 Gram": "39 g"
      },
      {
        "Näringsvärde": "Protein",
        "100 Gram": "5.5 g"
      },
      {
        "Näringsvärde": "Salt",
        "100 Gram": "0.7 g"
      }
    ],
    "nutritionUnitText": "Näringsvärde per 100 gram",
    "categories": {
      "mainCategory": "Bröd & Kakor",
      "subCategories": [
        {
          "name": "Kaffebröd",
          "subSubCategories": [
            "Mjuka kakor & Muffins",
            "Övriga mjuka kakor"
          ]
        }
      ]
    }
  },
  {
    "name": "Pepparkakor Små hjärtan 425g Gille",
    "weightText": "0.425 kg",
    "caPart": "",
    "weightValue": 0.425,
    "weightUnit": "kg",
    "comparePrice": "74,12 kr/kg",
    "currentPrice": 31.5,
    "attributes": [],
    "imgUrl": "https://handlaprivatkund.ica.se/images-v3/bf7a00ca-390e-4769-865f-dc369586872e/17232370-683f-4c9f-87ce-c4baa6034bd1/500x500.jpg",
    "productInformation": "Vår storsäljande pepparkaka. Klassiskt tunna och spröda hjärtan med en riklig smak av kanel, ingefära och nejlika.",
    "countryText": "",
    "companyText": "Gille",
    "ingrediensText": "Ingredienser: VETEMJÖL, socker, invertsockersirap, vegetabilisk olja (raps), vegetabiliska fetter (shea, kokos), nejlika, kanel, ingefära 0,5%, salt, bakpulver: natriumkarbonat; mjölbehandlingsmedel: askorbinsyra; naturlig arom. Kan innehålla spår av ägg och mandel. Förvaras svalt och torrt. Källsortering (plast). Bäst före: se botten.",
    "storage": "",
    "allergens": "",
    "usage": "",
    "nutrition": [
      {
        "Näringsvärde": "Energi (kcal)",
        "100 Gram": "454 kcal"
      },
      {
        "Näringsvärde": "Energi (kJ)",
        "100 Gram": "1910 kJ"
      },
      {
        "Näringsvärde": "Fett",
        "100 Gram": "16 g"
      },
      {
        "Näringsvärde": "Varav mättat fett",
        "100 Gram": "4.5 g"
      },
      {
        "Näringsvärde": "Kolhydrat",
        "100 Gram": "72 g"
      },
      {
        "Näringsvärde": "Varav sockerarter",
        "100 Gram": "34 g"
      },
      {
        "Näringsvärde": "Protein",
        "100 Gram": "5.2 g"
      },
      {
        "Näringsvärde": "Salt",
        "100 Gram": "1.46 g"
      }
    ],
    "nutritionUnitText": "Näringsvärde per 100 gram",
    "categories": {
      "mainCategory": "Bröd & Kakor",
      "subCategories": [
        {
          "name": "Kaffebröd",
          "subSubCategories": [
            "Kex & kakor",
            "Söta kex & Kakor",
            "Pepparkakor"
          ]
        }
      ]
    }
  },
  {
    "name": "Baguetter 2-p 300g ICA",
    "weightText": "0.3 kg",
    "caPart": "",
    "weightValue": 0.3,
    "weightUnit": "kg",
    "comparePrice": "55,00 kr/kg",
    "currentPrice": 16.5,
    "attributes": [],
    "imgUrl": "https://handlaprivatkund.ica.se/images-v3/bf7a00ca-390e-4769-865f-dc369586872e/4b2a427a-91f2-43d4-8be8-878700814bdf/500x500.jpg",
    "productInformation": "ICA Baguetter är mygräddade efter 8–10 minuter i ugnen.",
    "countryText": "",
    "companyText": "ICA",
    "ingrediensText": "VETEMJÖL*, vatten, jäst, joderat salt, mjölbehandlingsmedel (E300), maltmjöl (VETE). Kan innehålla spår av sesamfrön. *Odlat och malt i EU.",
    "storage": "Oöppnad förpackning förvaras i rumstemperatur. Öppnad förpackning försluts och förvaras i kylskåp +8°C i max två dygn.",
    "allergens": "",
    "usage": "",
    "nutrition": [
      {
        "Näringsvärde": "Energi (kcal)",
        "100 Gram": "251 kcal"
      },
      {
        "Näringsvärde": "Energi (kJ)",
        "100 Gram": "1064 kJ"
      },
      {
        "Näringsvärde": "Fett",
        "100 Gram": "0.9 g"
      },
      {
        "Näringsvärde": "Varav mättat fett",
        "100 Gram": "0.5 g"
      },
      {
        "Näringsvärde": "Kolhydrat",
        "100 Gram": "51 g"
      },
      {
        "Näringsvärde": "Varav sockerarter",
        "100 Gram": "1 g"
      },
      {
        "Näringsvärde": "Fiber",
        "100 Gram": "2.2 g"
      },
      {
        "Näringsvärde": "Protein",
        "100 Gram": "8.3 g"
      },
      {
        "Näringsvärde": "Salt",
        "100 Gram": "1.2 g"
      }
    ],
    "nutritionUnitText": "Näringsvärde per 100 gram",
    "categories": {
      "mainCategory": "Bröd & Kakor",
      "subCategories": [
        {
          "name": "Matbröd",
          "subSubCategories": [
            "Grädda hemma"
          ]
        }
      ]
    }
  },
  {
    "name": "Mazarin gammeldags 4-p 220g Hägges",
    "weightText": "0.22 kg",
    "caPart": "",
    "weightValue": 0.22,
    "weightUnit": "kg",
    "comparePrice": "120,45 kr/kg",
    "currentPrice": 26.5,
    "attributes": [],
    "imgUrl": "https://handlaprivatkund.ica.se/images-v3/bf7a00ca-390e-4769-865f-dc369586872e/38168e17-4c02-4a8a-aad7-99dc95d122a8/500x500.jpg",
    "productInformation": "",
    "countryText": "",
    "companyText": "Hägges",
    "ingrediensText": "Ingredienser: Socker, margarin (vegetabiliskt fett och olja [palm, raps, kokos], vatten, salt, arom), VETEMJÖL, ÄGG, glukossirap, MANDEL, aprikoskärnor, fuktighetsbevarande medel glycerol, konserveringsmedel (E262, E202), majsstärkelse, bakpulver (E450, bikarbonat), emulgeringsmedel E471veg, förtjockningsmedel (fruktkärnmjöl, guarkärnmjöl). Kan innehålla spår av: MJÖLK, VALNÖT, PEKANNÖT, HASSELNÖT.",
    "storage": "",
    "allergens": "",
    "usage": "",
    "nutrition": [
      {
        "Näringsvärde": "Energi (kcal)",
        "100 Gram": "430 kcal"
      },
      {
        "Näringsvärde": "Energi (kJ)",
        "100 Gram": "1800 kJ"
      },
      {
        "Näringsvärde": "Fett",
        "100 Gram": "19 g"
      },
      {
        "Näringsvärde": "Varav mättat fett",
        "100 Gram": "7 g"
      },
      {
        "Näringsvärde": "Kolhydrat",
        "100 Gram": "62 g"
      },
      {
        "Näringsvärde": "Varav sockerarter",
        "100 Gram": "40 g"
      },
      {
        "Näringsvärde": "Protein",
        "100 Gram": "4.8 g"
      },
      {
        "Näringsvärde": "Salt",
        "100 Gram": "0.43 g"
      }
    ],
    "nutritionUnitText": "Näringsvärde per 100 gram",
    "categories": {
      "mainCategory": "Bröd & Kakor",
      "subCategories": [
        {
          "name": "Kaffebröd",
          "subSubCategories": [
            "Kondisbitar & Bakelser"
          ]
        }
      ]
    }
  },
  {
    "name": "Korvbröd 8-p 320g Korvbrödsbagarn",
    "weightText": "0.32 kg",
    "caPart": "",
    "weightValue": 0.32,
    "weightUnit": "kg",
    "comparePrice": "81,09 kr/kg",
    "currentPrice": 25.95,
    "attributes": [
      "Från Sverige",
      "Ursprungsland Sverige"
    ],
    "imgUrl": "https://handlaprivatkund.ica.se/images-v3/bf7a00ca-390e-4769-865f-dc369586872e/ebb6aa34-8ee5-4277-983f-4ca5c335ebae/500x500.jpg",
    "productInformation": "Lite större ljust korvbröd. Fyll med korv och klassiska tillbehör för en enkel och god måltid runt grillen eller köksbordet.",
    "countryText": "Sverige",
    "companyText": "Korvbrödsbagarn",
    "ingrediensText": "INGREDIENSER: VETEMJÖL*, vatten*, invertsocker*, rapsolja*, jäst*, VETEGLUTEN, salt, fermenterat VETEMJÖL, maltmjöl av KORN, vegetabiliskt emulgeringsmedel (E471), mjölbehandlingsmedel (E300). Kan innehålla spår av sesamfrö. *råvaran har svenskt ursprung.",
    "storage": "Förvara i sin förpackning i rumstemperatur.",
    "allergens": "",
    "usage": "Rosta gärna innan servering.",
    "nutrition": [
      {
        "Näringsvärde": "Energi (kcal)",
        "100 Gram": "299 kcal"
      },
      {
        "Näringsvärde": "Energi (kJ)",
        "100 Gram": "1269 kJ"
      },
      {
        "Näringsvärde": "Fett",
        "100 Gram": "6.5 g"
      },
      {
        "Näringsvärde": "Varav mättat fett",
        "100 Gram": "0.8 g"
      },
      {
        "Näringsvärde": "Kolhydrat",
        "100 Gram": "49 g"
      },
      {
        "Näringsvärde": "Varav sockerarter",
        "100 Gram": "4.5 g"
      },
      {
        "Näringsvärde": "Fiber",
        "100 Gram": "3.5 g"
      },
      {
        "Näringsvärde": "Protein",
        "100 Gram": "9.1 g"
      },
      {
        "Näringsvärde": "Salt",
        "100 Gram": "0.48 g"
      }
    ],
    "nutritionUnitText": "Näringsvärde per 100 gram",
    "categories": {
      "mainCategory": "Bröd & Kakor",
      "subCategories": [
        {
          "name": "Korvbröd, Hamburgerbröd & Maträttsbröd",
          "subSubCategories": [
            "Korvbröd"
          ]
        }
      ]
    }
  },
  {
    "name": "Kanelbullar Fryst 20-p 700g Findus",
    "weightText": "0.7 kg",
    "caPart": "",
    "weightValue": 0.7,
    "weightUnit": "kg",
    "comparePrice": "72,79 kr/kg",
    "currentPrice": 50.95,
    "attributes": [
      "Från Sverige",
      "Ursprungsland Sverige"
    ],
    "imgUrl": "https://handlaprivatkund.ica.se/images-v3/bf7a00ca-390e-4769-865f-dc369586872e/c4b0377c-9780-4ca3-bca1-eb83a332a409/500x500.jpg",
    "productInformation": "För en godare fika med svenska kanelbullar! I det lilla småländska skärgårdssamhället, Loftahammar, har det knådats deg och gräddats bullar i Findus bageri sedan 1966. Goda och saftiga kanelbullar bakade i Sverige. Findus big-pack passar perfekt när det är dags för fika. Ta ut bullarna ur frysen och värm i mikro, ugnen eller tina i rumstemperatur. Enklare än så blir det inte!100% återvinningsbar förpackning.",
    "countryText": "Sverige",
    "companyText": "Findus",
    "ingrediensText": "VETEMJÖL*, socker*, vatten, rapsolja, farinsocker, jäst*, kanel, kokosolja, fullhärdad rapsolja, salt, maltmjöl av VETE, naturlig arom, mjölbehandlingsmedel (askorbinsyra). *Ursprung Sverige.",
    "storage": "FÖRVARING OCH MINSTA HÅLLBARHETI frysutrymme (-18ºC eller kallare), se datummärkning. Bör alltid förvaras fryst. Bör ej frysas efter upptining. Lägsta förvaringstemperatur -25°C Högsta förvaringstemperatur -18°C",
    "allergens": "Innehåller Spannmål som innehåller gluten",
    "usage": "",
    "nutrition": [
      {
        "Näringsvärde": "Energi (kcal)",
        "100 Gram": "368 kcal"
      },
      {
        "Näringsvärde": "Energi (kJ)",
        "100 Gram": "1551 kJ"
      },
      {
        "Näringsvärde": "Fett",
        "100 Gram": "11 g"
      },
      {
        "Näringsvärde": "Varav mättat fett",
        "100 Gram": "2 g"
      },
      {
        "Näringsvärde": "Kolhydrat",
        "100 Gram": "60 g"
      },
      {
        "Näringsvärde": "Varav sockerarter",
        "100 Gram": "24 g"
      },
      {
        "Näringsvärde": "Fiber",
        "100 Gram": "2.7 g"
      },
      {
        "Näringsvärde": "Protein",
        "100 Gram": "6 g"
      },
      {
        "Näringsvärde": "Salt",
        "100 Gram": "0.25 g"
      }
    ],
    "nutritionUnitText": "Näringsvärde per 100 gram",
    "categories": {
      "mainCategory": "Fryst",
      "subCategories": [
        {
          "name": "Fryst bröd & dessert",
          "subSubCategories": [
            "Frysta bullar & kakor"
          ]
        }
      ]
    }
  },
  {
    "name": "Kanelbulle 1-p Bonjour",
    "weightText": "0.1 kg",
    "caPart": "",
    "weightValue": 0.1,
    "weightUnit": "kg",
    "comparePrice": "99,50 kr/kg",
    "currentPrice": 9.95,
    "attributes": [],
    "imgUrl": "https://handlaprivatkund.ica.se/images-v3/bf7a00ca-390e-4769-865f-dc369586872e/7b125a89-4bca-4192-b635-83d3fa1bf282/500x500.jpg",
    "productInformation": "",
    "countryText": "",
    "companyText": "Bonjour",
    "ingrediensText": "VETEMJÖL, vatten, socker, vegetabilisk olja (palm, raps), ÄGG, jäst, kanel, modifierad potatisstärkelse, förtjockningsmedel (E412), aprikoskärnor, salt, kardemumma, emulgeringsmedel (E472e, E471), naturliga aromer, mjölbehandlingsmedel (E300). Kan innehålla spår av mjölk, mandel, soja.",
    "storage": "",
    "allergens": "Kan innehålla spår av Mjölk, Nötter, Sojabönor.",
    "usage": "",
    "nutrition": [
      {
        "Näringsvärde": "Energi (kcal)",
        "100 Gram": "312 kcal"
      },
      {
        "Näringsvärde": "Energi (kJ)",
        "100 Gram": "1313 kJ"
      },
      {
        "Näringsvärde": "Fett",
        "100 Gram": "10 g"
      },
      {
        "Näringsvärde": "Varav mättat fett",
        "100 Gram": "3.7 g"
      },
      {
        "Näringsvärde": "Kolhydrat",
        "100 Gram": "48 g"
      },
      {
        "Näringsvärde": "Varav sockerarter",
        "100 Gram": "15 g"
      },
      {
        "Näringsvärde": "Fiber",
        "100 Gram": "2.2 g"
      },
      {
        "Näringsvärde": "Protein",
        "100 Gram": "6.2 g"
      },
      {
        "Näringsvärde": "Salt",
        "100 Gram": "0.57 g"
      }
    ],
    "nutritionUnitText": "Näringsvärde per 100 gram",
    "categories": {
      "mainCategory": "Fika",
      "subCategories": []
    }
  },
  {
    "name": "Citronmuffins 200g Hägges",
    "weightText": "0.2 kg",
    "caPart": "",
    "weightValue": 0.2,
    "weightUnit": "kg",
    "comparePrice": "127,50 kr/kg",
    "currentPrice": 25.5,
    "attributes": [],
    "imgUrl": "https://handlaprivatkund.ica.se/images-v3/bf7a00ca-390e-4769-865f-dc369586872e/45f71bb8-dad8-4bea-9b49-785fbf05d3e7/500x500.jpg",
    "productInformation": "En muffins med citronsmak. Passar att bjuda på till barnkalaset, använda till att göra cupcakes av eller ta med till badstranden.",
    "countryText": "",
    "companyText": "Hägges",
    "ingrediensText": "Ingredienser: Socker, VETEmjöl, rapsolja, ÄGG, VETEstärkelse, fuktighetsbevarande medel glycerol, modifierad stärkelse, bakpulver (E450, bikarbonat), vatten, salt, konserveringsmedel (E281, E202), koncentrerad vitdruvsjuice, VETEgluten, koncentrerad citronjuice 0,3%, citronolja 0,2%, förtjockningsmedel E415. Kan innehålla spår av mandel.",
    "storage": "",
    "allergens": "",
    "usage": "",
    "nutrition": [
      {
        "Näringsvärde": "Energi (kcal)",
        "100 Gram": "420 kcal"
      },
      {
        "Näringsvärde": "Energi (kJ)",
        "100 Gram": "1750 kJ"
      },
      {
        "Näringsvärde": "Fett",
        "100 Gram": "28 g"
      },
      {
        "Näringsvärde": "Kolhydrat",
        "100 Gram": "47 g"
      },
      {
        "Näringsvärde": "Varav sockerarter",
        "100 Gram": "26 g"
      },
      {
        "Näringsvärde": "Protein",
        "100 Gram": "6 g"
      }
    ],
    "nutritionUnitText": "Näringsvärde per 100 gram",
    "categories": {
      "mainCategory": "Bröd & Kakor",
      "subCategories": [
        {
          "name": "Kaffebröd",
          "subSubCategories": [
            "Mjuka kakor & Muffins",
            "Muffins"
          ]
        }
      ]
    }
  },
  {
    "name": "Polarkaka 525g Polarbröd",
    "weightText": "0.525 kg",
    "caPart": "",
    "weightValue": 0.525,
    "weightUnit": "kg",
    "comparePrice": "47,52 kr/kg",
    "currentPrice": 24.95,
    "attributes": [
      "Från Sverige",
      "Ursprungsland Sverige"
    ],
    "imgUrl": "https://handlaprivatkund.ica.se/images-v3/bf7a00ca-390e-4769-865f-dc369586872e/8844cfd4-247c-44fe-9dec-73c914f3cf69/500x500.jpg",
    "productInformation": "Originalet från norr. Polarkakan är ett traditionellt bröd från Norrland – en smakrik, lite seg mjukkaka som bakas direkt på hällen när ugnen är som hetast.",
    "countryText": "Sverige",
    "companyText": "Polarbröd",
    "ingrediensText": "VETEmjöl¹, vatten, siktat RÅGmjöl¹ (22%), sirap¹, socker¹, rapsolja¹, VETEGLUTEN, fermenterat VETEmjöl, salt, HAVREfiber, jäst¹, vegetabiliskt emulgeringsmedel (mono- och diglycerider av fettsyror, mono- och diglyceriders mono- och diacetylvinsyraestrar), bakpulver (hjorthornssalt), maltmjöl (KORN). 1Ursprungsland: Sverige.",
    "storage": "Frys gärna in en del av bröden hemma och ta fram efter behov, så maxar du njutningen och minskar svinnet på en och samma gång.",
    "allergens": "",
    "usage": "Vi fryser vårt bröd så fort det kommer rykande ur ugnen, och tinar det på väg till dig. Hållbar i 7 dagar i rumstemperatur, se bäst-före-märkning på förpackningen.",
    "nutrition": [
      {
        "Näringsvärde": "Energi (kcal)",
        "100 Gram": "280 kcal"
      },
      {
        "Näringsvärde": "Energi (kJ)",
        "100 Gram": "1150 kJ"
      },
      {
        "Näringsvärde": "Fett",
        "100 Gram": "3.9 g"
      },
      {
        "Näringsvärde": "Varav mättat fett",
        "100 Gram": "0.6 g"
      },
      {
        "Näringsvärde": "Kolhydrat",
        "100 Gram": "49 g"
      },
      {
        "Näringsvärde": "Varav sockerarter",
        "100 Gram": "8.2 g"
      },
      {
        "Näringsvärde": "Fiber",
        "100 Gram": "4.5 g"
      },
      {
        "Näringsvärde": "Protein",
        "100 Gram": "8.6 g"
      },
      {
        "Näringsvärde": "Salt",
        "100 Gram": "1 g"
      }
    ],
    "nutritionUnitText": "Näringsvärde per 100 gram",
    "categories": {
      "mainCategory": "Bröd & Kakor",
      "subCategories": [
        {
          "name": "Matbröd",
          "subSubCategories": [
            "Mjukt tunnbröd & Vetekakor",
            "Vetekakor"
          ]
        }
      ]
    }
  },
  {
    "name": "Pepparkakor 300g Nyåkers",
    "weightText": "0.3 kg",
    "caPart": "",
    "weightValue": 0.3,
    "weightUnit": "kg",
    "comparePrice": "98,33 kr/kg",
    "currentPrice": 29.5,
    "attributes": [],
    "imgUrl": "https://handlaprivatkund.ica.se/images-v3/bf7a00ca-390e-4769-865f-dc369586872e/fe01c6a3-af1f-42b3-8bfa-13d8a1efca9d/500x500.jpg",
    "productInformation": "",
    "countryText": "",
    "companyText": "Nyåkers",
    "ingrediensText": "Ingredienser: VETEmjöl, socker, vegetabilisk olja (shea, kokos, raps), sirap, bakpulver (E500), nejlika, kanel, ingefära, salt, naturlig arom.",
    "storage": "",
    "allergens": "",
    "usage": "",
    "nutrition": [
      {
        "Näringsvärde": "Energi (kcal)",
        "100 Gram": "420 kcal"
      },
      {
        "Näringsvärde": "Energi (kJ)",
        "100 Gram": "1750 kJ"
      },
      {
        "Näringsvärde": "Fett",
        "100 Gram": "14 g"
      },
      {
        "Näringsvärde": "Varav mättat fett",
        "100 Gram": "6 g"
      },
      {
        "Näringsvärde": "Kolhydrat",
        "100 Gram": "68 g"
      },
      {
        "Näringsvärde": "Varav sockerarter",
        "100 Gram": "35 g"
      },
      {
        "Näringsvärde": "Protein",
        "100 Gram": "4.5 g"
      },
      {
        "Näringsvärde": "Salt",
        "100 Gram": "1.8 g"
      }
    ],
    "nutritionUnitText": "Näringsvärde per 100 gram",
    "categories": {
      "mainCategory": "Bröd & Kakor",
      "subCategories": [
        {
          "name": "Kaffebröd",
          "subSubCategories": [
            "Kex & kakor",
            "Söta kex & Kakor",
            "Pepparkakor"
          ]
        }
      ]
    }
  },
  {
    "name": "Rågkaka 6-p 250g Polarbröd",
    "weightText": "0.25 kg",
    "caPart": "",
    "weightValue": 0.25,
    "weightUnit": "kg",
    "comparePrice": "71,80 kr/kg",
    "currentPrice": 17.95,
    "attributes": [
      "Från Sverige",
      "Ursprungsland Sverige"
    ],
    "imgUrl": "https://handlaprivatkund.ica.se/images-v3/bf7a00ca-390e-4769-865f-dc369586872e/d204267d-f874-48fe-aea0-d1a0ed3e3335/500x500.jpg",
    "productInformation": "En klassisk rågkaka från Polarbröd med en mild och god smak.",
    "countryText": "Sverige",
    "companyText": "Polarbröd",
    "ingrediensText": "Ingredienser: VETEmjöl¹, vatten, siktat RÅGmjöl¹ (22%), sirap¹, socker¹, fermenterat VETEmjöl, VETEgluten, rapsolja¹, VETEskållning¹, salt, jäst¹, vegetabiliskt emulgeringsmedel (mono- och diglycerider av fettsyror, mono- och diglyceriders mono- och diacetylvinsyraestrar), bakpulver (hjorthornssalt), maltmjöl (KORN). ¹Ursprungsland: Sverige.",
    "storage": "Frys gärna in en del av bröden hemma och ta fram efter behov, så maxar du njutningen och minskar svinnet på en och samma gång. Lägsta förvaringstemperatur 15°C Högsta förvaringstemperatur 25°C",
    "allergens": "",
    "usage": "",
    "nutrition": [
      {
        "Näringsvärde": "Energi (kcal)",
        "100 Gram": "270 kcal"
      },
      {
        "Näringsvärde": "Energi (kJ)",
        "100 Gram": "1150 kJ"
      },
      {
        "Näringsvärde": "Fett",
        "100 Gram": "3.3 g"
      },
      {
        "Näringsvärde": "Varav mättat fett",
        "100 Gram": "0.8 g"
      },
      {
        "Näringsvärde": "Kolhydrat",
        "100 Gram": "50 g"
      },
      {
        "Näringsvärde": "Varav sockerarter",
        "100 Gram": "8.2 g"
      },
      {
        "Näringsvärde": "Fiber",
        "100 Gram": "4.4 g"
      },
      {
        "Näringsvärde": "Protein",
        "100 Gram": "7.4 g"
      },
      {
        "Näringsvärde": "Salt",
        "100 Gram": "1 g"
      }
    ],
    "nutritionUnitText": "Näringsvärde per 100 gram",
    "categories": {
      "mainCategory": "Bröd & Kakor",
      "subCategories": [
        {
          "name": "Matbröd",
          "subSubCategories": [
            "Mjukt tunnbröd & Vetekakor",
            "Rågkakor"
          ]
        }
      ]
    }
  },
  {
    "name": "Cookies Vit choklad & tranbär 150g ICA",
    "weightText": "0.15 kg",
    "caPart": "",
    "weightValue": 0.15,
    "weightUnit": "kg",
    "comparePrice": "133,00 kr/kg",
    "currentPrice": 19.95,
    "attributes": [
      "Rainforest Alliance certifierad"
    ],
    "imgUrl": "https://handlaprivatkund.ica.se/images-v3/bf7a00ca-390e-4769-865f-dc369586872e/182e6c3e-ae85-4e27-b9b7-34675fb20d81/500x500.jpg",
    "productInformation": "Krispiga kakor med härliga bitar av vit choklad och syrliga tranbär.",
    "countryText": "",
    "companyText": "ICA",
    "ingrediensText": "VETEMJÖL, vit choklad 20% (socker, HELMJÖLKPULVER, kakaosmör*, SKUMMJÖLKSPULVER, emulgeringsmedel (SOJALECITIN), arom), vegetabilisk olja (palm** och solros), socker, russin, tranbärsfyllning 8% (torkade tranbär, socker, solrosolja), HAVREMJÖL, äppelfyllning (socker, russin, torkat äpple, glukossirap, svarta vinbär, modifierad majsstärkelse, citronjuicepulver, arom), glukos-fruktossirap, bakpulver (E450, E500), salt, arom, karamelliserat socker. Kan innehålla spår av hasselnötter, pekannötter, mandel och ägg. *Rainforest Alliance-certifierad. Läs mer på www.ra.org **Läs om hållbarhetscertifierad palmolja på ica.se",
    "storage": "Förvaras torrt, ej över normal rumstemperatur.",
    "allergens": "",
    "usage": "",
    "nutrition": [
      {
        "Näringsvärde": "Energi (kcal)",
        "100 Gram": "489 kcal"
      },
      {
        "Näringsvärde": "Energi (kJ)",
        "100 Gram": "2049 kJ"
      },
      {
        "Näringsvärde": "Fett",
        "100 Gram": "23 g"
      },
      {
        "Näringsvärde": "Varav mättat fett",
        "100 Gram": "12 g"
      },
      {
        "Näringsvärde": "Kolhydrat",
        "100 Gram": "65 g"
      },
      {
        "Näringsvärde": "Varav sockerarter",
        "100 Gram": "45 g"
      },
      {
        "Näringsvärde": "Fiber",
        "100 Gram": "2.3 g"
      },
      {
        "Näringsvärde": "Protein",
        "100 Gram": "4.9 g"
      },
      {
        "Näringsvärde": "Salt",
        "100 Gram": "0.66 g"
      }
    ],
    "nutritionUnitText": "Näringsvärde per 100 gram",
    "categories": {
      "mainCategory": "Bröd & Kakor",
      "subCategories": [
        {
          "name": "Kaffebröd",
          "subSubCategories": [
            "Kex & kakor",
            "Söta kex & Kakor",
            "Cookies"
          ]
        }
      ]
    }
  },
  {
    "name": "Bulle Vanillas 220g Pågen",
    "weightText": "0.22 kg",
    "caPart": "",
    "weightValue": 0.22,
    "weightUnit": "kg",
    "comparePrice": "122,50 kr/kg",
    "currentPrice": 26.95,
    "attributes": [],
    "imgUrl": "https://handlaprivatkund.ica.se/images-v3/bf7a00ca-390e-4769-865f-dc369586872e/6be5d6c1-86cf-4b4e-9a43-468fa9bd432e/500x500.jpg",
    "productInformation": "Små, fluffiga bullar fyllda med härlig vaniljkräm. Passar bra till snabb och enkel fika, men inte mindre god för det. Dessa gyllene gräddade små bullar med krämig vaniljfyllning är en favorit hos många. Gott och enkelt! Vanillas är bakade i Sverige på svenskt mjöl från vår egen kvarn.",
    "countryText": "",
    "companyText": "Pågen",
    "ingrediensText": "VETEmjöl, vatten, socker, glukos- och fruktossirap, vegetabilisk olja (raps, kokos, solros), kärn- och skumMJÖLK, ÄGG, malt av KORN, jäst, salt, modifierad stärkelse (potatis), bakpulver (E450, E500), vegetabiliskt emulgeringsmedel (E471), surhetsreglerande medel (E330, E332), färgämne (E160a, E170), stabiliseringsmedel (E422, E460, E466), konserveringsmedel (E200, E202, E282), mjölbehandlingsmedel (askorbinsyra), vaniljaromer, naturlig vaniljarom. Vanillas innehåller 32% vaniljkräm. Kan innehålla spår av MANDEL.",
    "storage": "",
    "allergens": "",
    "usage": "",
    "nutrition": [
      {
        "Näringsvärde": "Energi (kcal)",
        "100 Gram": "288 kcal"
      },
      {
        "Näringsvärde": "Energi (kJ)",
        "100 Gram": "1214 kJ"
      },
      {
        "Näringsvärde": "Fett",
        "100 Gram": "6.5 g"
      },
      {
        "Näringsvärde": "Varav mättat fett",
        "100 Gram": "2 g"
      },
      {
        "Näringsvärde": "Kolhydrat",
        "100 Gram": "50 g"
      },
      {
        "Näringsvärde": "Varav sockerarter",
        "100 Gram": "16 g"
      },
      {
        "Näringsvärde": "Protein",
        "100 Gram": "6.5 g"
      },
      {
        "Näringsvärde": "Salt",
        "100 Gram": "0.53 g"
      }
    ],
    "nutritionUnitText": "Näringsvärde per 100 gram",
    "categories": {
      "mainCategory": "Bröd & Kakor",
      "subCategories": [
        {
          "name": "Kaffebröd",
          "subSubCategories": [
            "Bullar & Vetelängder",
            "Bullar"
          ]
        }
      ]
    }
  },
  {
    "name": "Chocolate chip cookies 150g ICA Basic",
    "weightText": "0.15 kg",
    "caPart": "",
    "weightValue": 0.15,
    "weightUnit": "kg",
    "comparePrice": "79,67 kr/kg",
    "currentPrice": 11.95,
    "attributes": [],
    "imgUrl": "https://handlaprivatkund.ica.se/images-v3/bf7a00ca-390e-4769-865f-dc369586872e/6bd16aef-d83f-4206-ad47-3bcd6c0ee349/500x500.jpg",
    "productInformation": "Cookies med bitar av mörk choklad. Bra tilltugg till fikat!",
    "countryText": "",
    "companyText": "ICA Basic",
    "ingrediensText": "VETEMJÖL, mörk choklad 25% (socker, kakaomassa*, glukossirap, kakaosmör*, emulgeringsmedel (SOJALECITIN)), vegetabiliska oljor (palm**, solros), socker, glukos-fruktossirap, bakpulver (E450, E500), salt, karamelliserat socker, naturlig arom. Kan innehålla spår av hasselnöt, mandel, pekannöt, ägg och mjölk. *Rainforest Alliance-certifierad. Läs mer på www.ra.org **Läs om hållbarhetscertifierad palmolja på ica.se",
    "storage": "Förvaras torrt, ej över normal rumstemperatur.",
    "allergens": "",
    "usage": "",
    "nutrition": [
      {
        "Näringsvärde": "Energi (kcal)",
        "100 Gram": "512 kcal"
      },
      {
        "Näringsvärde": "Energi (kJ)",
        "100 Gram": "2142 kJ"
      },
      {
        "Näringsvärde": "Fett",
        "100 Gram": "27 g"
      },
      {
        "Näringsvärde": "Varav mättat fett",
        "100 Gram": "14 g"
      },
      {
        "Näringsvärde": "Kolhydrat",
        "100 Gram": "60 g"
      },
      {
        "Näringsvärde": "Varav sockerarter",
        "100 Gram": "34 g"
      },
      {
        "Näringsvärde": "Fiber",
        "100 Gram": "3.3 g"
      },
      {
        "Näringsvärde": "Protein",
        "100 Gram": "4.9 g"
      },
      {
        "Näringsvärde": "Salt",
        "100 Gram": "0.9 g"
      }
    ],
    "nutritionUnitText": "Näringsvärde per 100 gram",
    "categories": {
      "mainCategory": "Bröd & Kakor",
      "subCategories": [
        {
          "name": "Kaffebröd",
          "subSubCategories": [
            "Kex & kakor",
            "Söta kex & Kakor",
            "Cookies"
          ]
        }
      ]
    }
  },
  {
    "name": "FrasRost Rostbröd 450g Skogaholms",
    "weightText": "0.45 kg",
    "caPart": "",
    "weightValue": 0.45,
    "weightUnit": "kg",
    "comparePrice": "42,11 kr/kg",
    "currentPrice": 18.95,
    "attributes": [
      "Ursprungsland Sverige"
    ],
    "imgUrl": "https://handlaprivatkund.ica.se/images-v3/bf7a00ca-390e-4769-865f-dc369586872e/7bc51a13-475c-4deb-a6a3-d5717d8969b2/500x500.jpg",
    "productInformation": "",
    "countryText": "Sverige",
    "companyText": "Skogaholms",
    "ingrediensText": "VETEmjöl, vatten, VETEgluten, skållat VETEmjöl, jäst, fermenterat VETEmjöl, socker, salt, rapsolja, siktat RÅGmjöl, surdegspulver av VETE, malt av KORN, mjölbehandlingsmedel (askorbinsyra).",
    "storage": "",
    "allergens": "",
    "usage": "",
    "nutrition": [
      {
        "Näringsvärde": "Energi (kcal)",
        "100 Gram": "250 kcal"
      },
      {
        "Näringsvärde": "Energi (kJ)",
        "100 Gram": "1050 kJ"
      },
      {
        "Näringsvärde": "Fett",
        "100 Gram": "1.8 g"
      },
      {
        "Näringsvärde": "Varav mättat fett",
        "100 Gram": "0.5 g"
      },
      {
        "Näringsvärde": "Kolhydrat",
        "100 Gram": "48 g"
      },
      {
        "Näringsvärde": "Varav sockerarter",
        "100 Gram": "5.8 g"
      },
      {
        "Näringsvärde": "Fiber",
        "100 Gram": "2.6 g"
      },
      {
        "Näringsvärde": "Protein",
        "100 Gram": "10 g"
      },
      {
        "Näringsvärde": "Salt",
        "100 Gram": "1 g"
      }
    ],
    "nutritionUnitText": "Näringsvärde per 100 gram",
    "categories": {
      "mainCategory": "Bröd & Kakor",
      "subCategories": [
        {
          "name": "Matbröd",
          "subSubCategories": [
            "Ljust bröd",
            "Rostbröd"
          ]
        }
      ]
    }
  },
  {
    "name": "Biscoff kex 250g Lotus",
    "weightText": "0.25 kg",
    "caPart": "",
    "weightValue": 0.25,
    "weightUnit": "kg",
    "comparePrice": "83,80 kr/kg",
    "currentPrice": 20.95,
    "attributes": [],
    "imgUrl": "https://handlaprivatkund.ica.se/images-v3/bf7a00ca-390e-4769-865f-dc369586872e/08c79862-19de-4b4f-ae66-d83d03f3d35c/500x500.jpg",
    "productInformation": "Biscoff-kakor har avnjutits av människor över hela världen i generationer. Med sin unika karamelliserade smak och sprödhet är de oemotståndliga! Man kan njuta av den själv, tillsammans med en kaffe eller annan dryck. Ät den till en fika med vänner eller som ett snacks på språng under dagen. Den fungerar också som en utmärkt ingrediens vid bakning av cheesecake, cupcakes, donuts och andra desserter. Biscoff-kakan är nötfri, vegansk och innehåller inga konstgjorda smak- eller färgämnen.",
    "countryText": "",
    "companyText": "Lotus",
    "ingrediensText": "Ingredienser: VETEmjöl, socker, vegetabiliska oljor (palm*, raps), sirap, bakpulver (natriumbikarbonat), SOJAmjöl, salt, kanel. *Hållbart producerad från certifierade odlare.",
    "storage": "Lägsta förvaringstemperatur 5°C Högsta förvaringstemperatur 30°C",
    "allergens": "Innehåller Vete Innehåller Sojabönor",
    "usage": "",
    "nutrition": [
      {
        "Näringsvärde": "Energi (kcal)",
        "100 Gram": "484 kcal"
      },
      {
        "Näringsvärde": "Energi (kJ)",
        "100 Gram": "2032 kJ"
      },
      {
        "Näringsvärde": "Fett",
        "100 Gram": "19 g"
      },
      {
        "Näringsvärde": "Varav mättat fett",
        "100 Gram": "8 g"
      },
      {
        "Näringsvärde": "Kolhydrat",
        "100 Gram": "72.6 g"
      },
      {
        "Näringsvärde": "Varav sockerarter",
        "100 Gram": "38.1 g"
      },
      {
        "Näringsvärde": "Fiber",
        "100 Gram": "1.3 g"
      },
      {
        "Näringsvärde": "Protein",
        "100 Gram": "4.9 g"
      },
      {
        "Näringsvärde": "Salt",
        "100 Gram": "0.92 g"
      }
    ],
    "nutritionUnitText": "Näringsvärde per 100 gram",
    "categories": {
      "mainCategory": "Bröd & Kakor",
      "subCategories": [
        {
          "name": "Kaffebröd",
          "subSubCategories": [
            "Kex & kakor",
            "Söta kex & Kakor",
            "Söta kex"
          ]
        }
      ]
    }
  },
  {
    "name": "Maränger 120g ICA",
    "weightText": "0.12 kg",
    "caPart": "",
    "weightValue": 0.12,
    "weightUnit": "kg",
    "comparePrice": "170,83 kr/kg",
    "currentPrice": 20.5,
    "attributes": [
      "Från Sverige"
    ],
    "imgUrl": "https://handlaprivatkund.ica.se/images-v3/bf7a00ca-390e-4769-865f-dc369586872e/dc4bf7b8-23bd-4fc9-8cfe-a76cd4ed57f4/500x500.jpg",
    "productInformation": "Små maränger som passar till marängsvissen. Blanda med vaniljglass, vispgrädde och skivad banan. Ringla över varm hemmagjord chokladsås!",
    "countryText": "",
    "companyText": "ICA",
    "ingrediensText": "Socker*, marängvita (SKUMMJÖLKSPULVER*, stabiliseringsmedel (E466, E412), surhetsreglerande medel (E330, E500)). Kan innehålla spår av ägg. *Ursprung Sverige.",
    "storage": "",
    "allergens": "",
    "usage": "",
    "nutrition": [
      {
        "Näringsvärde": "Energi (kcal)",
        "100 Gram": "400 kcal"
      },
      {
        "Näringsvärde": "Energi (kJ)",
        "100 Gram": "1700 kJ"
      },
      {
        "Näringsvärde": "Fett",
        "100 Gram": "0 g"
      },
      {
        "Näringsvärde": "Varav mättat fett",
        "100 Gram": "0 g"
      },
      {
        "Näringsvärde": "Kolhydrat",
        "100 Gram": "97 g"
      },
      {
        "Näringsvärde": "Varav sockerarter",
        "100 Gram": "97 g"
      },
      {
        "Näringsvärde": "Protein",
        "100 Gram": "1.6 g"
      },
      {
        "Näringsvärde": "Salt",
        "100 Gram": "0.1 g"
      }
    ],
    "nutritionUnitText": "",
    "categories": {
      "mainCategory": "Glass, Godis & Snacks",
      "subCategories": [
        {
          "name": "Glass",
          "subSubCategories": [
            "Glasstillbehör",
            "Maränger"
          ]
        }
      ]
    }
  },
  {
    "name": "Majskakor Paprika 125g Friggs",
    "weightText": "0.125 kg",
    "caPart": "",
    "weightValue": 0.125,
    "weightUnit": "kg",
    "comparePrice": "151,60 kr/kg",
    "currentPrice": 18.95,
    "attributes": [
      "Glutenfritt"
    ],
    "imgUrl": "https://handlaprivatkund.ica.se/images-v3/bf7a00ca-390e-4769-865f-dc369586872e/46cb0e43-8caa-4acf-bf90-d9ec99f2ac01/500x500.jpg",
    "productInformation": "",
    "countryText": "",
    "companyText": "Friggs",
    "ingrediensText": "Ingredienser: majs (80 %) (majsgryn, majsmjöl), rapsolja, kryddmix med smak av paprika (7,9 %) (paprikapulver (2,7 %), rismjöl, salt, lökpulver, socker, naturlig arom (innehåller MJÖLK), vitlökspulver (0,3 %), jästextrakt, kryddextrakt (paprika), surhetsreglerande medel (citronsyra), rökt maltodextrin, rökt salt). Kan innehålla spår av soja och sesamfrön.",
    "storage": "Förvaras torrt, ej över normal rumstemperatur.",
    "allergens": "",
    "usage": "",
    "nutrition": [
      {
        "Näringsvärde": "Energi (kcal)",
        "100 Gram": "440 kcal"
      },
      {
        "Näringsvärde": "Energi (kJ)",
        "100 Gram": "1850 kJ"
      },
      {
        "Näringsvärde": "Fett",
        "100 Gram": "14 g"
      },
      {
        "Näringsvärde": "Varav mättat fett",
        "100 Gram": "1.2 g"
      },
      {
        "Näringsvärde": "Kolhydrat",
        "100 Gram": "71 g"
      },
      {
        "Näringsvärde": "Varav sockerarter",
        "100 Gram": "0.9 g"
      },
      {
        "Näringsvärde": "Fiber",
        "100 Gram": "2.3 g"
      },
      {
        "Näringsvärde": "Protein",
        "100 Gram": "6.5 g"
      },
      {
        "Näringsvärde": "Salt",
        "100 Gram": "1.4 g"
      }
    ],
    "nutritionUnitText": "Näringsvärde per 100 gram",
    "categories": {
      "mainCategory": "Bröd & Kakor",
      "subCategories": [
        {
          "name": "Knäckebröd & Skorpor",
          "subSubCategories": [
            "Riskakor"
          ]
        }
      ]
    }
  },
  {
    "name": "Knäckebröd Delikatess Sesam 285g Wasa",
    "weightText": "0.285 kg",
    "caPart": "",
    "weightValue": 0.285,
    "weightUnit": "kg",
    "comparePrice": "84,04 kr/kg",
    "currentPrice": 23.95,
    "attributes": [
      "Nyckelhålet"
    ],
    "imgUrl": "https://handlaprivatkund.ica.se/images-v3/bf7a00ca-390e-4769-865f-dc369586872e/65e607b1-1571-4a04-b661-9ddb9430c40a/500x500.jpg",
    "productInformation": "Wasa Knäckebröd Delikatess Sesam är ett tunt knäckebröd täckt av gyllenrostade sesamfrön. Det är ett mycket sprött och krispigt knäcke, bakat på fullkornsrågmjöl. Knäckebröd med sesam får en lite nötig smak och gör sig därför extra bra till ostbrickan eller med lite mer exklusiva pålägg. Detta knäckebröd med frön är dock en delikatess även till frukost eller som en vanlig knäckemacka. Vårt rågknäcke innehåller 98% fullkorn och är rikt på kostfiber. Wasa Delikatess Knäckebröd Sesam är nyckelhålsmärkt och 100% klimatkompenserat.",
    "countryText": "",
    "companyText": "Wasa",
    "ingrediensText": "Ingredienser: FULLKORNSRÅGMJÖL/FULLKORNSRUGMEL (98 g*), SESAMFRÖN/SESAMFRØ (11 g*), salt, jäst/gjær. *i g för 100 g produkt. KAN INNEHÅLLA SPÅR AV MJÖLK./KAN INNEHOLDE SPOR AV MELK.",
    "storage": "Förvaras torrt och mörkt.",
    "allergens": "Kan innehålla spår av Mjölk.",
    "usage": "",
    "nutrition": [
      {
        "Näringsvärde": "Energi (kcal)",
        "100 Gram": "356 kcal"
      },
      {
        "Näringsvärde": "Energi (kJ)",
        "100 Gram": "1494 kJ"
      },
      {
        "Näringsvärde": "Fett",
        "100 Gram": "5.5 g"
      },
      {
        "Näringsvärde": "Varav mättat fett",
        "100 Gram": "1 g"
      },
      {
        "Näringsvärde": "Kolhydrat",
        "100 Gram": "55 g"
      },
      {
        "Näringsvärde": "Varav sockerarter",
        "100 Gram": "2 g"
      },
      {
        "Näringsvärde": "Fiber",
        "100 Gram": "21 g"
      },
      {
        "Näringsvärde": "Protein",
        "100 Gram": "11 g"
      },
      {
        "Näringsvärde": "Salt",
        "100 Gram": "1 g"
      },
      {
        "Näringsvärde": "Järn",
        "100 Gram": "3.4 mg",
        "% av DRI(*)": "24"
      },
      {
        "Näringsvärde": "Magnesium",
        "100 Gram": "130 mg",
        "% av DRI(*)": "35"
      },
      {
        "Näringsvärde": "Zink",
        "100 Gram": "3.4 mg",
        "% av DRI(*)": "34"
      }
    ],
    "nutritionUnitText": "Näringsvärde per 100 gram",
    "categories": {
      "mainCategory": "Bröd & Kakor",
      "subCategories": [
        {
          "name": "Knäckebröd & Skorpor",
          "subSubCategories": [
            "Knäckebröd",
            "Ljust knäckebröd"
          ]
        }
      ]
    }
  },
  {
    "name": "Saltiner 150g Göteborgs",
    "weightText": "0.15 kg",
    "caPart": "",
    "weightValue": 0.15,
    "weightUnit": "kg",
    "comparePrice": "150,00 kr/kg",
    "currentPrice": 22.5,
    "attributes": [],
    "imgUrl": "https://handlaprivatkund.ica.se/images-v3/bf7a00ca-390e-4769-865f-dc369586872e/b1a99b21-a2f5-4876-bdcb-342da5531649/500x500.jpg",
    "productInformation": "Saltiner är goda salta kex - en riktig klassiker på ostbrickan. Det spröda smörgåskexet passar utmärkt till olika ostar. Saltiner är speciellt populära nyår, påsk, midsommar och kräftskivan – högtider då man gärna firar genom att umgås över en ostbricka. Salta kex som är veganska och bakade utan palmolja.",
    "countryText": "",
    "companyText": "Göteborgs",
    "ingrediensText": "Ingredienser: VETEMJÖL/HVEDEMEL, vegetabilisk olja*, VETESTÄRKELSE/HVEDESTIVELSE, socker, salt, bakpulver/hævemiddel (hjorthornssalt E503, natriumbikarbonat), maltextrakt (KORN/BYG), jästextrakt/gærekstrakt, arom. *För info om vilken olja som använts se www.goteborgskex.se/ravaror",
    "storage": "Lägsta förvaringstemperatur 10°C Högsta förvaringstemperatur 22°C",
    "allergens": "Innehåller Spannmål som innehåller gluten",
    "usage": "",
    "nutrition": [
      {
        "Näringsvärde": "Energi (kcal)",
        "100 Gram": "489 kcal"
      },
      {
        "Näringsvärde": "Energi (kJ)",
        "100 Gram": "2046 kJ"
      },
      {
        "Näringsvärde": "Fett",
        "100 Gram": "23 g"
      },
      {
        "Näringsvärde": "Varav mättat fett",
        "100 Gram": "11 g"
      },
      {
        "Näringsvärde": "Kolhydrat",
        "100 Gram": "61 g"
      },
      {
        "Näringsvärde": "Varav sockerarter",
        "100 Gram": "3.8 g"
      },
      {
        "Näringsvärde": "Fiber",
        "100 Gram": "2.7 g"
      },
      {
        "Näringsvärde": "Protein",
        "100 Gram": "7.7 g"
      },
      {
        "Näringsvärde": "Salt",
        "100 Gram": "2.8 g"
      }
    ],
    "nutritionUnitText": "Näringsvärde per 100 gram",
    "categories": {
      "mainCategory": "Bröd & Kakor",
      "subCategories": [
        {
          "name": "Kaffebröd",
          "subSubCategories": [
            "Kex & kakor",
            "Matkex",
            "Kex till ost"
          ]
        }
      ]
    }
  },
  {
    "name": "Tårtbotten Klassisk 24cm 3-delad 330g ICA",
    "weightText": "0.33 kg",
    "caPart": "",
    "weightValue": 0.33,
    "weightUnit": "kg",
    "comparePrice": "80,30 kr/kg",
    "currentPrice": 26.5,
    "attributes": [],
    "imgUrl": "https://handlaprivatkund.ica.se/images-v3/bf7a00ca-390e-4769-865f-dc369586872e/91c4047f-32de-4474-bbd1-dafe3de49d2b/500x500.jpg",
    "productInformation": "Alla kan göra sin egen drömtårta. ICA Tårtbottnar är grunden - nu börjar det roliga. Fyll och pynta med tillbehör och smaker som du älskar.",
    "countryText": "",
    "companyText": "ICA",
    "ingrediensText": "VETEMJÖL, socker, ÄGG*, VETESTÄRKELSE, fuktighetsbevarandemedel (E422), modifierad potatisstärkelse,bakpulver (E450, E500), invertsocker,SKUMMJÖLKSPULVER, emulgeringsmedel (E471,E475, E477, E481), salt, konserveringsmedel(E202, E281), färgämne (E160a), arom.*Ursprung Polen, från frigående höns.",
    "storage": "Förvaras torrt , ej över normal rumstemperatur",
    "allergens": "",
    "usage": "",
    "nutrition": [
      {
        "Näringsvärde": "Energi (kcal)",
        "100 Gram": "300 kcal"
      },
      {
        "Näringsvärde": "Energi (kJ)",
        "100 Gram": "1273 kJ"
      },
      {
        "Näringsvärde": "Fett",
        "100 Gram": "2.8 g"
      },
      {
        "Näringsvärde": "Varav mättat fett",
        "100 Gram": "1.2 g"
      },
      {
        "Näringsvärde": "Kolhydrat",
        "100 Gram": "62 g"
      },
      {
        "Näringsvärde": "Varav sockerarter",
        "100 Gram": "32 g"
      },
      {
        "Näringsvärde": "Protein",
        "100 Gram": "5.3 g"
      },
      {
        "Näringsvärde": "Salt",
        "100 Gram": "1.2 g"
      }
    ],
    "nutritionUnitText": "Näringsvärde per 100 gram",
    "categories": {
      "mainCategory": "Bröd & Kakor",
      "subCategories": [
        {
          "name": "Kaffebröd",
          "subSubCategories": [
            "Tårtbottnar"
          ]
        }
      ]
    }
  },
  {
    "name": "Knäckebröd Delikatess 270g Wasa",
    "weightText": "0.27 kg",
    "caPart": "",
    "weightValue": 0.27,
    "weightUnit": "kg",
    "comparePrice": "77,59 kr/kg",
    "currentPrice": 20.95,
    "attributes": [
      "Nyckelhålet"
    ],
    "imgUrl": "https://handlaprivatkund.ica.se/images-v3/bf7a00ca-390e-4769-865f-dc369586872e/460aaf59-8854-4da9-a83e-5b7f80916896/500x500.jpg",
    "productInformation": "Wasa Knäckebröd Delikatess är ett riktigt tunt knäckebröd med mycket god smak. Det är ett ljust knäckebröd, nästan vitt, och en uppskattad delikatess. Vårt rågknäckebröd är sprött och krispigt med en mild smak. Det passar utmärkt med alla typer av pålägg, men kanske bäst med något från delikatessdisken. Knäcket är bakat på fullkornsrågmjöl och innehåller mycket kostfiber, järn samt 100% fullkorn. Wasa Delikatess knäckebröd är nyckelhålsmärkt och 100% klimatkompenserat.",
    "countryText": "",
    "companyText": "Wasa",
    "ingrediensText": "Ingredienser: fullkornsRÅGmjöl 110 g*, salt. *i g för 100 g produkt. Kan innehålla spår av LUPIN, MJÖLK, SENAP, SESAMFRÖN och SOJABÖNOR.",
    "storage": "Förvaras torrt och mörkt. Högsta förvaringstemperatur 25°C",
    "allergens": "Kan innehålla spår av Mjölk, Sesamfrön.",
    "usage": "",
    "nutrition": [
      {
        "Näringsvärde": "Energi (kcal)",
        "100 Gram": "338 kcal"
      },
      {
        "Näringsvärde": "Energi (kJ)",
        "100 Gram": "1423 kJ"
      },
      {
        "Näringsvärde": "Fett",
        "100 Gram": "1.5 g"
      },
      {
        "Näringsvärde": "Varav mättat fett",
        "100 Gram": "0.3 g"
      },
      {
        "Näringsvärde": "Kolhydrat",
        "100 Gram": "62 g"
      },
      {
        "Näringsvärde": "Varav sockerarter",
        "100 Gram": "2 g"
      },
      {
        "Näringsvärde": "Fiber",
        "100 Gram": "20 g"
      },
      {
        "Näringsvärde": "Protein",
        "100 Gram": "9 g"
      },
      {
        "Näringsvärde": "Salt",
        "100 Gram": "1 g"
      },
      {
        "Näringsvärde": "Järn",
        "100 Gram": "2.6 mg",
        "% av DRI(*)": "19"
      },
      {
        "Näringsvärde": "Magnesium",
        "100 Gram": "95 mg",
        "% av DRI(*)": "25"
      },
      {
        "Näringsvärde": "Zink",
        "100 Gram": "2.5 mg",
        "% av DRI(*)": "25"
      }
    ],
    "nutritionUnitText": "Näringsvärde per 100 gram",
    "categories": {
      "mainCategory": "Bröd & Kakor",
      "subCategories": [
        {
          "name": "Knäckebröd & Skorpor",
          "subSubCategories": [
            "Knäckebröd",
            "Ljust knäckebröd"
          ]
        }
      ]
    }
  },
  {
    "name": "Surdegsbröd Eko 350g Fazer",
    "weightText": "0.35 kg",
    "caPart": "",
    "weightValue": 0.35,
    "weightUnit": "kg",
    "comparePrice": "75,71 kr/kg",
    "currentPrice": 26.5,
    "attributes": [
      "Från Sverige",
      "EU Ekologiskt",
      "Ursprungsland Sverige",
      "Ekologiskt",
      "KRAV"
    ],
    "imgUrl": "https://handlaprivatkund.ica.se/images-v3/bf7a00ca-390e-4769-865f-dc369586872e/8e34cac3-9f0f-4955-a50e-5c421829181a/500x500.jpg",
    "productInformation": "Ekologiskt Surdegsbröd. Mjukt och smakrikt med linfrön och råg. Vi bakar med egen färsk surdeg av fullkornsråg, som ger våra bröd en mustig smak och unik karaktär. Surdegen bidrar till att brödet håller längre, helt naturligt. Ekologiskt surdegsbröd är lika gott till frukost, mellanmål eller som tillbehör till lunch eller middag. Prova gärna att rosta! Tips! Använd det ekologiska surdegsbrödet till att göra en härlig frukostmacka eller varför inte göra en grekisk toast med fetaostkräm och en nektarin- och tomatsalsa. Sunt att njuta! Northern Magic. Made Real.",
    "countryText": "Sverige",
    "companyText": "Fazer",
    "ingrediensText": "VETEmjöl**,1, vatten, RÅGflingor**,1, surdeg av fullkornsRÅGmjöl**,1 5,5%, rapsolja**,1, RÅGfiber**, linfrö1**, VETEgluten*, jäst,1, socker**, malt av KORN** och RÅG**, salt, fermenterat VETEmjöl*, stabiliseringsmedel* (guarkärnmjöl), fullkornsVETEmjöl**,1, ättika*, mjölbehandlingsmedel (askorbinsyra). * Ekologisk ingrediens. ** KRAV ekologisk ingrediens. 1Ursprung Sverige. Brödet består av 82 % svenska ingredienser.",
    "storage": "",
    "allergens": "",
    "usage": "",
    "nutrition": [
      {
        "Näringsvärde": "Energi (kcal)",
        "100 Gram": "280 kcal"
      },
      {
        "Näringsvärde": "Energi (kJ)",
        "100 Gram": "1150 kJ"
      },
      {
        "Näringsvärde": "Fett",
        "100 Gram": "5.8 g"
      },
      {
        "Näringsvärde": "Varav mättat fett",
        "100 Gram": "0.5 g"
      },
      {
        "Näringsvärde": "Kolhydrat",
        "100 Gram": "45 g"
      },
      {
        "Näringsvärde": "Varav sockerarter",
        "100 Gram": "4.1 g"
      },
      {
        "Näringsvärde": "Fiber",
        "100 Gram": "6.1 g"
      },
      {
        "Näringsvärde": "Protein",
        "100 Gram": "8.4 g"
      },
      {
        "Näringsvärde": "Salt",
        "100 Gram": "0.9 g"
      }
    ],
    "nutritionUnitText": "Näringsvärde per 100 gram",
    "categories": {
      "mainCategory": "Bröd & Kakor",
      "subCategories": [
        {
          "name": "Matbröd",
          "subSubCategories": [
            "Surdegsbröd"
          ]
        }
      ]
    }
  },
  {
    "name": "Knäckebröd Din Harmoni Vallmofrö & Havssalt 260g Wasa",
    "weightText": "0.26 kg",
    "caPart": "",
    "weightValue": 0.26,
    "weightUnit": "kg",
    "comparePrice": "103,65 kr/kg",
    "currentPrice": 26.95,
    "attributes": [
      "Nyckelhålet"
    ],
    "imgUrl": "https://handlaprivatkund.ica.se/images-v3/bf7a00ca-390e-4769-865f-dc369586872e/e057926a-de38-43c8-8ad7-f025e9af45ea/500x500.jpg",
    "productInformation": "Wasa Knäckebröd Din Harmoni Vallmofrö & Havssalt firar ditt inre lugn. Det här är ett knäckebröd med vallmo som erbjuder en välsmakande paus. Vårt vallmofrö-bröd är rikt på fullkorn och är 100% klimatkompenserat. Det är bakat på fullkornsrågmjöl och toppat med blå och vita vallmofrön samt havssalt som ger det en god och balanserad karaktär. Din Harmoni Vallmofrö & Havssalt är ett runt knäckebröd. Du kan bryta det i precis lagom stora bitar för en välsmakande knäckemacka eller i små bitar att ha i soppan eller salladen.",
    "countryText": "",
    "companyText": "Wasa",
    "ingrediensText": "Ingredienser: FullkornsRÅGmjöl 97 g*, blå & vita vallmofrön 7,7 g*, jäst, havssalt 0,6 g*, salt. *i g för 100 g produkt.",
    "storage": "",
    "allergens": "",
    "usage": "",
    "nutrition": [
      {
        "Näringsvärde": "Energi (kcal)",
        "100 Gram": "353 kcal"
      },
      {
        "Näringsvärde": "Energi (kJ)",
        "100 Gram": "1484 kJ"
      },
      {
        "Näringsvärde": "Fett",
        "100 Gram": "5 g"
      },
      {
        "Näringsvärde": "Varav mättat fett",
        "100 Gram": "1 g"
      },
      {
        "Näringsvärde": "Kolhydrat",
        "100 Gram": "56 g"
      },
      {
        "Näringsvärde": "Varav sockerarter",
        "100 Gram": "0.5 g"
      },
      {
        "Näringsvärde": "Fiber",
        "100 Gram": "20 g"
      },
      {
        "Näringsvärde": "Protein",
        "100 Gram": "11 g"
      },
      {
        "Näringsvärde": "Salt",
        "100 Gram": "1.2 g"
      }
    ],
    "nutritionUnitText": "Näringsvärde per 100 gram",
    "categories": {
      "mainCategory": "Bröd & Kakor",
      "subCategories": [
        {
          "name": "Knäckebröd & Skorpor",
          "subSubCategories": [
            "Knäckebröd",
            "Mörkt knäckebröd"
          ]
        }
      ]
    }
  },
  {
    "name": "Riskakor med Pizzasmak 125g Friggs",
    "weightText": "0.125 kg",
    "caPart": "",
    "weightValue": 0.125,
    "weightUnit": "kg",
    "comparePrice": "175,60 kr/kg",
    "currentPrice": 21.95,
    "attributes": [],
    "imgUrl": "https://handlaprivatkund.ica.se/images-v3/bf7a00ca-390e-4769-865f-dc369586872e/f9f5665b-7253-4d3c-9a74-c308ef36abb4/500x500.jpg",
    "productInformation": "Friggs Riskakor Pizza har en god smak av pizza. Njut av de som de är eller tillsammans med ditt favoritpålägg. Naturligt glutenfria och rika på fullkorn.",
    "countryText": "",
    "companyText": "Friggs",
    "ingrediensText": "Råris (fullkorn) (78 %), rapsolja, kryddblandning (OSTPULVER, vasslepulver (från MJÖLK), salt, socker, tomatpulver, dextros, jästextrakt, vitlökspulver, örter (oregano, basilika, persilja), arom (MJÖLK), kryddextrakt (paprika, svartpeppar), syra (citronsyra), örtextrakt (oregano, timjan)). Kan innehålla spår av soja och sesamfrön.",
    "storage": "Torrt, ej över normal rumstemperatur. Lägsta förvaringstemperatur 5°C Högsta förvaringstemperatur 25°C",
    "allergens": "Kan innehålla spår av Sesamfrön.",
    "usage": "",
    "nutrition": [
      {
        "Näringsvärde": "Energi (kcal)",
        "100 Gram": "450 kcal"
      },
      {
        "Näringsvärde": "Energi (kJ)",
        "100 Gram": "1900 kJ"
      },
      {
        "Näringsvärde": "Fett",
        "100 Gram": "17 g"
      },
      {
        "Näringsvärde": "Varav mättat fett",
        "100 Gram": "2.1 g"
      },
      {
        "Näringsvärde": "Kolhydrat",
        "100 Gram": "64 g"
      },
      {
        "Näringsvärde": "Varav sockerarter",
        "100 Gram": "3.9 g"
      },
      {
        "Näringsvärde": "Fiber",
        "100 Gram": "3.2 g"
      },
      {
        "Näringsvärde": "Protein",
        "100 Gram": "8.1 g"
      },
      {
        "Näringsvärde": "Salt",
        "100 Gram": "1.6 g"
      }
    ],
    "nutritionUnitText": "Näringsvärde per 100 gram",
    "categories": {
      "mainCategory": "Bröd & Kakor",
      "subCategories": [
        {
          "name": "Knäckebröd & Skorpor",
          "subSubCategories": [
            "Riskakor"
          ]
        }
      ]
    }
  },
  {
    "name": "Singoalla Blåbär 190g Göteborgs",
    "weightText": "0.19 kg",
    "caPart": "",
    "weightValue": 0.19,
    "weightUnit": "kg",
    "comparePrice": "118,42 kr/kg",
    "currentPrice": 22.5,
    "attributes": [],
    "imgUrl": "https://handlaprivatkund.ica.se/images-v3/bf7a00ca-390e-4769-865f-dc369586872e/2d20c87d-ad98-498b-8d36-e0d016a635d3/500x500.jpg",
    "productInformation": "Singoalla Blåbär är en oemotståndligt god kaka med krämig vaniljfyllning och sötsyrligt blåbär. Singoalla lanserades 1964 och har sedan dess varit ett älskat kex med sin perfekta balans mellan syrlighet och sötma. Fylld med smak av svensk sommar! Kakorna är veganska och bakade utan palmolja.",
    "countryText": "",
    "companyText": "Singoalla",
    "ingrediensText": "VETEMJÖL/HVEDEMEL, kräm med vaniljsmak 23 % (socker, fullhärdat kokosfett, emulgeringsmedel (lecitin), surhetsreglerande medel (citronsyra), arom (vanillin)), blåbärsfyllning 14 % (socker, glukossirap, vatten, blåbärsjuicekoncentrat 4,9 %, geleringsmedel (karragenan), aromer), socker, solrosolja, invertsocker, bakpulver/hævemiddel (natriumbikarbonat, hjorthornssalt E503), emulgeringsmedel (lecitin), salt, aromer. Kan innehålla spår av HASSELNÖTTER/HASSELNØDDER och MJÖLK/MÆLK.",
    "storage": "",
    "allergens": "Kan innehålla Mjölk Innehåller Sojabönor Innehåller Spannmål som innehåller gluten Kan innehålla Nötter (eng: tree nuts)",
    "usage": "",
    "nutrition": [
      {
        "Näringsvärde": "Energi (kcal)",
        "100 Gram": "467 kcal"
      },
      {
        "Näringsvärde": "Energi (kJ)",
        "100 Gram": "1961 kJ"
      },
      {
        "Näringsvärde": "Fett",
        "100 Gram": "18 g"
      },
      {
        "Näringsvärde": "Varav mättat fett",
        "100 Gram": "9 g"
      },
      {
        "Näringsvärde": "Kolhydrat",
        "100 Gram": "71 g"
      },
      {
        "Näringsvärde": "Varav sockerarter",
        "100 Gram": "38 g"
      },
      {
        "Näringsvärde": "Fiber",
        "100 Gram": "1.9 g"
      },
      {
        "Näringsvärde": "Protein",
        "100 Gram": "5 g"
      },
      {
        "Näringsvärde": "Salt",
        "100 Gram": "0.47 g"
      }
    ],
    "nutritionUnitText": "Näringsvärde per 100 gram",
    "categories": {
      "mainCategory": "Bröd & Kakor",
      "subCategories": [
        {
          "name": "Kaffebröd",
          "subSubCategories": [
            "Kex & kakor",
            "Söta kex & Kakor",
            "Fyllda kakor"
          ]
        }
      ]
    }
  },
  {
    "name": "Naan bröd Original 260g Santa Maria",
    "weightText": "0.26 kg",
    "caPart": "",
    "weightValue": 0.26,
    "weightUnit": "kg",
    "comparePrice": "117,31 kr/kg",
    "currentPrice": 30.5,
    "attributes": [],
    "imgUrl": "https://handlaprivatkund.ica.se/images-v3/bf7a00ca-390e-4769-865f-dc369586872e/3e8c6a55-68a8-4757-9bc0-26b4fbcc54ab/500x500.jpg",
    "productInformation": "",
    "countryText": "",
    "companyText": "Santa Maria",
    "ingrediensText": "VETEMJÖL (med kalciumkarbonat, niacin, järn, tiamin), vatten, rapsolja, ättika, jäst, kalonjifrön*, konserveringsmedel (kaliumsorbat, kalciumpropionat), surhetsreglerande medel (citronsyra), bakpulver (natriumkarbonater), salt, fänkål, VETESTÄRKELSE. *Kalonji är ett aromatiskt och pepprigt frö från växten Nigella sativa. Kallas även nigellafrö.",
    "storage": "Förvaras torrt och svalt.",
    "allergens": "",
    "usage": "Förslut öppnad förpackning och använd inom 1 dygn. Kan frysas om den ej varit uppvärmd.",
    "nutrition": [
      {
        "Näringsvärde": "Energi (kcal)",
        "100 Gram": "268 kcal"
      },
      {
        "Näringsvärde": "Energi (kJ)",
        "100 Gram": "1134 kJ"
      },
      {
        "Näringsvärde": "Fett",
        "100 Gram": "4 g"
      },
      {
        "Näringsvärde": "Varav mättat fett",
        "100 Gram": "0.5 g"
      },
      {
        "Näringsvärde": "Kolhydrat",
        "100 Gram": "48 g"
      },
      {
        "Näringsvärde": "Varav sockerarter",
        "100 Gram": "2.1 g"
      },
      {
        "Näringsvärde": "Fiber",
        "100 Gram": "3.8 g"
      },
      {
        "Näringsvärde": "Protein",
        "100 Gram": "8 g"
      },
      {
        "Näringsvärde": "Salt",
        "100 Gram": "0.57 g"
      }
    ],
    "nutritionUnitText": "Näringsvärde per 100 gram",
    "categories": {
      "mainCategory": "Skafferi",
      "subCategories": [
        {
          "name": "Smaker från världen",
          "subSubCategories": [
            "Indien"
          ]
        }
      ]
    }
  },
  {
    "name": "Havrekakor Sockerfri 160g Gille",
    "weightText": "0.16 kg",
    "caPart": "",
    "weightValue": 0.16,
    "weightUnit": "kg",
    "comparePrice": "153,13 kr/kg",
    "currentPrice": 24.5,
    "attributes": [],
    "imgUrl": "https://handlaprivatkund.ica.se/images-v3/bf7a00ca-390e-4769-865f-dc369586872e/22fda6d9-a993-48fb-b2cb-db7e4c5c8e25/500x500.jpg",
    "productInformation": "",
    "countryText": "",
    "companyText": "Gille",
    "ingrediensText": "Ingredienser: margarin (vegetabiliska fetter och oljor (palm*, shea, raps, kokos), vatten, salt, emulgeringsmedel: mono- och diglycerider av vegetabiliska fettsyror; naturlig arom, antioxidationsmedel: citronsyra), HAVREGRYN 27 %, sötningsmedel: maltitoler**; VETEMJÖL, HAVREFIBER 5,2 %, bakpulver: ammoniumkarbonater, natriumkarbonater; salt, naturlig arom. Kan innehålla spår av ägg, mjölk och mandel. *Hållbart producerad och certifierad. **Överdriven konsumtion kan ha laxerande effekt.",
    "storage": "Förvaras svalt och torrt. Källsortering (mjukplast). Lägsta förvaringstemperatur 5°C Högsta förvaringstemperatur 25°C",
    "allergens": "",
    "usage": "",
    "nutrition": [
      {
        "Näringsvärde": "Energi (kcal)",
        "100 Gram": "467 kcal"
      },
      {
        "Näringsvärde": "Energi (kJ)",
        "100 Gram": "2024 kJ"
      },
      {
        "Näringsvärde": "Fett",
        "100 Gram": "32.8 g"
      },
      {
        "Näringsvärde": "Varav mättat fett",
        "100 Gram": "15.6 g"
      },
      {
        "Näringsvärde": "Kolhydrat",
        "100 Gram": "50 g"
      },
      {
        "Näringsvärde": "Varav sockerarter",
        "100 Gram": "0.2 g"
      },
      {
        "Näringsvärde": "Fiber",
        "100 Gram": "7.9 g"
      },
      {
        "Näringsvärde": "Protein",
        "100 Gram": "4.7 g"
      },
      {
        "Näringsvärde": "Salt",
        "100 Gram": "1.12 g"
      }
    ],
    "nutritionUnitText": "",
    "categories": {
      "mainCategory": "Bröd & Kakor",
      "subCategories": [
        {
          "name": "Kaffebröd",
          "subSubCategories": [
            "Kex & kakor",
            "Söta kex & Kakor",
            "Sockerfria kakor"
          ]
        }
      ]
    }
  },
  {
    "name": "Vete skorpor 240g Pågen",
    "weightText": "0.24 kg",
    "caPart": "",
    "weightValue": 0.24,
    "weightUnit": "kg",
    "comparePrice": "77,08 kr/kg",
    "currentPrice": 18.5,
    "attributes": [],
    "imgUrl": "https://handlaprivatkund.ica.se/images-v3/bf7a00ca-390e-4769-865f-dc369586872e/1762d5e3-d375-4dbe-83d9-f59dd185a949/500x500.jpg",
    "productInformation": "",
    "countryText": "",
    "companyText": "Pågen",
    "ingrediensText": "VETEmjöl* (90%), socker, vegetabiliska oljor (raps*, fullhärdad raps), malt av KORN/BYG, jäst/gær/gjær, salt. *Svensk rapsolja och svenskt mjöl från egen kvarn.",
    "storage": "Förvaras torrt och avskilt från varor med stark lukt.",
    "allergens": "",
    "usage": "",
    "nutrition": [
      {
        "Näringsvärde": "Energi (kcal)",
        "100 Gram": "432 kcal"
      },
      {
        "Näringsvärde": "Energi (kJ)",
        "100 Gram": "1824 kJ"
      },
      {
        "Näringsvärde": "Fett",
        "100 Gram": "10 g"
      },
      {
        "Näringsvärde": "Varav mättat fett",
        "100 Gram": "1.3 g"
      },
      {
        "Näringsvärde": "Kolhydrat",
        "100 Gram": "73 g"
      },
      {
        "Näringsvärde": "Varav sockerarter",
        "100 Gram": "9.5 g"
      },
      {
        "Näringsvärde": "Fiber",
        "100 Gram": "3.1 g"
      },
      {
        "Näringsvärde": "Protein",
        "100 Gram": "10 g"
      },
      {
        "Näringsvärde": "Salt",
        "100 Gram": "0.67 g"
      }
    ],
    "nutritionUnitText": "Näringsvärde per 100 gram",
    "categories": {
      "mainCategory": "Bröd & Kakor",
      "subCategories": [
        {
          "name": "Knäckebröd & Skorpor",
          "subSubCategories": [
            "Skorpor"
          ]
        }
      ]
    }
  },
  {
    "name": "Brungräddat knäcke 830g Leksands Knäckebröd",
    "weightText": "0.83 kg",
    "caPart": "",
    "weightValue": 0.83,
    "weightUnit": "kg",
    "comparePrice": "44,52 kr/kg",
    "currentPrice": 36.95,
    "attributes": [
      "Från Sverige",
      "Nyckelhålet",
      "Ursprungsland Sverige"
    ],
    "imgUrl": "https://handlaprivatkund.ica.se/images-v3/bf7a00ca-390e-4769-865f-dc369586872e/f9067171-e2db-4216-97f8-7b6b6c59824e/500x500.jpg",
    "productInformation": "En brungräddad vardagsfavorit från LEKSANDS KNÄCKEBRÖD bakad på närodlad råg och vatten från egen källa. Äkta njutning sedan 1817.",
    "countryText": "Sverige",
    "companyText": "Leksands Knäcke",
    "ingrediensText": "Ingredienser: FULLKORNSRÅGMJÖL/FULDKORNSRUGMEL**, vatten/vand**, jäst/gær**, salt **Från Sverige",
    "storage": "Förvaras mörkt och torrt",
    "allergens": "",
    "usage": "",
    "nutrition": [
      {
        "Näringsvärde": "Energi (kcal)",
        "100 Gram": "350 kcal"
      },
      {
        "Näringsvärde": "Energi (kJ)",
        "100 Gram": "1400 kJ"
      },
      {
        "Näringsvärde": "Fett",
        "100 Gram": "1.6 g"
      },
      {
        "Näringsvärde": "Varav mättat fett",
        "100 Gram": "0.3 g"
      },
      {
        "Näringsvärde": "Kolhydrat",
        "100 Gram": "60 g"
      },
      {
        "Näringsvärde": "Varav sockerarter",
        "100 Gram": "0.5 g"
      },
      {
        "Näringsvärde": "Fiber",
        "100 Gram": "20 g"
      },
      {
        "Näringsvärde": "Protein",
        "100 Gram": "8.9 g"
      },
      {
        "Näringsvärde": "Salt",
        "100 Gram": "1.2 g"
      }
    ],
    "nutritionUnitText": "Näringsvärde per 100 gram",
    "categories": {
      "mainCategory": "Bröd & Kakor",
      "subCategories": [
        {
          "name": "Knäckebröd & Skorpor",
          "subSubCategories": [
            "Knäckebröd",
            "Mörkt knäckebröd"
          ]
        }
      ]
    }
  },
  {
    "name": "Mazariner hallon 220g ICA",
    "weightText": "0.22 kg",
    "caPart": "",
    "weightValue": 0.22,
    "weightUnit": "kg",
    "comparePrice": "102,27 kr/kg",
    "currentPrice": 22.5,
    "attributes": [],
    "imgUrl": "https://handlaprivatkund.ica.se/images-v3/bf7a00ca-390e-4769-865f-dc369586872e/61b2bc88-ab83-4d86-b3a0-b91e475c6832/500x500.jpg",
    "productInformation": "Klassisk mazarin med smak av hallon.",
    "countryText": "",
    "companyText": "ICA",
    "ingrediensText": "Ingredienser: socker, vetemjöl, margarin (vegetabiliskt fett och olja (palm*, raps, kokos), vatten, salt, emulgeringsmedel (E471) surhetsreglerande medel (E330), naturlig arom, vitamin A), hallonfyllning 11 % (socker, vatten, hallon, glukos-fruktossirap, hallonjuicekoncentrat, förtjockningsmedel (E440), surhetsreglerande medel (E330, E331), konserveringsmedel (E202), koncentrerad fläderbärsjuice), ägg**, aprikoskärnor, glukossirap, fuktighetsbevarande medel (E422), äggpulver**, bakpulver (E450, E500), konserveringsmedel (E202, E281), majsstärkelse, koncentrat av rödbetor, emulgeringsmedel (E471), förtjockningsmedel (E410, E412), surhetsreglerande medel (E330). Kan innehålla spår av mjölk, mandel, valnöt, pekannöt och hasselnöt. *Läs om hållbarhetscertifierad palmolja på ica.se ** Ursprung EU",
    "storage": "",
    "allergens": "",
    "usage": "",
    "nutrition": [
      {
        "Näringsvärde": "Energi (kcal)",
        "100 Gram": "404 kcal"
      },
      {
        "Näringsvärde": "Energi (kJ)",
        "100 Gram": "1693 kJ"
      },
      {
        "Näringsvärde": "Fett",
        "100 Gram": "18 g"
      },
      {
        "Näringsvärde": "Varav mättat fett",
        "100 Gram": "7.4 g"
      },
      {
        "Näringsvärde": "Kolhydrat",
        "100 Gram": "56 g"
      },
      {
        "Näringsvärde": "Varav sockerarter",
        "100 Gram": "39 g"
      },
      {
        "Näringsvärde": "Protein",
        "100 Gram": "4 g"
      },
      {
        "Näringsvärde": "Salt",
        "100 Gram": "0.31 g"
      }
    ],
    "nutritionUnitText": "Näringsvärde per 100 gram",
    "categories": {
      "mainCategory": "Bröd & Kakor",
      "subCategories": [
        {
          "name": "Kaffebröd",
          "subSubCategories": [
            "Kondisbitar & Bakelser"
          ]
        }
      ]
    }
  },
  {
    "name": "Vitlöksbaguetter 350g Hatting",
    "weightText": "0.35 kg",
    "caPart": "",
    "weightValue": 0.35,
    "weightUnit": "kg",
    "comparePrice": "84,29 kr/kg",
    "currentPrice": 29.5,
    "attributes": [],
    "imgUrl": "https://handlaprivatkund.ica.se/images-v3/bf7a00ca-390e-4769-865f-dc369586872e/cb990928-5d8c-40c9-b33f-85d2047173be/500x500.jpg",
    "productInformation": "",
    "countryText": "",
    "companyText": "Hatting",
    "ingrediensText": "VETEMJÖL, vatten, vitlökssmör 19 % [SMÖR, vatten, potatisstärkelse, vitlök 1%, salt (jod), lökpulver, persilja], jäst, salt (jod), rapsolja, socker, maltmjöl av VETE, druvsocker, sockerbetfiber, malt av KORN, antioxidant (E300).Kan innehålla spår av ägg, soja, senap, sesamfrön.",
    "storage": "Lägsta förvaringstemperatur -18°C Högsta förvaringstemperatur -18°C",
    "allergens": "Innehåller Mjölk Kan innehålla Sesamfrön Innehåller Spannmål som innehåller gluten Kan innehålla Sojabönor Kan innehålla Senap Kan innehålla Ägg",
    "usage": "",
    "nutrition": [
      {
        "Näringsvärde": "Energi (kcal)",
        "100 Gram": "323 kcal"
      },
      {
        "Näringsvärde": "Energi (kJ)",
        "100 Gram": "1353 kJ"
      },
      {
        "Näringsvärde": "Fett",
        "100 Gram": "14 g"
      },
      {
        "Näringsvärde": "Varav mättat fett",
        "100 Gram": "8.9 g"
      },
      {
        "Näringsvärde": "Kolhydrat",
        "100 Gram": "41 g"
      },
      {
        "Näringsvärde": "Varav sockerarter",
        "100 Gram": "1 g"
      },
      {
        "Näringsvärde": "Fiber",
        "100 Gram": "2 g"
      },
      {
        "Näringsvärde": "Protein",
        "100 Gram": "7.2 g"
      },
      {
        "Näringsvärde": "Salt",
        "100 Gram": "1.7 g"
      }
    ],
    "nutritionUnitText": "Näringsvärde per 100 gram",
    "categories": {
      "mainCategory": "Fryst",
      "subCategories": [
        {
          "name": "Fryst bröd & dessert",
          "subSubCategories": [
            "Fryst bröd"
          ]
        }
      ]
    }
  },
  {
    "name": "Cocosboll utan kex 8-p 200g Smarry",
    "weightText": "0.2 kg",
    "caPart": "",
    "weightValue": 0.2,
    "weightUnit": "kg",
    "comparePrice": "164,75 kr/kg",
    "currentPrice": 32.95,
    "attributes": [
      "Glutenfritt"
    ],
    "imgUrl": "https://handlaprivatkund.ica.se/images-v3/bf7a00ca-390e-4769-865f-dc369586872e/897db470-5146-471f-a28b-827c6441fa78/500x500.jpg",
    "productInformation": "",
    "countryText": "",
    "companyText": "Smarry",
    "ingrediensText": "Ingredienser: Socker, glucos-fructossirap, vatten, cocosflingor, vegetabilisk olja (fullhärdad (kokos, raps)), ÄGGVITA, cacaopulver, fuktighetsbevarande medel (sorbitol), emulgeringsmedel (solroslecitin, E492), stabiliserings medel (agar,pektiner), salt, arom, surhetsreglerande medel (citronsyra).",
    "storage": "",
    "allergens": "",
    "usage": "",
    "nutrition": [
      {
        "Näringsvärde": "Energi (kcal)",
        "100 Gram": "414 kcal"
      },
      {
        "Näringsvärde": "Energi (kJ)",
        "100 Gram": "1718 kJ"
      },
      {
        "Näringsvärde": "Fett",
        "100 Gram": "15 g"
      },
      {
        "Näringsvärde": "Varav mättat fett",
        "100 Gram": "14 g"
      },
      {
        "Näringsvärde": "Kolhydrat",
        "100 Gram": "65 g"
      },
      {
        "Näringsvärde": "Varav sockerarter",
        "100 Gram": "58 g"
      },
      {
        "Näringsvärde": "Protein",
        "100 Gram": "2.9 g"
      },
      {
        "Näringsvärde": "Salt",
        "100 Gram": "0.1 g"
      }
    ],
    "nutritionUnitText": "Näringsvärde per 100 gram",
    "categories": {
      "mainCategory": "Bröd & Kakor",
      "subCategories": [
        {
          "name": "Kaffebröd",
          "subSubCategories": [
            "Kondisbitar & Bakelser"
          ]
        }
      ]
    }
  },
  {
    "name": "Digestive 400g KRAV",
    "weightText": "0.4 kg",
    "caPart": "",
    "weightValue": 0.4,
    "weightUnit": "kg",
    "comparePrice": "73,75 kr/kg",
    "currentPrice": 29.5,
    "attributes": [
      "EU Ekologiskt",
      "Ekologiskt"
    ],
    "imgUrl": "https://handlaprivatkund.ica.se/images-v3/bf7a00ca-390e-4769-865f-dc369586872e/3110f1a2-ee49-4358-ad69-001d48d9259f/500x500.jpg",
    "productInformation": "Spröda ekologiska digestivekex från Göteborgs Kex. Klassiska kex som smakar fantastiskt gott - både som de är eller med pålägg. Ett självklart val när du vill tänka lite extra på miljön. Bakade i Kungälv, veganska och fria från palmolja.",
    "countryText": "",
    "companyText": "Digestive",
    "ingrediensText": "VETEMJÖL/HVEDEMEL*, socker*, solrosolja/solsikkeolje*, grahamsmjöl av VETE/HVEDE*, sirap*, bakpulver/hævemiddel (natriumbikarbonat, hjorthornssalt E503), salt. * Ekologisk ingrediens",
    "storage": "Lägsta förvaringstemperatur 10°C Högsta förvaringstemperatur 22°C",
    "allergens": "Innehåller Spannmål som innehåller gluten",
    "usage": "",
    "nutrition": [
      {
        "Näringsvärde": "Energi (kcal)",
        "100 Gram": "464 kcal"
      },
      {
        "Näringsvärde": "Energi (kJ)",
        "100 Gram": "1947 kJ"
      },
      {
        "Näringsvärde": "Fett",
        "100 Gram": "17 g"
      },
      {
        "Näringsvärde": "Varav mättat fett",
        "100 Gram": "1.5 g"
      },
      {
        "Näringsvärde": "Kolhydrat",
        "100 Gram": "68 g"
      },
      {
        "Näringsvärde": "Varav sockerarter",
        "100 Gram": "20 g"
      },
      {
        "Näringsvärde": "Fiber",
        "100 Gram": "3.6 g"
      },
      {
        "Näringsvärde": "Protein",
        "100 Gram": "7 g"
      },
      {
        "Näringsvärde": "Salt",
        "100 Gram": "1.3 g"
      }
    ],
    "nutritionUnitText": "Näringsvärde per 100 gram",
    "categories": {
      "mainCategory": "Bröd & Kakor",
      "subCategories": [
        {
          "name": "Kaffebröd",
          "subSubCategories": [
            "Kex & kakor",
            "Matkex",
            "Digestivekex"
          ]
        }
      ]
    }
  },
  {
    "name": "Havreknäcke 600g Wasa",
    "weightText": "0.6 kg",
    "caPart": "",
    "weightValue": 0.6,
    "weightUnit": "kg",
    "comparePrice": "74,17 kr/kg",
    "currentPrice": 44.5,
    "attributes": [
      "Nyckelhålet"
    ],
    "imgUrl": "https://handlaprivatkund.ica.se/images-v3/bf7a00ca-390e-4769-865f-dc369586872e/db5d857e-a1a9-413c-9023-08f94f6fada1/500x500.jpg",
    "productInformation": "Wasa Knäckebröd Havre är ett utsökt och knaprigt fullkornsknäckebröd. Bakat av fullkornshavremjöl och toppat med havregryn är det en bra källa till både kostfiber och protein. Vårt havreknäcke har en delikat och mild smak, vilket gör det till ett utmärkt tillbehör till alla måltider. Detta knäcke har en särskilt knaprig yta och ett luftigt, sprött inre. Wasa havreknäckebröd är 100% klimatkompenserat och nyckelhålsmärkt.",
    "countryText": "",
    "companyText": "Wasa",
    "ingrediensText": "Ingredienser: FULLKORNSHAVREMJÖL (36%), VETEMJÖL, RÅGMJÖL, HAVREFLINGOR (17%), jäst, naturlig arom, surdegspulver av FULLKORNSRÅG (1%), emulgeringsmedel (mono- och diglycerider av fettsyror), salt, bakpulver (natriumvätekarbonat.",
    "storage": "",
    "allergens": "",
    "usage": "",
    "nutrition": [
      {
        "Näringsvärde": "Energi (kcal)",
        "100 Gram": "366 kcal"
      },
      {
        "Näringsvärde": "Energi (kJ)",
        "100 Gram": "1546 kJ"
      },
      {
        "Näringsvärde": "Fett",
        "100 Gram": "5 g"
      },
      {
        "Näringsvärde": "Varav mättat fett",
        "100 Gram": "1 g"
      },
      {
        "Näringsvärde": "Kolhydrat",
        "100 Gram": "64 g"
      },
      {
        "Näringsvärde": "Varav sockerarter",
        "100 Gram": "0.5 g"
      },
      {
        "Näringsvärde": "Fiber",
        "100 Gram": "10 g"
      },
      {
        "Näringsvärde": "Protein",
        "100 Gram": "12 g"
      },
      {
        "Näringsvärde": "Salt",
        "100 Gram": "1.2 g"
      },
      {
        "Näringsvärde": "Järn",
        "100 Gram": "3.3 mg",
        "% av DRI(*)": "24"
      },
      {
        "Näringsvärde": "Magnesium",
        "100 Gram": "90 mg",
        "% av DRI(*)": "24"
      },
      {
        "Näringsvärde": "Zink",
        "100 Gram": "2.5 mg",
        "% av DRI(*)": "25"
      }
    ],
    "nutritionUnitText": "Näringsvärde per 100 gram",
    "categories": {
      "mainCategory": "Bröd & Kakor",
      "subCategories": [
        {
          "name": "Knäckebröd & Skorpor",
          "subSubCategories": [
            "Knäckebröd",
            "Mörkt knäckebröd"
          ]
        }
      ]
    }
  },
  {
    "name": "Kaka Choco Brownie 150g Marabou",
    "weightText": "0.15 kg",
    "caPart": "",
    "weightValue": 0.15,
    "weightUnit": "kg",
    "comparePrice": "230,00 kr/kg",
    "currentPrice": 34.5,
    "attributes": [],
    "imgUrl": "https://handlaprivatkund.ica.se/images-v3/bf7a00ca-390e-4769-865f-dc369586872e/807e6110-babc-4cc9-9afa-7c6d90d2f1dc/500x500.jpg",
    "productInformation": "Upplev Nya Marabou Choco Brownie – utsökt lyxiga mjuka kakor som är perfekta att dela med familj och vänner eller njuta av själv när sötsuget slår till! Marabou Choco Brownies, tillverkade med len mjölkchoklad och generösa bitar av choklad, erbjuder den ultimata chokladupplevelsen! Förpackade i en ask med 6 individuellt inslagna brownies, håller de sig färska för att njutas när och hur du vill.",
    "countryText": "",
    "companyText": "Marabou",
    "ingrediensText": "Ingredienser: socker, ÄGG/ÆG/EGG, palmolja/-olie, VETEMJÖL/HVEDEMEL, rapsolja/-olie, kakaomassa, kakaosmör/-smør, glukossirap, fuktighetsbevarande medel (glycerol), MJÖLKPULVER/SØDMÆLKSPULVER/TØRRMELK, fettreducerad/fedtfattig kakao, SKUMMJÖLKSPULVER/SKUMMETMÆLKSPULVER, emulgeringsmedel (E492, SOJALECITINER, E476), sockrad kondenserad SKUMMJÖLK/sødet kondenseret SKUMMETMÆLK, vassle-/valle-/mysepulver (MJÖLK/MÆLK), SMÖRFETT/SMØROLIE/MELKEFETT, stärkelse/stivelse, salt, konserveringsmedel (kaliumsorbat), surhetsreglerande medel (citronsyra), geleringsmedel (natriumalginat), bakpulver/hævemidler (natriumkarbonater, difosfater), aromer. KAN INNEHÅLLA SESAM, NÖTTER/NØDDER/NØTTER.",
    "storage": "",
    "allergens": "",
    "usage": "",
    "nutrition": [
      {
        "Näringsvärde": "Energi (kcal)",
        "100 Gram": "468 kcal"
      },
      {
        "Näringsvärde": "Energi (kJ)",
        "100 Gram": "1954 kJ"
      },
      {
        "Näringsvärde": "Fett",
        "100 Gram": "27 g"
      },
      {
        "Näringsvärde": "Varav mättat fett",
        "100 Gram": "12 g"
      },
      {
        "Näringsvärde": "Kolhydrat",
        "100 Gram": "50 g"
      },
      {
        "Näringsvärde": "Varav sockerarter",
        "100 Gram": "38 g"
      },
      {
        "Näringsvärde": "Fiber",
        "100 Gram": "1.7 g"
      },
      {
        "Näringsvärde": "Protein",
        "100 Gram": "5 g"
      },
      {
        "Näringsvärde": "Salt",
        "100 Gram": "0.38 g"
      }
    ],
    "nutritionUnitText": "Näringsvärde per 100 gram",
    "categories": {
      "mainCategory": "Bröd & Kakor",
      "subCategories": [
        {
          "name": "Kaffebröd",
          "subSubCategories": [
            "Mjuka kakor & Muffins",
            "Övriga mjuka kakor"
          ]
        }
      ]
    }
  },
  {
    "name": "korvbröd French Hot Dog 3-p 180g Korvbrödsbagarn",
    "weightText": "0.18 kg",
    "caPart": "",
    "weightValue": 0.18,
    "weightUnit": "kg",
    "comparePrice": "113,89 kr/kg",
    "currentPrice": 20.5,
    "attributes": [],
    "imgUrl": "https://handlaprivatkund.ica.se/images-v3/bf7a00ca-390e-4769-865f-dc369586872e/fc0cfc95-ac63-4c91-a92e-47e6b13a9a73/500x500.jpg",
    "productInformation": "French hot dog är ett stortt korvbröd av baguette typ, som passar alla typer av smala korvar, allt från klassisker till nyare premium korvar. Som alla andra bröd från Korvbrödsbagarn är det bakat enbart av vegetabiliska ingredienser.",
    "countryText": "",
    "companyText": "Korvbrödsbagarn",
    "ingrediensText": "Ingredienser:VETEMJÖL, vatten, surdeg av VETE (vatten, VETEMJÖL, surdegskultur), jäst, VETEFIBER, vinäger, salt, fermenterat socker, maltmjöl av VETE, RÅGMJÖL emulgeringsmedel (veg E472e), mjölbehandlingsmedel (E300).",
    "storage": "Förvara i sin förpackning i rumstemperatur.",
    "allergens": "",
    "usage": "Rosta gärna innan servering.",
    "nutrition": [
      {
        "Näringsvärde": "Energi (kcal)",
        "100 Gram": "248 kcal"
      },
      {
        "Näringsvärde": "Energi (kJ)",
        "100 Gram": "1053 kJ"
      },
      {
        "Näringsvärde": "Fett",
        "100 Gram": "1.3 g"
      },
      {
        "Näringsvärde": "Varav mättat fett",
        "100 Gram": "0.3 g"
      },
      {
        "Näringsvärde": "Kolhydrat",
        "100 Gram": "49 g"
      },
      {
        "Näringsvärde": "Varav sockerarter",
        "100 Gram": "2 g"
      },
      {
        "Näringsvärde": "Fiber",
        "100 Gram": "3 g"
      },
      {
        "Näringsvärde": "Protein",
        "100 Gram": "8.7 g"
      },
      {
        "Näringsvärde": "Salt",
        "100 Gram": "1.1 g"
      }
    ],
    "nutritionUnitText": "Näringsvärde per 100 gram",
    "categories": {
      "mainCategory": "Bröd & Kakor",
      "subCategories": [
        {
          "name": "Korvbröd, Hamburgerbröd & Maträttsbröd",
          "subSubCategories": [
            "Korvbröd"
          ]
        }
      ]
    }
  },
  {
    "name": "Franska Våfflor 160g Karen Volf",
    "weightText": "0.16 kg",
    "caPart": "",
    "weightValue": 0.16,
    "weightUnit": "kg",
    "comparePrice": "128,13 kr/kg",
    "currentPrice": 20.5,
    "attributes": [],
    "imgUrl": "https://handlaprivatkund.ica.se/images-v3/bf7a00ca-390e-4769-865f-dc369586872e/659abbd0-6816-4cfc-8472-617810c0f267/500x500.jpg",
    "productInformation": "",
    "countryText": "",
    "companyText": "Karen Volf",
    "ingrediensText": "VETEMJÖL, margarin [palmolja, vatten, rapsolja, salt, vegetabilska emulgeringsmedel (E471, E475)], socker, vegetabiliskt fettämne (palmolja, rapsolja)], dextroser, naturligt vaniljarom,salt, vaniljkorn.KAN INNEHÅLLA SPÅR AV SOJA OCH HASSELNÖTTER.",
    "storage": "",
    "allergens": "",
    "usage": "",
    "nutrition": [
      {
        "Näringsvärde": "Energi (kcal)",
        "100 Gram": "579 kcal"
      },
      {
        "Näringsvärde": "Energi (kJ)",
        "100 Gram": "2423 kJ"
      },
      {
        "Näringsvärde": "Fett",
        "100 Gram": "39 g"
      },
      {
        "Näringsvärde": "Varav mättat fett",
        "100 Gram": "19 g"
      },
      {
        "Näringsvärde": "Kolhydrat",
        "100 Gram": "54 g"
      },
      {
        "Näringsvärde": "Varav sockerarter",
        "100 Gram": "28 g"
      },
      {
        "Näringsvärde": "Fiber",
        "100 Gram": "1.2 g"
      },
      {
        "Näringsvärde": "Protein",
        "100 Gram": "3.5 g"
      },
      {
        "Näringsvärde": "Salt",
        "100 Gram": "0.69 g"
      }
    ],
    "nutritionUnitText": "Näringsvärde per 100 gram",
    "categories": {
      "mainCategory": "Bröd & Kakor",
      "subCategories": [
        {
          "name": "Kaffebröd",
          "subSubCategories": [
            "Kex & kakor",
            "Söta kex & Kakor",
            "Fyllda kakor"
          ]
        }
      ]
    }
  },
  {
    "name": "Kanelbullar Fryst 12-p 420g Findus",
    "weightText": "0.42 kg",
    "caPart": "",
    "weightValue": 0.42,
    "weightUnit": "kg",
    "comparePrice": "85,60 kr/kg",
    "currentPrice": 35.95,
    "attributes": [
      "Från Sverige",
      "Ursprungsland Sverige"
    ],
    "imgUrl": "https://handlaprivatkund.ica.se/images-v3/bf7a00ca-390e-4769-865f-dc369586872e/ba498497-fc5d-467c-aeb0-3c970ee6ce99/500x500.jpg",
    "productInformation": "Svenska KANELBULLAR För en godare fika! Det finns alltid en doft av nybakade bullar i havsbrisen i Loftahammar. I DET SMÅLÄNDSKA SKÄRGÅRDSSAMHÄLLET, PRECIS VID DEN LILLA VIKEN, LIGGER FINDUS BAGERI. HÄR HAR DET KNÅDATS DEG OCH GRÄDDATS BULLAR AV GLADA BAGARE SEDAN 1966. VÅRA KLASSISKA KANELBULLAR OCH SAFTIGA KARDEMUMMABULLAR ÄR BAKADE I SVERIGE MED INGREDIENSER SOM UPPFYLLER KRITERIERNA FÖR ”FRÅN SVERIGE-MÄRKNING”. SÅ NU KAN DU VÄLJA NÄRPRODUCERAT NÄR DU BLIR SUGEN PÅ NÅGOT SÖTT OCH SVENSKT. BULLARNA TINAS PÅ BARA NÅGRA MINUTER I UGN ELLER MIKRO, ELLER I EN TIMME I RUMSTEMPERATUR. ALDRIG HAR DET VARIT ENKLARE ATT KÄNNA DOFTEN OCH SMAKEN AV NYBAKAT! Psst! TA MED DEM I PICKNICKKORGEN, LÅT TINA PÅ VÄGEN, SÅ HAR DU NYBAKADE BULLAR TILL UTFLYKTEN.",
    "countryText": "Sverige",
    "companyText": "Findus",
    "ingrediensText": "VETEMJÖL*, socker*, vatten, rapsolja, farinsocker, jäst*, kanel, kokosolja, fullhärdad rapsolja, salt, maltmjöl av VETE, naturliga arom, mjölbehandlingsmedel (askorbinsyra). *Ursprung Sverige.",
    "storage": "FÖRVARING OCH MINSTA HÅLLBARHETI frysutrymme (-18ºC eller kallare), se datummärkning. Bör alltid förvaras fryst. Bör ej frysas efter upptining. Lägsta förvaringstemperatur -25°C Högsta förvaringstemperatur -18°C",
    "allergens": "Innehåller Spannmål som innehåller gluten",
    "usage": "",
    "nutrition": [
      {
        "Näringsvärde": "Energi (kcal)",
        "100 Gram": "368 kcal"
      },
      {
        "Näringsvärde": "Energi (kJ)",
        "100 Gram": "1551 kJ"
      },
      {
        "Näringsvärde": "Fett",
        "100 Gram": "11 g"
      },
      {
        "Näringsvärde": "Varav mättat fett",
        "100 Gram": "2 g"
      },
      {
        "Näringsvärde": "Kolhydrat",
        "100 Gram": "60 g"
      },
      {
        "Näringsvärde": "Varav sockerarter",
        "100 Gram": "24 g"
      },
      {
        "Näringsvärde": "Fiber",
        "100 Gram": "2.7 g"
      },
      {
        "Näringsvärde": "Protein",
        "100 Gram": "6 g"
      },
      {
        "Näringsvärde": "Salt",
        "100 Gram": "0.25 g"
      }
    ],
    "nutritionUnitText": "Näringsvärde per 100 gram",
    "categories": {
      "mainCategory": "Fryst",
      "subCategories": [
        {
          "name": "Fryst bröd & dessert",
          "subSubCategories": [
            "Frysta bullar & kakor"
          ]
        }
      ]
    }
  },
  {
    "name": "Mandelbiskvier 150g Cloetta",
    "weightText": "0.15 kg",
    "caPart": "",
    "weightValue": 0.15,
    "weightUnit": "kg",
    "comparePrice": "130,00 kr/kg",
    "currentPrice": 19.5,
    "attributes": [],
    "imgUrl": "https://handlaprivatkund.ica.se/images-v3/bf7a00ca-390e-4769-865f-dc369586872e/d82443ac-3117-436e-bc00-305b7d15118c/500x500.jpg",
    "productInformation": "Cloettas klassiska Mandelbiskvier är ett måste till nyponsoppa eller glass. Men biskvierna är också jättegoda att äta som godis.",
    "countryText": "",
    "companyText": "Cloetta",
    "ingrediensText": "socker, kokosflingor, SKUMMJÖLKSPULVER, MANDEL 9%, stärkelse, glukossirap, aromer (bl.a. vanillin).",
    "storage": "Förvaras torrt och svalt. Lägsta förvaringstemperatur 16°C Högsta förvaringstemperatur 20°C",
    "allergens": "",
    "usage": "",
    "nutrition": [
      {
        "Näringsvärde": "Energi (kcal)",
        "100 Gram": "435 kcal"
      },
      {
        "Näringsvärde": "Energi (kJ)",
        "100 Gram": "1847 kJ"
      },
      {
        "Näringsvärde": "Fett",
        "100 Gram": "16 g"
      },
      {
        "Näringsvärde": "Varav mättat fett",
        "100 Gram": "11 g"
      },
      {
        "Näringsvärde": "Kolhydrat",
        "100 Gram": "68 g"
      },
      {
        "Näringsvärde": "Varav sockerarter",
        "100 Gram": "57 g"
      },
      {
        "Näringsvärde": "Protein",
        "100 Gram": "7.2 g"
      },
      {
        "Näringsvärde": "Salt",
        "100 Gram": "0.13 g"
      }
    ],
    "nutritionUnitText": "Näringsvärde per 100 gram",
    "categories": {
      "mainCategory": "Bröd & Kakor",
      "subCategories": [
        {
          "name": "Glutenfritt bröd & Kakor",
          "subSubCategories": [
            "Glutenfria kakor"
          ]
        }
      ]
    }
  },
  {
    "name": "Minimajskakor popcorn 50g ICA",
    "weightText": "0.05 kg",
    "caPart": "",
    "weightValue": 0.05,
    "weightUnit": "kg",
    "comparePrice": "319,00 kr/kg",
    "currentPrice": 15.95,
    "attributes": [],
    "imgUrl": "https://handlaprivatkund.ica.se/images-v3/bf7a00ca-390e-4769-865f-dc369586872e/5b1bd16f-08ba-4347-9b6c-f60c278d779b/500x500.jpg",
    "productInformation": "ICA Minimajskakor Popcorn är spröda majskakor i litet format. De har en god smak av nypoppade popcorn. Passar utmärkt som mellanmål och som snacks.",
    "countryText": "",
    "companyText": "ICA",
    "ingrediensText": "Majs* 86%, kryddblandning 8,0% (maltodextrin, salt, socker, jästextrakt, kryddextrakt (gurkmeja, paprika), arom), solrosolja. Kan innehålla spår av soja, sesamfrö och mjölk. *Ursprung EU.",
    "storage": "Förvaras torrt och svalt, ej över normal rumstemperatur.",
    "allergens": "",
    "usage": "",
    "nutrition": [
      {
        "Näringsvärde": "Energi (kcal)",
        "100 Gram": "408 kcal"
      },
      {
        "Näringsvärde": "Energi (kJ)",
        "100 Gram": "1725 kJ"
      },
      {
        "Näringsvärde": "Fett",
        "100 Gram": "7.2 g"
      },
      {
        "Näringsvärde": "Varav mättat fett",
        "100 Gram": "0.8 g"
      },
      {
        "Näringsvärde": "Kolhydrat",
        "100 Gram": "79 g"
      },
      {
        "Näringsvärde": "Varav sockerarter",
        "100 Gram": "1.4 g"
      },
      {
        "Näringsvärde": "Fiber",
        "100 Gram": "1.5 g"
      },
      {
        "Näringsvärde": "Protein",
        "100 Gram": "6.1 g"
      },
      {
        "Näringsvärde": "Salt",
        "100 Gram": "1.6 g"
      }
    ],
    "nutritionUnitText": "Näringsvärde per 100 gram",
    "categories": {
      "mainCategory": "Bröd & Kakor",
      "subCategories": [
        {
          "name": "Knäckebröd & Skorpor",
          "subSubCategories": [
            "Riskakor"
          ]
        }
      ]
    }
  },
  {
    "name": "Frukostkex Choklad 300g Belvita",
    "weightText": "0.3 kg",
    "caPart": "",
    "weightValue": 0.3,
    "weightUnit": "kg",
    "comparePrice": "123,17 kr/kg",
    "currentPrice": 36.95,
    "attributes": [],
    "imgUrl": "https://handlaprivatkund.ica.se/images-v3/bf7a00ca-390e-4769-865f-dc369586872e/e82aed8a-5f6c-4fe5-8144-decb2a1acd3e/500x500.jpg",
    "productInformation": "Prova belVita Crunchy, vårt knaprigaste kex i vårt goda och näringsrika belVita sortiment med härliga bitar av choklad. Belvita breakfast är det enda beprövade kexet som långsamt frigör kolhydrater i över 4 timmar som en del av en balanserad frukost.",
    "countryText": "",
    "companyText": "Belvita",
    "ingrediensText": "Ingredienser: Spannmål 61,3% [fulkorn 38,4% (HAVREFLINGOR 17,6%, FULLKORNSVETEMJÖL 13,2%, HAVREGRYN 4,3%, fullkornsspeltmjöl (VETE) 1,1%, FULLKORNSRÅGMJÖL 1,1%, FULLKORNSKORNMJÖL 1,1%), VETEMJÖL 22,9%], socker, chokladbitar 9,5% [kakaomassa, socker, emulgeringsmedel (SOJALECITIN)], rapsolja, fyllnadsmedel (polydextros), mineraler (kalciumkarbonat, magnesiumkarbonat, järn), bakpulver (natriumkarbonater, ammoniumkarbonater, dinatriumdifosfat), emulgeringsmedel (SOJALECITIN, E472e), salt, SKUMMJÖLKSPULVER. KAN INNEHÅLLA ÄGG OCH NÖTTER.",
    "storage": "",
    "allergens": "",
    "usage": "",
    "nutrition": [
      {
        "Näringsvärde": "Energi (kcal)",
        "100 Gram": "413 kcal"
      },
      {
        "Näringsvärde": "Energi (kJ)",
        "100 Gram": "1732 kJ"
      },
      {
        "Näringsvärde": "Fett",
        "100 Gram": "12 g"
      },
      {
        "Näringsvärde": "Varav mättat fett",
        "100 Gram": "2.9 g"
      },
      {
        "Näringsvärde": "Kolhydrat",
        "100 Gram": "62 g"
      },
      {
        "Näringsvärde": "Varav sockerarter",
        "100 Gram": "23 g"
      },
      {
        "Näringsvärde": "Varav stärkelse",
        "100 Gram": "39 g"
      },
      {
        "Näringsvärde": "Fiber",
        "100 Gram": "12 g"
      },
      {
        "Näringsvärde": "Protein",
        "100 Gram": "8 g"
      },
      {
        "Näringsvärde": "Salt",
        "100 Gram": "0.57 g"
      },
      {
        "Näringsvärde": "Kalcium",
        "100 Gram": "246 mg"
      },
      {
        "Näringsvärde": "Järn",
        "100 Gram": "5.7 mg"
      },
      {
        "Näringsvärde": "Magnesium",
        "100 Gram": "145 mg"
      }
    ],
    "nutritionUnitText": "Näringsvärde per 100 gram",
    "categories": {
      "mainCategory": "Skafferi",
      "subCategories": [
        {
          "name": "Flingor, müsli & gryner",
          "subSubCategories": [
            "Granola & crunch"
          ]
        }
      ]
    }
  },
  {
    "name": "Mjuk pepparkaka 350g ICA Basic",
    "weightText": "0.35 kg",
    "caPart": "",
    "weightValue": 0.35,
    "weightUnit": "kg",
    "comparePrice": "42,71 kr/kg",
    "currentPrice": 14.95,
    "attributes": [],
    "imgUrl": "https://handlaprivatkund.ica.se/images-v3/bf7a00ca-390e-4769-865f-dc369586872e/d9df7026-f078-481c-b5ac-bead0f3b1074/500x500.jpg",
    "productInformation": "En mjuk kakfavorit som passar till kaffet eller varför inte ett till ett glas kall mjölk.",
    "countryText": "",
    "companyText": "ICA Basic",
    "ingrediensText": "Ingredienser: Socker, VETEMJÖL, rapsolja, ÄGG, vatten, glukos-fruktossirap, stärkelse (VETE, potatis, majs), fukthetsbevarande medel (E422), kryddor 1,3% (kanel, nejlika, kardemumma, ingefära), vasslepulver (från MJÖLK), salt, bakpulver (E500), stabiliseringsmedel (E450), konserveringsmedel (E281), citronjuice från koncentrat, arom. Kan innehålla spår av HASSELNÖT och MANDEL.",
    "storage": "Förvaras torrt, ej över normal rumstemperatur. Se bäst före-datum.",
    "allergens": "",
    "usage": "",
    "nutrition": [
      {
        "Näringsvärde": "Energi (kcal)",
        "100 Gram": "417 kcal"
      },
      {
        "Näringsvärde": "Energi (kJ)",
        "100 Gram": "1750 kJ"
      },
      {
        "Näringsvärde": "Fett",
        "100 Gram": "18 g"
      },
      {
        "Näringsvärde": "Varav mättat fett",
        "100 Gram": "1.5 g"
      },
      {
        "Näringsvärde": "Kolhydrat",
        "100 Gram": "59 g"
      },
      {
        "Näringsvärde": "Varav sockerarter",
        "100 Gram": "33 g"
      },
      {
        "Näringsvärde": "Protein",
        "100 Gram": "4.3 g"
      },
      {
        "Näringsvärde": "Salt",
        "100 Gram": "0.75 g"
      }
    ],
    "nutritionUnitText": "Näringsvärde per 100 gram",
    "categories": {
      "mainCategory": "Bröd & Kakor",
      "subCategories": [
        {
          "name": "Kaffebröd",
          "subSubCategories": [
            "Mjuka kakor & Muffins",
            "Sockerkaka"
          ]
        }
      ]
    }
  },
  {
    "name": "Smördegsstänger Twist ost 125g ICA",
    "weightText": "0.125 kg",
    "caPart": "",
    "weightValue": 0.125,
    "weightUnit": "kg",
    "comparePrice": "231,60 kr/kg",
    "currentPrice": 28.95,
    "attributes": [],
    "imgUrl": "https://handlaprivatkund.ica.se/images-v3/bf7a00ca-390e-4769-865f-dc369586872e/e65faa43-0e7c-4fc7-892d-878582541158/500x500.jpg",
    "productInformation": "ICA Twist ost är krispiga smördegsstänger med fin osttmak. Passar perfekt som ett gott tillbehör till ostbrickan eller middagen.",
    "countryText": "",
    "companyText": "ICA",
    "ingrediensText": "INGREDIENSER: VETEMJÖL, SMÖR* 20%, riven OST 6,5%, jäst, OSTPULVER 2%, salt, HELMJÖLKSPULVER, KORNMALTEXTRAKT. *Ursprung EU. Kan innehålla spår av soja och senap.",
    "storage": "",
    "allergens": "",
    "usage": "",
    "nutrition": [
      {
        "Näringsvärde": "Energi (kcal)",
        "100 Gram": "490 kcal"
      },
      {
        "Näringsvärde": "Energi (kJ)",
        "100 Gram": "2050 kJ"
      },
      {
        "Näringsvärde": "Fett",
        "100 Gram": "24 g"
      },
      {
        "Näringsvärde": "Varav mättat fett",
        "100 Gram": "16 g"
      },
      {
        "Näringsvärde": "Kolhydrat",
        "100 Gram": "55 g"
      },
      {
        "Näringsvärde": "Varav sockerarter",
        "100 Gram": "2 g"
      },
      {
        "Näringsvärde": "Fiber",
        "100 Gram": "3.7 g"
      },
      {
        "Näringsvärde": "Protein",
        "100 Gram": "12 g"
      },
      {
        "Näringsvärde": "Salt",
        "100 Gram": "2 g"
      }
    ],
    "nutritionUnitText": "Näringsvärde per 100 gram",
    "categories": {
      "mainCategory": "Bröd & Kakor",
      "subCategories": [
        {
          "name": "Kaffebröd",
          "subSubCategories": [
            "Kex & kakor",
            "Crostini, Grissini & Oststänger"
          ]
        }
      ]
    }
  },
  {
    "name": "Surdegskex Utvalda med Havssalt 100g Göteborgs",
    "weightText": "0.1 kg",
    "caPart": "",
    "weightValue": 0.1,
    "weightUnit": "kg",
    "comparePrice": "285,00 kr/kg",
    "currentPrice": 28.5,
    "attributes": [],
    "imgUrl": "https://handlaprivatkund.ica.se/images-v3/bf7a00ca-390e-4769-865f-dc369586872e/c05ae3ce-f7e2-41d3-bf4a-676f846d11ca/500x500.jpg",
    "productInformation": "Goda surdegskex med havssalt från Göteborgs Utvalda. Ett fint och krispigt kex med en perfekt balans mellan mild surdegssmak och sältan från havssaltet. Våra utvalda kex är framtagna för att passa till olika sorters ostar, och surdegskexen är extra goda till färskost, getost och vitmögelost. Smaka och njut! Bakade utan palmolja.",
    "countryText": "",
    "companyText": "Utvalda",
    "ingrediensText": "Ingredienser: VETEMJÖL/HVEDEMEL, vegetabilisk olja (solros/solsikke, shea, oliv, kokos), RÅGMJÖL/RUGMEL, VETESTÄRKELSE/HVEDESTIVELSE, surdegspulver (RÅGMJÖL/RUGMEL, starterkultur), socker, salt, havssalt 1 %, maltextrakt (KORN/BYG), jäst/gær, KORNMALT/BYGMALT, emulgeringsmedel (SOJALECITIN).",
    "storage": "Lägsta förvaringstemperatur 10°C Högsta förvaringstemperatur 22°C",
    "allergens": "",
    "usage": "",
    "nutrition": [
      {
        "Näringsvärde": "Energi (kcal)",
        "100 Gram": "460 kcal"
      },
      {
        "Näringsvärde": "Energi (kJ)",
        "100 Gram": "1950 kJ"
      },
      {
        "Näringsvärde": "Fett",
        "100 Gram": "18 g"
      },
      {
        "Näringsvärde": "Varav mättat fett",
        "100 Gram": "2.4 g"
      },
      {
        "Näringsvärde": "Kolhydrat",
        "100 Gram": "67 g"
      },
      {
        "Näringsvärde": "Varav sockerarter",
        "100 Gram": "3 g"
      },
      {
        "Näringsvärde": "Fiber",
        "100 Gram": "3.2 g"
      },
      {
        "Näringsvärde": "Protein",
        "100 Gram": "7 g"
      },
      {
        "Näringsvärde": "Salt",
        "100 Gram": "3 g"
      }
    ],
    "nutritionUnitText": "Näringsvärde per 100 gram",
    "categories": {
      "mainCategory": "Bröd & Kakor",
      "subCategories": [
        {
          "name": "Kaffebröd",
          "subSubCategories": [
            "Kex & kakor",
            "Matkex",
            "Kex till ost"
          ]
        }
      ]
    }
  },
  {
    "name": "Double stuff cookies 157g Oreo",
    "weightText": "0.157 kg",
    "caPart": "",
    "weightValue": 0.157,
    "weightUnit": "kg",
    "comparePrice": "146,18 kr/kg",
    "currentPrice": 22.95,
    "attributes": [],
    "imgUrl": "https://handlaprivatkund.ica.se/images-v3/bf7a00ca-390e-4769-865f-dc369586872e/4bd1372c-d3fb-4e62-90aa-c4eb657ca7d4/500x500.jpg",
    "productInformation": "Oreo goda chokladkex med dubbelt så mycket härlig vaniljfyllning än i orginal Oreo formatet",
    "countryText": "",
    "companyText": "Oreo",
    "ingrediensText": "Ingredienser: Socker, VETEMJÖL/HVEDEMEL, palmolja/-olie, rapsolja/-olie, VETESTÄRKELSE/HVEDESTIVELSE, fettreducerad/fedtfattig kakao 3,5%, glukos-fruktossirap, bakpulver/hævemidler (kaliumkarbonater, ammoniumkarbonater, natriumkarbonater), salt,emulgeringsmedel/emulgatorer (SOJALECITIN, solros-/solsikkelecithin), arom.KAN INNEHÅLLA MJÖLK/MÆLK.",
    "storage": "",
    "allergens": "",
    "usage": "",
    "nutrition": [
      {
        "Näringsvärde": "Energi (kcal)",
        "100 Gram": "494 kcal"
      },
      {
        "Näringsvärde": "Energi (kJ)",
        "100 Gram": "2071 kJ"
      },
      {
        "Näringsvärde": "Fett",
        "100 Gram": "22 g"
      },
      {
        "Näringsvärde": "Varav mättat fett",
        "100 Gram": "7.2 g"
      },
      {
        "Näringsvärde": "Kolhydrat",
        "100 Gram": "68 g"
      },
      {
        "Näringsvärde": "Varav sockerarter",
        "100 Gram": "43 g"
      },
      {
        "Näringsvärde": "Fiber",
        "100 Gram": "2.1 g"
      },
      {
        "Näringsvärde": "Protein",
        "100 Gram": "4.2 g"
      },
      {
        "Näringsvärde": "Salt",
        "100 Gram": "0.57 g"
      }
    ],
    "nutritionUnitText": "Näringsvärde per 100 gram",
    "categories": {
      "mainCategory": "Bröd & Kakor",
      "subCategories": [
        {
          "name": "Kaffebröd",
          "subSubCategories": [
            "Kex & kakor",
            "Söta kex & Kakor",
            "Fyllda kakor"
          ]
        }
      ]
    }
  },
  {
    "name": "Rågkaka Plus fullkorn 12-p 385g Polarbröd",
    "weightText": "0.385 kg",
    "caPart": "",
    "weightValue": 0.385,
    "weightUnit": "kg",
    "comparePrice": "67,40 kr/kg",
    "currentPrice": 25.95,
    "attributes": [
      "Från Sverige"
    ],
    "imgUrl": "https://handlaprivatkund.ica.se/images-v3/bf7a00ca-390e-4769-865f-dc369586872e/85d2c491-97c2-4d9d-a20c-09e30df620fc/500x500.jpg",
    "productInformation": "Familjefavoriten Rågkaka har fått ett syskon i form av Rågkaka plus! Det är samma goda bröd, men med välgörande fullkorn. Det är helt enkelt ett gott bröd med det lilla extra. Varje förpackning innehåller 12 st brödkakor. •Fullkornsrik •Naggande god Mjölkfri och fri från konserveringsmedel. Från Sverige, bakat i Norrland. Polarmetoden® – Fryst direkt efter bakning. Vi vill göra världen lite godare; egen vindkraft, återvinningsbara förpackningar, mer hållbara transporter, 100% från växtriket. Tips: Det är supersmart att förvara bröd i frysen och tina efter behov!",
    "countryText": "",
    "companyText": "Polarbröd",
    "ingrediensText": "Vatten, fullkornsVETEmjöl¹*, siktat RÅGmjöl¹ (19%), VETEmjöl¹, socker¹, rapsolja¹, fermenterat VETEmjöl, VETEGLUTEN, salt, VETEskållning¹, jäst¹, vegetabiliskt emulgeringsmedel (mono- och diglycerider av fettsyror, mono- och diglyceriders mono- och diacetylvinsyraestrar), bakpulver (hjorthornssalt), maltmjöl (KORN). *Fullkornsmängd: 22% av brödet. ¹Ursprungsland: Sverige.",
    "storage": "Mjukt bröd: Frys gärna in en del av bröden hemma och ta fram efter behov, så maxar du njutningen och minskar svinnet på en och samma gång.Hårt bröd: Förvara brödet mörkt och torrt i sin förpackning Lägsta förvaringstemperatur 15°C Högsta förvaringstemperatur 25°C",
    "allergens": "",
    "usage": "",
    "nutrition": [
      {
        "Näringsvärde": "Energi (kcal)",
        "100 Gram": "270 kcal"
      },
      {
        "Näringsvärde": "Energi (kJ)",
        "100 Gram": "1100 kJ"
      },
      {
        "Näringsvärde": "Fett",
        "100 Gram": "3.6 g"
      },
      {
        "Näringsvärde": "Varav mättat fett",
        "100 Gram": "0.6 g"
      },
      {
        "Näringsvärde": "Kolhydrat",
        "100 Gram": "47 g"
      },
      {
        "Näringsvärde": "Varav sockerarter",
        "100 Gram": "8.2 g"
      },
      {
        "Näringsvärde": "Fiber",
        "100 Gram": "5.1 g"
      },
      {
        "Näringsvärde": "Protein",
        "100 Gram": "7.8 g"
      },
      {
        "Näringsvärde": "Salt",
        "100 Gram": "0.94 g"
      }
    ],
    "nutritionUnitText": "Näringsvärde per 100 gram",
    "categories": {
      "mainCategory": "Bröd & Kakor",
      "subCategories": [
        {
          "name": "Matbröd",
          "subSubCategories": [
            "Mörkt & Grovt bröd",
            "Rågbröd"
          ]
        }
      ]
    }
  },
  {
    "name": "Cookies Trippelchoklad 180g ICA",
    "weightText": "0.18 kg",
    "caPart": "",
    "weightValue": 0.18,
    "weightUnit": "kg",
    "comparePrice": "110,83 kr/kg",
    "currentPrice": 19.95,
    "attributes": [
      "Rainforest Alliance certifierad"
    ],
    "imgUrl": "https://handlaprivatkund.ica.se/images-v3/bf7a00ca-390e-4769-865f-dc369586872e/6e8acbe0-acf3-4eb4-a007-cb6101c99f6e/500x500.jpg",
    "productInformation": "Krispiga kakor doppade i mjölkchoklad och med bitar av mörk och vit choklad.",
    "countryText": "",
    "companyText": "ICA",
    "ingrediensText": "VETEMJÖL, mjölkchoklad 20% (socker, kakaosmör*, HELMJÖLKPULVER, kakaomassa*, emulgeringsmedel (SOJALECITIN)), vegetabilisk olja (palm** och solros), socker, HAVREMJÖL, mörk choklad 6% (socker, kakaomassa*, glukossirap, kakaosmör*, emulgeringsmedel (SOJALECITIN)), vitchoklad 6% (socker, HELMJÖLKPULVER, kakaosmör*, SKUMMJÖLKSPULVER, emulgeringsmedel (SOJALECITIN), arom), glukos-fruktos sirap, HELÄGGSPULVER, salt, bakpulver (E450, E500), arom. Kan innehålla spår av hasselnötter, pekannötter och mandel. *Rainforest Alliance-certifierad. Läs mer på www.ra.org **Läs om hållbarhetscertifierad palmolja på ica.se",
    "storage": "Förvaras torrt, ej över normal rumstemperatur.",
    "allergens": "",
    "usage": "",
    "nutrition": [
      {
        "Näringsvärde": "Energi (kcal)",
        "100 Gram": "510 kcal"
      },
      {
        "Näringsvärde": "Energi (kJ)",
        "100 Gram": "2134 kJ"
      },
      {
        "Näringsvärde": "Fett",
        "100 Gram": "27 g"
      },
      {
        "Näringsvärde": "Varav mättat fett",
        "100 Gram": "14 g"
      },
      {
        "Näringsvärde": "Kolhydrat",
        "100 Gram": "61 g"
      },
      {
        "Näringsvärde": "Varav sockerarter",
        "100 Gram": "36 g"
      },
      {
        "Näringsvärde": "Fiber",
        "100 Gram": "2.6 g"
      },
      {
        "Näringsvärde": "Protein",
        "100 Gram": "6 g"
      },
      {
        "Näringsvärde": "Salt",
        "100 Gram": "0.63 g"
      }
    ],
    "nutritionUnitText": "Näringsvärde per 100 gram",
    "categories": {
      "mainCategory": "Bröd & Kakor",
      "subCategories": [
        {
          "name": "Kaffebröd",
          "subSubCategories": [
            "Kex & kakor",
            "Söta kex & Kakor",
            "Cookies"
          ]
        }
      ]
    }
  },
  {
    "name": "Majskakor Pizza 125g ICA",
    "weightText": "0.125 kg",
    "caPart": "",
    "weightValue": 0.125,
    "weightUnit": "kg",
    "comparePrice": "143,60 kr/kg",
    "currentPrice": 17.95,
    "attributes": [],
    "imgUrl": "https://handlaprivatkund.ica.se/images-v3/bf7a00ca-390e-4769-865f-dc369586872e/3c9112a6-0770-4377-b0d3-0ca966eb5384/500x500.jpg",
    "productInformation": "ICA Majskakor Pizza är spröda majskakor. De har en god smak av tomat, ost och oregano. Passar utmärkt som mellanmål.",
    "countryText": "",
    "companyText": "ICA",
    "ingrediensText": "Majs* 78%, rapsolja, kryddblandning 8,9% (ostpulver (från MJÖLK), vasslepulver (från MJÖLK), salt, socker, tomatpulver, druvsocker, jästextrakt, vitlökspulver, örter (persilja, basilika, oregano), kryddextrakt (paprika, svartpeppar), arom (MJÖLK), örtextrakt (oregano, timjan), surhetsreglerande medel (E330)). Kan innehålla spår av soja och sesamfrö. *Ursprung EU.",
    "storage": "Förvaras torrt och svalt, ej över normal rumstemperatur.",
    "allergens": "",
    "usage": "",
    "nutrition": [
      {
        "Näringsvärde": "Energi (kcal)",
        "100 Gram": "445 kcal"
      },
      {
        "Näringsvärde": "Energi (kJ)",
        "100 Gram": "1873 kJ"
      },
      {
        "Näringsvärde": "Fett",
        "100 Gram": "15 g"
      },
      {
        "Näringsvärde": "Varav mättat fett",
        "100 Gram": "1.7 g"
      },
      {
        "Näringsvärde": "Kolhydrat",
        "100 Gram": "70 g"
      },
      {
        "Näringsvärde": "Varav sockerarter",
        "100 Gram": "3.7 g"
      },
      {
        "Näringsvärde": "Fiber",
        "100 Gram": "1.8 g"
      },
      {
        "Näringsvärde": "Protein",
        "100 Gram": "6.7 g"
      },
      {
        "Näringsvärde": "Salt",
        "100 Gram": "1.6 g"
      }
    ],
    "nutritionUnitText": "Näringsvärde per 100 gram",
    "categories": {
      "mainCategory": "Bröd & Kakor",
      "subCategories": [
        {
          "name": "Knäckebröd & Skorpor",
          "subSubCategories": [
            "Riskakor"
          ]
        }
      ]
    }
  },
  {
    "name": "Delicatoboll 15-p 600g Delicato",
    "weightText": "0.6 kg",
    "caPart": "",
    "weightValue": 0.6,
    "weightUnit": "kg",
    "comparePrice": "77,50 kr/kg",
    "currentPrice": 46.5,
    "attributes": [],
    "imgUrl": "https://handlaprivatkund.ica.se/images-v3/bf7a00ca-390e-4769-865f-dc369586872e/1b5ad091-bd6f-4acb-b526-8d9bd0523c98/500x500.jpg",
    "productInformation": "",
    "countryText": "",
    "companyText": "Delicato",
    "ingrediensText": "Socker, HAVREGRYN, vegetabilisk olja (palm*, shea, raps), vatten, kokosflingor, kakaopulver, salt, arom (bl.a. mocka), konserveringsmedel (kaliumsorbat), emulgeringsmedel (vegetabiliskt E471, lecitin), färgämne (sockerkulör). Kan innehålla spår av MJÖLKPROTEIN. *Hållbart producerad från certifierade odlare.",
    "storage": "Rumstemperatur. Håller bättre i kyl och går att frysa!. Lägsta förvaringstemperatur 18°C Högsta förvaringstemperatur 20°C",
    "allergens": "Kan innehålla spår av Mjölk.",
    "usage": "",
    "nutrition": [
      {
        "Näringsvärde": "Energi (kcal)",
        "100 Gram": "480 kcal"
      },
      {
        "Näringsvärde": "Energi (kJ)",
        "100 Gram": "2000 kJ"
      },
      {
        "Näringsvärde": "Fett",
        "100 Gram": "30 g"
      },
      {
        "Näringsvärde": "Varav mättat fett",
        "100 Gram": "18 g"
      },
      {
        "Näringsvärde": "Kolhydrat",
        "100 Gram": "49 g"
      },
      {
        "Näringsvärde": "Varav sockerarter",
        "100 Gram": "30 g"
      },
      {
        "Näringsvärde": "Protein",
        "100 Gram": "5 g"
      },
      {
        "Näringsvärde": "Salt",
        "100 Gram": "0.4 g"
      }
    ],
    "nutritionUnitText": "",
    "categories": {
      "mainCategory": "Bröd & Kakor",
      "subCategories": [
        {
          "name": "Kaffebröd",
          "subSubCategories": [
            "Kondisbitar & Bakelser"
          ]
        }
      ]
    }
  },
  {
    "name": "Jätten Vanilj 250g Göteborgs",
    "weightText": "0.25 kg",
    "caPart": "",
    "weightValue": 0.25,
    "weightUnit": "kg",
    "comparePrice": "98,00 kr/kg",
    "currentPrice": 24.5,
    "attributes": [],
    "imgUrl": "https://handlaprivatkund.ica.se/images-v3/bf7a00ca-390e-4769-865f-dc369586872e/e0bb41cc-098d-4cbb-a617-a836f5c6dad5/500x500.jpg",
    "productInformation": "JJätten Vanilj - klassiska kex med smak av vanilj från Göteborgs Kex. Spröda cremefyllda rån med härlig vaniljsmak som uppskattas av både barn och vuxna. Jätten kommer i en stor påse som räcker till alla. Påsen är dessutom återförslutningsbar vilket bevarar den goda sprödheten. Produkten är vegansk och fri från palmolja.",
    "countryText": "",
    "companyText": "Jätten",
    "ingrediensText": "Kräm med vaniljsmak 64 % (socker, fullhärdat kokosfett, emulgeringsmedel (SOJALECITIN), arom (vanillin)), VETEMJÖL, fullhärdat kokosfett, emulgeringsmedel (SOJALECITIN), salt, bakpulver (natriumbikarbonat), KORNMALT.",
    "storage": "",
    "allergens": "",
    "usage": "",
    "nutrition": [
      {
        "Näringsvärde": "Energi (kcal)",
        "100 Gram": "552 kcal"
      },
      {
        "Näringsvärde": "Energi (kJ)",
        "100 Gram": "2300 kJ"
      },
      {
        "Näringsvärde": "Fett",
        "100 Gram": "31 g"
      },
      {
        "Näringsvärde": "Varav mättat fett",
        "100 Gram": "30 g"
      },
      {
        "Näringsvärde": "Kolhydrat",
        "100 Gram": "63 g"
      },
      {
        "Näringsvärde": "Varav sockerarter",
        "100 Gram": "34 g"
      },
      {
        "Näringsvärde": "Fiber",
        "100 Gram": "1.2 g"
      },
      {
        "Näringsvärde": "Protein",
        "100 Gram": "3.6 g"
      },
      {
        "Näringsvärde": "Salt",
        "100 Gram": "0.4 g"
      }
    ],
    "nutritionUnitText": "Näringsvärde per 100 gram",
    "categories": {
      "mainCategory": "Bröd & Kakor",
      "subCategories": [
        {
          "name": "Kaffebröd",
          "subSubCategories": [
            "Kex & kakor",
            "Söta kex & Kakor",
            "Wafers"
          ]
        }
      ]
    }
  },
  {
    "name": "Prinsesstårta Fryst 480g Frödinge",
    "weightText": "0.48 kg",
    "caPart": "",
    "weightValue": 0.48,
    "weightUnit": "kg",
    "comparePrice": "131,15 kr/kg",
    "currentPrice": 62.95,
    "attributes": [
      "Rainforest Alliance certifierad"
    ],
    "imgUrl": "https://handlaprivatkund.ica.se/images-v3/bf7a00ca-390e-4769-865f-dc369586872e/28deb4d2-168b-4332-885d-3cb168993245/500x500.jpg",
    "productInformation": "En grädd- och marsipandröm med lager av vaniljkräm och hallonsylt på saftig sockerkaka.",
    "countryText": "",
    "companyText": "Frödinge",
    "ingrediensText": "Pastöriserad GRÄDDE, 18% grön marsipan (Danmark) (socker, MANDEL(24%), glukossirap, vatten, maltodextrin, invertsockersirap, färgämnen (kurkumin, klorofyllinkopparkomplex)), vatten, ÄGG, socker, VETEMJÖL, glukossirap, 3% - hallon, emulgeringsmedel (mono og diglycerider av fettsyror, solroslecitin), dextros, modifierad stärkelse (hydroxipropyldestillatfosfat), bakpulver (dinatriumdifosfat, natriumbikarbonat), stärkelse (VETE), vegetabiliskt fett (kokos, raps), stabiliseringsmedel (difosfater, fruktkärnmjöl, natriumalginat), fettreducerat kakaopulver*, natriumkaseinat (MJÖLK), kakaosmör*, vegetabilisk olja (raps), surhetsreglerandemedel (citronsyra, tricalciumcitrat), förtjockningsmedel (pektin), SKUMMJÖLKSPULVER, VETEMALT, naturlig hallonarom, salt, arom, mjölbehandlingsmedel (askorbinsyra). KAN INNEHÅLLA SPÅR AV NÖTTER. *Rainforest Alliance-certifierad. Läs mer på ra.org",
    "storage": "Förvaring -18 °C eller kallare Lägsta förvaringstemperatur -25°C Högsta förvaringstemperatur -18°C",
    "allergens": "Innehåller Mjölk Innehåller Nötter (eng: tree nuts) Innehåller Ägg Innehåller Spannmål som innehåller gluten",
    "usage": "",
    "nutrition": [
      {
        "Näringsvärde": "Energi (kcal)",
        "100 Gram": "293 kcal"
      },
      {
        "Näringsvärde": "Energi (kJ)",
        "100 Gram": "1225 kJ"
      },
      {
        "Näringsvärde": "Fett",
        "100 Gram": "15 g"
      },
      {
        "Näringsvärde": "Varav mättat fett",
        "100 Gram": "7.7 g"
      },
      {
        "Näringsvärde": "Kolhydrat",
        "100 Gram": "35 g"
      },
      {
        "Näringsvärde": "Varav sockerarter",
        "100 Gram": "21 g"
      },
      {
        "Näringsvärde": "Protein",
        "100 Gram": "0.9 g"
      },
      {
        "Näringsvärde": "Salt",
        "100 Gram": "0.21 g"
      }
    ],
    "nutritionUnitText": "Näringsvärde per 100 gram",
    "categories": {
      "mainCategory": "Bröd & Kakor",
      "subCategories": [
        {
          "name": "Kaffebröd",
          "subSubCategories": [
            "Tårtor & Pajer",
            "Frysta tårtor & Pajer"
          ]
        }
      ]
    }
  },
  {
    "name": "Levain Levain 750 g Fazer Bröd",
    "weightText": "0.75 kg",
    "caPart": "",
    "weightValue": 0.75,
    "weightUnit": "kg",
    "comparePrice": "53,27 kr/kg",
    "currentPrice": 39.95,
    "attributes": [
      "Från Sverige",
      "Ursprungsland Sverige"
    ],
    "imgUrl": "https://handlaprivatkund.ica.se/images-v3/bf7a00ca-390e-4769-865f-dc369586872e/130c4400-f977-4921-b1f0-773b28283461/500x500.jpg",
    "productInformation": "Fazer Levain är ett ljust, osötat surdegsbröd med rostat havremjöl och havssalt som ger en fyllig smak. Med inspiration från den franska brödkulturen bakar vi vårt levainbröd med surdeg och lång jästid vilket ger brödet en härlig struktur och karaktär. Njut som det är – eller prova att rosta!",
    "countryText": "Sverige",
    "companyText": "Fazer",
    "ingrediensText": "Mjöl (VETE1, rostad HAVRE 2 %, durumVETE), vatten, HAVREgryn1, 4,5 % surdeg av VETE2, VETEgluten, jäst1, havssalt 1 %, socker1 (endast som jästnäring), rapsolja, konserveringsmedel (kalciumpropionat), malt av KORN, mjölbehandlingsmedel (askorbinsyra). 1Ursprung Sverige 2Ursprung EU Innehåller naturligt förekommande sockerarter.",
    "storage": "",
    "allergens": "",
    "usage": "",
    "nutrition": [
      {
        "Näringsvärde": "Energi (kcal)",
        "100 Gram": "220 kcal"
      },
      {
        "Näringsvärde": "Energi (kJ)",
        "100 Gram": "950 kJ"
      },
      {
        "Näringsvärde": "Fett",
        "100 Gram": "1.9 g"
      },
      {
        "Näringsvärde": "Varav mättat fett",
        "100 Gram": "0.5 g"
      },
      {
        "Näringsvärde": "Kolhydrat",
        "100 Gram": "41 g"
      },
      {
        "Näringsvärde": "Varav sockerarter",
        "100 Gram": "2.2 g"
      },
      {
        "Näringsvärde": "Fiber",
        "100 Gram": "2.8 g"
      },
      {
        "Näringsvärde": "Protein",
        "100 Gram": "9.6 g"
      },
      {
        "Näringsvärde": "Salt",
        "100 Gram": "1.3 g"
      }
    ],
    "nutritionUnitText": "Näringsvärde per 100 gram",
    "categories": {
      "mainCategory": "Bröd & Kakor",
      "subCategories": [
        {
          "name": "Matbröd",
          "subSubCategories": [
            "Surdegsbröd"
          ]
        }
      ]
    }
  },
  {
    "name": "Pepparkakor Original 400g Annas",
    "weightText": "0.4 kg",
    "caPart": "",
    "weightValue": 0.4,
    "weightUnit": "kg",
    "comparePrice": "77,38 kr/kg",
    "currentPrice": 30.95,
    "attributes": [],
    "imgUrl": "https://handlaprivatkund.ica.se/images-v3/bf7a00ca-390e-4769-865f-dc369586872e/613ac6d7-2fbe-497b-9517-c30f7f9f3e10/500x500.jpg",
    "productInformation": "Information från leverantör \n Annas Original är Annas klassiska pepparkakor som spridit glädje i generationer. Lika självklara till kalas och traditionella högtider som till njutningstunderna mitt i vardagen.",
    "countryText": "",
    "companyText": "Annas",
    "ingrediensText": "INGREDIENSER: VETEMJÖL/HVETEMEL/HVEDEMEL, socker/sukker, vegetabiliska/vegetabilske oljor/oljer/olier (palm/palme*, raps, kokos), sirap/sirup, bakpulver/bakepulver/bagepulver (natrimbikarbonat), kanel, salt, ingefära/ingefær 0.3%, kryddnejlika/kryddernellik/kryddernellike. Kan innehålla spår av MANDEL/Kan inneholde spor av MANDLER/Kan indeholde spor af MANDLER. *Hållbart producerad från certifierade odlare.",
    "storage": "Lägsta förvaringstemperatur 5°C Högsta förvaringstemperatur 30°C",
    "allergens": "Innehåller Spannmål som innehåller gluten Kan innehålla Nötter (eng: tree nuts)",
    "usage": "",
    "nutrition": [
      {
        "Näringsvärde": "Energi (kcal)",
        "100 Gram": "471 kcal"
      },
      {
        "Näringsvärde": "Energi (kJ)",
        "100 Gram": "1979 kJ"
      },
      {
        "Näringsvärde": "Fett",
        "100 Gram": "19 g"
      },
      {
        "Näringsvärde": "Varav mättat fett",
        "100 Gram": "9 g"
      },
      {
        "Näringsvärde": "Kolhydrat",
        "100 Gram": "70 g"
      },
      {
        "Näringsvärde": "Varav sockerarter",
        "100 Gram": "33 g"
      },
      {
        "Näringsvärde": "Fiber",
        "100 Gram": "1.5 g"
      },
      {
        "Näringsvärde": "Protein",
        "100 Gram": "5.4 g"
      },
      {
        "Näringsvärde": "Salt",
        "100 Gram": "1.19 g"
      }
    ],
    "nutritionUnitText": "Näringsvärde per 100 gram",
    "categories": {
      "mainCategory": "Bröd & Kakor",
      "subCategories": [
        {
          "name": "Kaffebröd",
          "subSubCategories": [
            "Kex & kakor",
            "Söta kex & Kakor",
            "Pepparkakor"
          ]
        }
      ]
    }
  },
  {
    "name": "Fröknäcke Glutenfri 190g Sigdal Bakeri",
    "weightText": "0.19 kg",
    "caPart": "",
    "weightValue": 0.19,
    "weightUnit": "kg",
    "comparePrice": "173,42 kr/kg",
    "currentPrice": 32.95,
    "attributes": [
      "Glutenfritt"
    ],
    "imgUrl": "https://handlaprivatkund.ica.se/images-v3/bf7a00ca-390e-4769-865f-dc369586872e/c382af8e-e1c0-4db3-9d97-359e8bd78523/500x500.jpg",
    "productInformation": "Ett glutenfritt fröknäcke med härlig krispighet. Passar till alla dagens måltider. Så god att även de som inte har problem med gluten uppskattar den.",
    "countryText": "",
    "companyText": "Sigdal Bakeri",
    "ingrediensText": "Solroskärnor, glutenfria havregryn* 19 %, SESAMFRÖ, linfrö, risklifiber, honung, grönsaksfiber (potatis, psyllium), sockerrörsfiber, rörsocker, rapsolja, salt. *lt;10 ppm, från EU.",
    "storage": "",
    "allergens": "Innehåller Sojabönor Innehåller Sesamfrön",
    "usage": "",
    "nutrition": [
      {
        "Näringsvärde": "Energi (kcal)",
        "100 Gram": "543 kcal"
      },
      {
        "Näringsvärde": "Energi (kJ)",
        "100 Gram": "2252 kJ"
      },
      {
        "Näringsvärde": "Fett",
        "100 Gram": "39.6 g"
      },
      {
        "Näringsvärde": "Varav mättat fett",
        "100 Gram": "4.9 g"
      },
      {
        "Näringsvärde": "Kolhydrat",
        "100 Gram": "21.1 g"
      },
      {
        "Näringsvärde": "Varav sockerarter",
        "100 Gram": "4.1 g"
      },
      {
        "Näringsvärde": "Fiber",
        "100 Gram": "16.7 g"
      },
      {
        "Näringsvärde": "Protein",
        "100 Gram": "17.5 g"
      },
      {
        "Näringsvärde": "Salt",
        "100 Gram": "1.1 g"
      }
    ],
    "nutritionUnitText": "Näringsvärde per 100 gram",
    "categories": {
      "mainCategory": "Bröd & Kakor",
      "subCategories": [
        {
          "name": "Knäckebröd & Skorpor",
          "subSubCategories": [
            "Knäckebröd",
            "Fröknäcke"
          ]
        }
      ]
    }
  },
  {
    "name": "Kardemummabullar Fryst 12-p 420g Findus",
    "weightText": "0.42 kg",
    "caPart": "",
    "weightValue": 0.42,
    "weightUnit": "kg",
    "comparePrice": "85,60 kr/kg",
    "currentPrice": 35.95,
    "attributes": [
      "Från Sverige",
      "Ursprungsland Sverige"
    ],
    "imgUrl": "https://handlaprivatkund.ica.se/images-v3/bf7a00ca-390e-4769-865f-dc369586872e/07337824-a4e9-4702-bdc7-66ea689dcab7/500x500.jpg",
    "productInformation": "För en godare fika! I småländska Loftahammar har det knådats deg och gräddats bullar i Findus bageri sedan 1966. Findus Kardemummabullar med god kardemummafyllning är märkta med \"Från Sverige-märkning\", vilket gör det enklare för dig att välja närproducerat när du blir sugen på fika. Bullarna tinas på några minuter i ugn eller mikro. Aldrig har det varit enklare att få smaken av nybakat!",
    "countryText": "Sverige",
    "companyText": "Findus",
    "ingrediensText": "INGREDIENSER: VETEMJÖL*, socker*, vatten, rapsolja, farinsocker, maltmjöl av VETE, jäst*, kardemumma, stärkelse, salt, vanillin, emulgeringsmedel E471 och mjölbehandlingsmedel (askorbinsyra). *Ursprung: Sverige.",
    "storage": "FÖRVARING OCH MINSTA HÅLLBARHET: I frysutrymme (-18ºC eller kallare), se datummärkning. Bör alltid förvaras fryst. Bör ej frysas efter upptining. Lägsta förvaringstemperatur -25°C Högsta förvaringstemperatur -18°C",
    "allergens": "Innehåller Spannmål som innehåller gluten",
    "usage": "",
    "nutrition": [
      {
        "Näringsvärde": "Energi (kcal)",
        "100 Gram": "352 kcal"
      },
      {
        "Näringsvärde": "Energi (kJ)",
        "100 Gram": "1475 kJ"
      },
      {
        "Näringsvärde": "Fett",
        "100 Gram": "10 g"
      },
      {
        "Näringsvärde": "Varav mättat fett",
        "100 Gram": "0.8 g"
      },
      {
        "Näringsvärde": "Kolhydrat",
        "100 Gram": "58 g"
      },
      {
        "Näringsvärde": "Varav sockerarter",
        "100 Gram": "21 g"
      },
      {
        "Näringsvärde": "Fiber",
        "100 Gram": "2.3 g"
      },
      {
        "Näringsvärde": "Protein",
        "100 Gram": "5.9 g"
      },
      {
        "Näringsvärde": "Salt",
        "100 Gram": "0.28 g"
      }
    ],
    "nutritionUnitText": "Näringsvärde per 100 gram",
    "categories": {
      "mainCategory": "Fryst",
      "subCategories": [
        {
          "name": "Fryst bröd & dessert",
          "subSubCategories": [
            "Frysta bullar & kakor"
          ]
        }
      ]
    }
  },
  {
    "name": "Gifflar Saffran 260g Pågen",
    "weightText": "0.26 kg",
    "caPart": "",
    "weightValue": 0.26,
    "weightUnit": "kg",
    "comparePrice": "136,54 kr/kg",
    "currentPrice": 35.5,
    "attributes": [],
    "imgUrl": "https://handlaprivatkund.ica.se/images-v3/bf7a00ca-390e-4769-865f-dc369586872e/9d0551cc-d249-49c3-8dc3-5ec9e0a1fec1/500x500.jpg",
    "productInformation": "En välkommen gäst till jul! Gifflar Saffran är läckert gräddade och har en härligt saftig fyllning med saffranssmak. Perfekta till julmyset framför brasan, i skidbacken eller när du själv bara är så där riktigt sugen. Gott och enkelt! Det finns alltid ett tillfälle för Gifflar Saffran. Gifflar Saffran är bakade i Sverige på svenskt mjöl från Pågens egna kvarn.",
    "countryText": "",
    "companyText": "Pågen",
    "ingrediensText": "VETEmjöl, vatten, socker, rapsolja, MANDEL, skumMJÖLK, ÄGG, jäst, VETEgluten, glukossirap, salt, bakpulver (E450, E500), vegetabiliskt emulgeringsmedel (E471), konserveringsmedel (E200, E202, E282), modifierad stärkelse, malt av KORN, saffran (0,02%), arom.",
    "storage": "Lägsta förvaringstemperatur 10°C Högsta förvaringstemperatur 40°C",
    "allergens": "",
    "usage": "",
    "nutrition": [
      {
        "Näringsvärde": "Energi (kcal)",
        "100 Gram": "335 kcal"
      },
      {
        "Näringsvärde": "Energi (kJ)",
        "100 Gram": "1400 kJ"
      },
      {
        "Näringsvärde": "Fett",
        "100 Gram": "11 g"
      },
      {
        "Näringsvärde": "Varav mättat fett",
        "100 Gram": "1.3 g"
      },
      {
        "Näringsvärde": "Kolhydrat",
        "100 Gram": "51 g"
      },
      {
        "Näringsvärde": "Varav sockerarter",
        "100 Gram": "16 g"
      },
      {
        "Näringsvärde": "Protein",
        "100 Gram": "8 g"
      },
      {
        "Näringsvärde": "Salt",
        "100 Gram": "0.73 g"
      }
    ],
    "nutritionUnitText": "Näringsvärde per 100 gram",
    "categories": {
      "mainCategory": "Jul",
      "subCategories": [
        {
          "name": "Glöggmingel",
          "subSubCategories": [
            "Lussekatter & Julkakor"
          ]
        }
      ]
    }
  },
  {
    "name": "Majskaka Taco 125g Friggs",
    "weightText": "0.125 kg",
    "caPart": "",
    "weightValue": 0.125,
    "weightUnit": "kg",
    "comparePrice": "151,60 kr/kg",
    "currentPrice": 18.95,
    "attributes": [
      "Glutenfritt"
    ],
    "imgUrl": "https://handlaprivatkund.ica.se/images-v3/bf7a00ca-390e-4769-865f-dc369586872e/3259880a-acc7-4122-8135-0a58f78831c0/500x500.jpg",
    "productInformation": "",
    "countryText": "",
    "companyText": "Friggs",
    "ingrediensText": "Ingredienser: Majs (80 %), rapsolja, kryddblandning med tacosmak (salt, socker, dextros, lökpulver, chilipulver, kryddor (spiskummin, paprikapulver, maltodextrin (majs, potatis), vitlökspulver, jästextrakt, oregano, kummin, cayennepeppar), surhetsreglerande medel (citronsyra), kryddextrakt (paprika), naturlig arom). Kan innehålla spår av soja, mjölk och sesamfrön.",
    "storage": "Förvaras torrt, ej över normal rumstemperatur.",
    "allergens": "",
    "usage": "Majskaka taco passar gott som snacks eller mellanmål vart du än är.",
    "nutrition": [
      {
        "Näringsvärde": "Energi (kcal)",
        "100 Gram": "435 kcal"
      },
      {
        "Näringsvärde": "Energi (kJ)",
        "100 Gram": "1829 kJ"
      },
      {
        "Näringsvärde": "Fett",
        "100 Gram": "14 g"
      },
      {
        "Näringsvärde": "Varav mättat fett",
        "100 Gram": "1.2 g"
      },
      {
        "Näringsvärde": "Kolhydrat",
        "100 Gram": "72 g"
      },
      {
        "Näringsvärde": "Varav sockerarter",
        "100 Gram": "2.2 g"
      },
      {
        "Näringsvärde": "Fiber",
        "100 Gram": "2.4 g"
      },
      {
        "Näringsvärde": "Protein",
        "100 Gram": "6.2 g"
      },
      {
        "Näringsvärde": "Salt",
        "100 Gram": "1.6 g"
      }
    ],
    "nutritionUnitText": "Näringsvärde per 100 gram",
    "categories": {
      "mainCategory": "Bröd & Kakor",
      "subCategories": [
        {
          "name": "Knäckebröd & Skorpor",
          "subSubCategories": [
            "Riskakor"
          ]
        }
      ]
    }
  },
  {
    "name": "KvarnGoda Rågbröd 420g Fazer",
    "weightText": "0.42 kg",
    "caPart": "",
    "weightValue": 0.42,
    "weightUnit": "kg",
    "comparePrice": "65,48 kr/kg",
    "currentPrice": 27.5,
    "attributes": [
      "Från Sverige",
      "Ursprungsland Sverige"
    ],
    "imgUrl": "https://handlaprivatkund.ica.se/images-v3/bf7a00ca-390e-4769-865f-dc369586872e/9f803240-198a-498c-b14e-8602e5b3fa86/500x500.jpg",
    "productInformation": "Kvarn Goda är luftigt, gott och mättande rågbröd för hela familjen.Ett bröd som kan ätas precis som det är men som även är jättegott att rosta. Kvarn Goda är bakad med egen surdeg och flera olika varianter av råg från egen kvarn. Det här brödet är bakat enligt nordisk tradition på mjöl från spannmål som är odlat på Västgötaslätten. Spannmålet mals i vår egen kvarn i Lidköping och bredvid kvarnen finns vårt bageri. Fazer Kvarn Goda är en naturlig förlängning av vår tradition att baka välsmakande rågbröd med utgångspunkt i vårt nordiska arv.",
    "countryText": "Sverige",
    "companyText": "Fazer",
    "ingrediensText": "Mjöl (VETE, fullkorn av RÅG 7,5 %, fullkorn av VETE, VETE, fermenterat VETE), vatten, fullkornsRÅGflingor 9,0 %, socker, jäst, sirap, VETEgluten, RÅGfiber 2,2%, surdeg av fullkornsRÅGmjöl 2,1 %, rapsolja, malt av RÅG 0,9 % och KORN, rostat RÅGmjöl 0,9 %, salt, stabiliseringsmedel (guarkärnmjöl), mjölbehandlingsmedel (askorbinsyra). Brödet innehåller 17 % fullkornsråg.",
    "storage": "",
    "allergens": "",
    "usage": "",
    "nutrition": [
      {
        "Näringsvärde": "Energi (kcal)",
        "100 Gram": "270 kcal"
      },
      {
        "Näringsvärde": "Energi (kJ)",
        "100 Gram": "1150 kJ"
      },
      {
        "Näringsvärde": "Fett",
        "100 Gram": "3.2 g"
      },
      {
        "Näringsvärde": "Varav mättat fett",
        "100 Gram": "0.5 g"
      },
      {
        "Näringsvärde": "Kolhydrat",
        "100 Gram": "49 g"
      },
      {
        "Näringsvärde": "Varav sockerarter",
        "100 Gram": "10 g"
      },
      {
        "Näringsvärde": "Fiber",
        "100 Gram": "6 g"
      },
      {
        "Näringsvärde": "Protein",
        "100 Gram": "9 g"
      },
      {
        "Näringsvärde": "Salt",
        "100 Gram": "0.9 g"
      }
    ],
    "nutritionUnitText": "Näringsvärde per 100 gram",
    "categories": {
      "mainCategory": "Bröd & Kakor",
      "subCategories": [
        {
          "name": "Matbröd",
          "subSubCategories": [
            "Mörkt & Grovt bröd",
            "Mörkt styckpackat bröd"
          ]
        }
      ]
    }
  },
  {
    "name": "Majskakor chokladdoppade 100g ICA",
    "weightText": "0.1 kg",
    "caPart": "",
    "weightValue": 0.1,
    "weightUnit": "kg",
    "comparePrice": "255,00 kr/kg",
    "currentPrice": 25.5,
    "attributes": [
      "Rainforest Alliance certifierad"
    ],
    "imgUrl": "https://handlaprivatkund.ica.se/images-v3/bf7a00ca-390e-4769-865f-dc369586872e/a59163f8-bc4f-49ad-8f06-956d4bb3d6b9/500x500.jpg",
    "productInformation": "Krispiga kakor av puffad majs, doppade i mjölkchoklad med etiskt producerad, god kakao från Rainforest Alliance-certifierade odlingar.",
    "countryText": "",
    "companyText": "ICA",
    "ingrediensText": "Mjölkchoklad* 59% (socker, kakaosmör**, HELMJÖLKSPULVER, kakaomassa**, emulgeringsmedel (lecitiner (SOJA)), naturlig vaniljarom), majs 41%, salt. Innehåller minst 39% kakao. Kan innehålla spår av sesamfrö, hasselnöt och mandel. *Ursprung EU, kakaobönor odlade i icke-EU. **Rainforest Alliancecertifierad. Läs mer på www.ra.org",
    "storage": "",
    "allergens": "",
    "usage": "",
    "nutrition": [
      {
        "Näringsvärde": "Energi (kcal)",
        "100 Gram": "496 kcal"
      },
      {
        "Näringsvärde": "Energi (kJ)",
        "100 Gram": "2077 kJ"
      },
      {
        "Näringsvärde": "Fett",
        "100 Gram": "23 g"
      },
      {
        "Näringsvärde": "Varav mättat fett",
        "100 Gram": "14 g"
      },
      {
        "Näringsvärde": "Kolhydrat",
        "100 Gram": "65 g"
      },
      {
        "Näringsvärde": "Varav sockerarter",
        "100 Gram": "29 g"
      },
      {
        "Näringsvärde": "Protein",
        "100 Gram": "6.1 g"
      },
      {
        "Näringsvärde": "Salt",
        "100 Gram": "0.18 g"
      }
    ],
    "nutritionUnitText": "Näringsvärde per 100 gram",
    "categories": {
      "mainCategory": "Bröd & Kakor",
      "subCategories": [
        {
          "name": "Knäckebröd & Skorpor",
          "subSubCategories": [
            "Riskakor"
          ]
        }
      ]
    }
  },
  {
    "name": "Våffelstrutar vanilj 10st 120g ICA",
    "weightText": "0.12 kg",
    "caPart": "",
    "weightValue": 0.12,
    "weightUnit": "kg",
    "comparePrice": "124,58 kr/kg",
    "currentPrice": 14.95,
    "attributes": [
      "Från Sverige"
    ],
    "imgUrl": "https://handlaprivatkund.ica.se/images-v3/bf7a00ca-390e-4769-865f-dc369586872e/c391f147-c627-4c9e-8a21-506b1c1459a3/500x500.jpg",
    "productInformation": "ICA Våffelstrutar med smak av vanilj. Fyll struten med glass, grädde och toppa den med din favorit topping.",
    "countryText": "",
    "companyText": "ICA",
    "ingrediensText": "VETEMJÖL*, socker*, vegetabiliskt fett (kokos), VETEFIBER, emulgeringsmedel (SOJALECITIN), salt, arom, bakpulver (E500).*Ursprung Sverige",
    "storage": "Kapsel med plastpåse.",
    "allergens": "",
    "usage": "",
    "nutrition": [
      {
        "Näringsvärde": "Energi (kcal)",
        "100 Gram": "400 kcal"
      },
      {
        "Näringsvärde": "Energi (kJ)",
        "100 Gram": "1700 kJ"
      },
      {
        "Näringsvärde": "Fett",
        "100 Gram": "6 g"
      },
      {
        "Näringsvärde": "Varav mättat fett",
        "100 Gram": "4.9 g"
      },
      {
        "Näringsvärde": "Kolhydrat",
        "100 Gram": "79 g"
      },
      {
        "Näringsvärde": "Varav sockerarter",
        "100 Gram": "29 g"
      },
      {
        "Näringsvärde": "Protein",
        "100 Gram": "6 g"
      },
      {
        "Näringsvärde": "Salt",
        "100 Gram": "0.25 g"
      }
    ],
    "nutritionUnitText": "Näringsvärde per 100 gram",
    "categories": {
      "mainCategory": "Bröd & Kakor",
      "subCategories": [
        {
          "name": "Kaffebröd",
          "subSubCategories": [
            "Kex & kakor",
            "Våffelstrutar & Maränger"
          ]
        }
      ]
    }
  },
  {
    "name": "CRACKERS 150 g Ritz",
    "weightText": "0.15 kg",
    "caPart": "",
    "weightValue": 0.15,
    "weightUnit": "kg",
    "comparePrice": "136,67 kr/kg",
    "currentPrice": 20.5,
    "attributes": [],
    "imgUrl": "https://handlaprivatkund.ica.se/images-v3/bf7a00ca-390e-4769-865f-dc369586872e/47a4e211-5594-41d9-b859-63f4c7e10171/500x500.jpg",
    "productInformation": "",
    "countryText": "",
    "companyText": "Ritz",
    "ingrediensText": "Ingredienser: VETEMJÖL, palmolja, socker, glukos-fruktossirap, bakpulver (kalciumfosfater, natriumkarbonater, ammoniumkarbonater, kaliumkarbonater), salt, KORNMALTSMJÖL. KAN INNEHÅLLA MJÖLK.",
    "storage": "",
    "allergens": "",
    "usage": "",
    "nutrition": [
      {
        "Näringsvärde": "Energi (kcal)",
        "100 Gram": "499 kcal"
      },
      {
        "Näringsvärde": "Energi (kJ)",
        "100 Gram": "2088 kJ"
      },
      {
        "Näringsvärde": "Fett",
        "100 Gram": "24 g"
      },
      {
        "Näringsvärde": "Varav mättat fett",
        "100 Gram": "11 g"
      },
      {
        "Näringsvärde": "Kolhydrat",
        "100 Gram": "62 g"
      },
      {
        "Näringsvärde": "Varav sockerarter",
        "100 Gram": "9.3 g"
      },
      {
        "Näringsvärde": "Fiber",
        "100 Gram": "2.7 g"
      },
      {
        "Näringsvärde": "Protein",
        "100 Gram": "7.2 g"
      },
      {
        "Näringsvärde": "Salt",
        "100 Gram": "1.3 g"
      }
    ],
    "nutritionUnitText": "Näringsvärde per 100 gram",
    "categories": {
      "mainCategory": "Bröd & Kakor",
      "subCategories": [
        {
          "name": "Kaffebröd",
          "subSubCategories": [
            "Kex & kakor",
            "Matkex",
            "Kex till ost"
          ]
        }
      ]
    }
  },
  {
    "name": "REAL Burger bun 292g Korvbrödsbagarn",
    "weightText": "0.292 kg",
    "caPart": "",
    "weightValue": 0.292,
    "weightUnit": "kg",
    "comparePrice": "104,45 kr/kg",
    "currentPrice": 30.5,
    "attributes": [
      "Från Sverige"
    ],
    "imgUrl": "https://handlaprivatkund.ica.se/images-v3/bf7a00ca-390e-4769-865f-dc369586872e/2a188c97-da63-482a-8a3b-069de2afb9f6/500x500.jpg",
    "productInformation": "REAL burger bun är ett trendigt USA-inspirerat burgar-bröd, som är mjukt, saftigt, luftigt och lite extra högt och med glaze på toppen. Brödet passar perfekt till den nya trenden att bygga burgare på höjden. Underdelen är något tjockare för att klara mycket fyllning och den höga överdelen omsluter portionen väl.",
    "countryText": "",
    "companyText": "Korvbrödsbagarn",
    "ingrediensText": "INGREDIENSER: VETEMJÖL, vatten, invertsocker, rapsolja, DURUMVETEMJÖL, jäst*, salt, VETEGLUTEN, vegetabiliskt emulgeringsmedel (E471), vegetabiliskt protein (ärta), glukossirap, rismjöl, maltmjöl av VETE, mjölbehandlingsmedel (E300). Kan innehålla spår av sesamfrö.",
    "storage": "Förvara i sin förpackning i rumstemperatur.",
    "allergens": "",
    "usage": "Rosta gärna innan servering.",
    "nutrition": [
      {
        "Näringsvärde": "Energi (kcal)",
        "100 Gram": "282 kcal"
      },
      {
        "Näringsvärde": "Energi (kJ)",
        "100 Gram": "1182 kJ"
      },
      {
        "Näringsvärde": "Fett",
        "100 Gram": "5.4 g"
      },
      {
        "Näringsvärde": "Varav mättat fett",
        "100 Gram": "0.8 g"
      },
      {
        "Näringsvärde": "Kolhydrat",
        "100 Gram": "47 g"
      },
      {
        "Näringsvärde": "Varav sockerarter",
        "100 Gram": "5.3 g"
      },
      {
        "Näringsvärde": "Fiber",
        "100 Gram": "3.3 g"
      },
      {
        "Näringsvärde": "Protein",
        "100 Gram": "9 g"
      },
      {
        "Näringsvärde": "Salt",
        "100 Gram": "1 g"
      }
    ],
    "nutritionUnitText": "Näringsvärde per 100 gram",
    "categories": {
      "mainCategory": "Bröd & Kakor",
      "subCategories": [
        {
          "name": "Korvbröd, Hamburgerbröd & Maträttsbröd",
          "subSubCategories": [
            "Hamburgerbröd"
          ]
        }
      ]
    }
  },
  {
    "name": "Cookies choklad 150g ICA",
    "weightText": "0.15 kg",
    "caPart": "",
    "weightValue": 0.15,
    "weightUnit": "kg",
    "comparePrice": "133,00 kr/kg",
    "currentPrice": 19.95,
    "attributes": [
      "Rainforest Alliance certifierad"
    ],
    "imgUrl": "https://handlaprivatkund.ica.se/images-v3/bf7a00ca-390e-4769-865f-dc369586872e/7a8b0c47-1b26-43ab-90ee-7395a84dcde0/500x500.jpg",
    "productInformation": "Krispiga kakor med generösa bitar av mörk choklad och mjölkchoklad.",
    "countryText": "",
    "companyText": "ICA",
    "ingrediensText": "Mörk choklad 29% (socker, kakaomassa*, glukossirap, kakaosmör*, emulgeringsmedel (SOJALECITIN)), VETEMJÖL, socker, vegetabilisk olja (palm**, solros), mjölkchoklad 11 % (socker, HELMJÖLKSPULVER, kakaosmör*, kakaomassa*, glukossirap, SKUMMJÖLKSPULVER, emulgeringsmedel (SOJALECITIN), arom), glukos-fruktossirap, smör (MJÖLK), ÄGG, SKUMMJÖLKSPULVER, VETESTÄRKELSE, bakpulver (E450, E500), karamelliserat socker, arom. Kan innehålla spår av hasselnöt, pekannöt och mandel. *Rainforest Alliance-certifierad. Läs mer på www.ra.org **Läs om hållbarhetscertifierad palmolja på ica.se",
    "storage": "Förvaras torrt, ej över normal rumstemperatur.",
    "allergens": "",
    "usage": "",
    "nutrition": [
      {
        "Näringsvärde": "Energi (kcal)",
        "100 Gram": "497 kcal"
      },
      {
        "Näringsvärde": "Energi (kJ)",
        "100 Gram": "2077 kJ"
      },
      {
        "Näringsvärde": "Fett",
        "100 Gram": "25 g"
      },
      {
        "Näringsvärde": "Varav mättat fett",
        "100 Gram": "14 g"
      },
      {
        "Näringsvärde": "Kolhydrat",
        "100 Gram": "60 g"
      },
      {
        "Näringsvärde": "Varav sockerarter",
        "100 Gram": "36 g"
      },
      {
        "Näringsvärde": "Fiber",
        "100 Gram": "3.7 g"
      },
      {
        "Näringsvärde": "Protein",
        "100 Gram": "5.4 g"
      },
      {
        "Näringsvärde": "Salt",
        "100 Gram": "0.67 g"
      }
    ],
    "nutritionUnitText": "Näringsvärde per 100 gram",
    "categories": {
      "mainCategory": "Fika",
      "subCategories": []
    }
  },
  {
    "name": "Medelhavsbröd Osötat 650g ICA God smak från",
    "weightText": "0.65 kg",
    "caPart": "",
    "weightValue": 0.65,
    "weightUnit": "kg",
    "comparePrice": "54,62 kr/kg",
    "currentPrice": 35.5,
    "attributes": [
      "Från Sverige"
    ],
    "imgUrl": "https://handlaprivatkund.ica.se/images-v3/bf7a00ca-390e-4769-865f-dc369586872e/29574241-1852-4f5c-8b69-bbd12e92dbc1/500x500.jpg",
    "productInformation": "ICA Selection Medelhavsbröd osötat är bakat med durumvete, havssalt och olivolja. Det mjuka inkråmet och den smakrika skorpan får brödet genom att vi använder det finaste durumvetet och gräddar det i stenugn på hög temperatur.",
    "countryText": "",
    "companyText": "ICA Selection",
    "ingrediensText": "INGREDIENSER: VETEMJÖL*, vatten, DURUMVETE 6%, surdeg av FULLKORNSRÅGMJÖL*, RÅGSKÅLLNING, jäst, havssalt 1%, KORNMALTEXTRAKT, olivolja 0,8%, VETEGLUTEN. * Ursprung Sverige.",
    "storage": "",
    "allergens": "",
    "usage": "",
    "nutrition": [
      {
        "Näringsvärde": "Energi (kcal)",
        "100 Gram": "249 kcal"
      },
      {
        "Näringsvärde": "Energi (kJ)",
        "100 Gram": "1053 kJ"
      },
      {
        "Näringsvärde": "Fett",
        "100 Gram": "2.5 g"
      },
      {
        "Näringsvärde": "Varav mättat fett",
        "100 Gram": "0.3 g"
      },
      {
        "Näringsvärde": "Kolhydrat",
        "100 Gram": "47 g"
      },
      {
        "Näringsvärde": "Varav sockerarter",
        "100 Gram": "1 g"
      },
      {
        "Näringsvärde": "Fiber",
        "100 Gram": "2.1 g"
      },
      {
        "Näringsvärde": "Protein",
        "100 Gram": "8.5 g"
      },
      {
        "Näringsvärde": "Salt",
        "100 Gram": "1.2 g"
      }
    ],
    "nutritionUnitText": "Näringsvärde per 100 gram",
    "categories": {
      "mainCategory": "Bröd & Kakor",
      "subCategories": [
        {
          "name": "Matbröd",
          "subSubCategories": [
            "Ljust bröd",
            "Rostbröd"
          ]
        }
      ]
    }
  },
  {
    "name": "Digestive Fullkorn 400g Mc Vities",
    "weightText": "0.4 kg",
    "caPart": "",
    "weightValue": 0.4,
    "weightUnit": "kg",
    "comparePrice": "37,38 kr/kg",
    "currentPrice": 14.95,
    "attributes": [],
    "imgUrl": "https://handlaprivatkund.ica.se/images-v3/bf7a00ca-390e-4769-865f-dc369586872e/8272acc1-8d4c-499d-b4b3-550333f02092/500x500.jpg",
    "productInformation": "",
    "countryText": "",
    "companyText": "Mc Vities",
    "ingrediensText": "Fullkornsvetemjöl (69 %), vegetabiliska oljor (solrosolja, palmolja), socker, bakpulver (natriumkarbonater, äpplesyra, ammoniumkarbonater), salt, inverterad sockersirap.",
    "storage": "",
    "allergens": "",
    "usage": "",
    "nutrition": [
      {
        "Näringsvärde": "Energi (kcal)",
        "100 Gram": "467 kcal"
      },
      {
        "Näringsvärde": "Energi (kJ)",
        "100 Gram": "1955 kJ"
      },
      {
        "Näringsvärde": "Fett",
        "100 Gram": "20.8 g"
      },
      {
        "Näringsvärde": "Varav mättat fett",
        "100 Gram": "4.6 g"
      },
      {
        "Näringsvärde": "Kolhydrat",
        "100 Gram": "58.1 g"
      },
      {
        "Näringsvärde": "Varav sockerarter",
        "100 Gram": "19.1 g"
      },
      {
        "Näringsvärde": "Fiber",
        "100 Gram": "6.5 g"
      },
      {
        "Näringsvärde": "Protein",
        "100 Gram": "8.3 g"
      },
      {
        "Näringsvärde": "Salt",
        "100 Gram": "1.5 g"
      }
    ],
    "nutritionUnitText": "Näringsvärde per 100 gram",
    "categories": {
      "mainCategory": "Bröd & Kakor",
      "subCategories": [
        {
          "name": "Kaffebröd",
          "subSubCategories": [
            "Kex & kakor",
            "Matkex",
            "Digestivekex"
          ]
        }
      ]
    }
  },
  {
    "name": "Oat & carrot rolls Glutenfri Fryst 400g Elovena",
    "weightText": "0.4 kg",
    "caPart": "",
    "weightValue": 0.4,
    "weightUnit": "kg",
    "comparePrice": "98,75 kr/kg",
    "currentPrice": 39.5,
    "attributes": [
      "Glutenfritt"
    ],
    "imgUrl": "https://handlaprivatkund.ica.se/images-v3/bf7a00ca-390e-4769-865f-dc369586872e/64506611-69d0-4323-bfef-c59482428115/500x500.jpg",
    "productInformation": "Färdiggräddade och djupfrysta. Bakade helt glutenfritt på ren havre. Ljust matbröd med surdeg och lätt smak av morot. Utmärkt till frukost och som kuvertbröd.",
    "countryText": "",
    "companyText": "Provena",
    "ingrediensText": "Ingredienser: Glutenfritt HAVREmjöl (33%), vatten, potatisstärkelse, riven morot (10%), rapsolja, socker, förtjockningsmedel (E415, E464, E466), bakpulver (E575, E500), jäst, salt, mineralsalt (kaliumklorid), emulgeringsmedel (E471). Fritt från gluten, mjölk, soja och ägg. Utan vetestärkelse. Innehåller en liten mängd rismjöl, som använts vid utbakningen. Havre 100% av spannmålet.",
    "storage": "I frysen under -18°C. Får inte frysas igen efter upptiningem. Lägsta förvaringstemperatur -25°C Högsta förvaringstemperatur -18°C",
    "allergens": "",
    "usage": "",
    "nutrition": [
      {
        "Näringsvärde": "Energi (kcal)",
        "100 Gram": "237 kcal"
      },
      {
        "Näringsvärde": "Energi (kJ)",
        "100 Gram": "991 kJ"
      },
      {
        "Näringsvärde": "Fett",
        "100 Gram": "7.4 g"
      },
      {
        "Näringsvärde": "Varav mättat fett",
        "100 Gram": "0.9 g"
      },
      {
        "Näringsvärde": "Kolhydrat",
        "100 Gram": "35 g"
      },
      {
        "Näringsvärde": "Varav sockerarter",
        "100 Gram": "3.6 g"
      },
      {
        "Näringsvärde": "Fiber",
        "100 Gram": "6.6 g"
      },
      {
        "Näringsvärde": "Protein",
        "100 Gram": "4.3 g"
      },
      {
        "Näringsvärde": "Salt",
        "100 Gram": "1.1 g"
      }
    ],
    "nutritionUnitText": "Näringsvärde per 100 gram",
    "categories": {
      "mainCategory": "Bröd & Kakor",
      "subCategories": [
        {
          "name": "Glutenfritt bröd & Kakor",
          "subSubCategories": [
            "Glutenfritt bröd",
            "Glutenfritt fryst bröd"
          ]
        }
      ]
    }
  },
  {
    "name": "Knäckebröd Husman 260g Wasa",
    "weightText": "0.26 kg",
    "caPart": "",
    "weightValue": 0.26,
    "weightUnit": "kg",
    "comparePrice": "53,65 kr/kg",
    "currentPrice": 13.95,
    "attributes": [
      "Nyckelhålet"
    ],
    "imgUrl": "https://handlaprivatkund.ica.se/images-v3/bf7a00ca-390e-4769-865f-dc369586872e/bc9246ab-d1eb-4dd0-ba74-81ee83fe9431/500x500.jpg",
    "productInformation": "Wasa Knäckebröd Husman är ett smakrikt och nyttigt rågknäcke. Vi har följt samma traditioner, och bakat detta knäcke enligt samma recept med fullkornsrågmjöl, i över 80 år. Det är precis lika krispigt nu som då, och uppskattas både till frukost, lunch, middag och mellanmål tillsammans med valfritt pålägg. Husman är ett knäckebröd med fiber, en källa till järn och med 100% fullkorn. Wasa Husman rågknäckebröd är nyckelhålsmärkt och 100% klimatkompenserat.",
    "countryText": "",
    "companyText": "Wasa",
    "ingrediensText": "Ingredienser: FullkornsRÅGmjöl 105 g*, jäst, salt. *i g för 100 g produkt.",
    "storage": "Förvaras torrt och mörkt. Högsta förvaringstemperatur 25°C",
    "allergens": "",
    "usage": "",
    "nutrition": [
      {
        "Näringsvärde": "Energi (kcal)",
        "100 Gram": "330 kcal"
      },
      {
        "Näringsvärde": "Energi (kJ)",
        "100 Gram": "1389 kJ"
      },
      {
        "Näringsvärde": "Fett",
        "100 Gram": "1.5 g"
      },
      {
        "Näringsvärde": "Varav mättat fett",
        "100 Gram": "0.4 g"
      },
      {
        "Näringsvärde": "Kolhydrat",
        "100 Gram": "59 g"
      },
      {
        "Näringsvärde": "Varav sockerarter",
        "100 Gram": "1.5 g"
      },
      {
        "Näringsvärde": "Fiber",
        "100 Gram": "20 g"
      },
      {
        "Näringsvärde": "Protein",
        "100 Gram": "10 g"
      },
      {
        "Näringsvärde": "Salt",
        "100 Gram": "1.2 g"
      },
      {
        "Näringsvärde": "Järn",
        "100 Gram": "2.6 mg",
        "% av DRI(*)": "19"
      },
      {
        "Näringsvärde": "Magnesium",
        "100 Gram": "85 mg",
        "% av DRI(*)": "23"
      },
      {
        "Näringsvärde": "Zink",
        "100 Gram": "2.4 mg",
        "% av DRI(*)": "24"
      }
    ],
    "nutritionUnitText": "Näringsvärde per 100 gram",
    "categories": {
      "mainCategory": "Bröd & Kakor",
      "subCategories": [
        {
          "name": "Knäckebröd & Skorpor",
          "subSubCategories": [
            "Knäckebröd",
            "Mörkt knäckebröd"
          ]
        }
      ]
    }
  },
  {
    "name": "Rågknäcke Creamy Ranch 150g Finn Crisp",
    "weightText": "0.15 kg",
    "caPart": "",
    "weightValue": 0.15,
    "weightUnit": "kg",
    "comparePrice": "163,33 kr/kg",
    "currentPrice": 24.5,
    "attributes": [],
    "imgUrl": "https://handlaprivatkund.ica.se/images-v3/bf7a00ca-390e-4769-865f-dc369586872e/3ab322d9-4e40-4450-911f-6c1d3a4b2b17/500x500.jpg",
    "productInformation": "Finn crisp Snacks Creamy Ranch bakas med 100% fullkornsråg, solrosolja och toppas med kryddor. Ett välsmakande alternativ till vanliga potatischips, fulla av det goda från finsk råg. Perfekt för helgen eller när du önskar ett smakfullt mellanmål.",
    "countryText": "",
    "companyText": "Finn Crisp",
    "ingrediensText": "FullkornsRÅGmjöl 75%, kryddblandning [maltodextrin, salt, socker, druvsocker, OSTpulver, lök, paprika, tomat, vasslepulver (MJÖLK), jästextrakt, vitlök, kryddor, surhetsreglerande medel (mjölksyra), kryddextrakt (paprika), arom], solrosolja, vatten, jäst. Kan innehålla spår av sesamfrön.",
    "storage": "Förvaras torrt och mörkt.",
    "allergens": "Innehåller Spannmål som innehåller gluten Innehåller Mjölk Kan innehålla Sesamfrön",
    "usage": "Färdigt att ätas.",
    "nutrition": [
      {
        "Näringsvärde": "Energi (kcal)",
        "100 Gram": "404 kcal"
      },
      {
        "Näringsvärde": "Energi (kJ)",
        "100 Gram": "1689 kJ"
      },
      {
        "Näringsvärde": "Fett",
        "100 Gram": "13 g"
      },
      {
        "Näringsvärde": "Varav mättat fett",
        "100 Gram": "1.4 g"
      },
      {
        "Näringsvärde": "Kolhydrat",
        "100 Gram": "53 g"
      },
      {
        "Näringsvärde": "Varav sockerarter",
        "100 Gram": "5.4 g"
      },
      {
        "Näringsvärde": "Fiber",
        "100 Gram": "18 g"
      },
      {
        "Näringsvärde": "Protein",
        "100 Gram": "9.6 g"
      },
      {
        "Näringsvärde": "Salt",
        "100 Gram": "1.4 g"
      }
    ],
    "nutritionUnitText": "Näringsvärde per 100 gram",
    "categories": {
      "mainCategory": "Bröd & Kakor",
      "subCategories": [
        {
          "name": "Knäckebröd & Skorpor",
          "subSubCategories": [
            "Knäckebröd",
            "Knäckesnacks"
          ]
        }
      ]
    }
  },
  {
    "name": "Wienerbröd Fryst 10-p 400g Findus",
    "weightText": "0.4 kg",
    "caPart": "",
    "weightValue": 0.4,
    "weightUnit": "kg",
    "comparePrice": "89,88 kr/kg",
    "currentPrice": 35.95,
    "attributes": [],
    "imgUrl": "https://handlaprivatkund.ica.se/images-v3/bf7a00ca-390e-4769-865f-dc369586872e/647a39e0-4770-4cf0-93be-9507d9c8d436/500x500.jpg",
    "productInformation": "Det finns alltid en doft av nybakade bullar i havsbrisen i Loftahammar. I det småländska skärgårdssamhället, precis vid den lilla viken, ligger Findus bageri. Här har det knådats deg och gräddats bullar av glada bagare sedan 1966. Våra frasiga Wienerbröd har en härligt krämig vaniljfyllning och är underbart goda att njuta av när du vill. Bullarna blir godast och frasigast när du värmer dem i ugnen. Aldrig har det varit enklare att känna doften och smaken av nybakat. Pssst! Ta med dem i picknickkorgen, så har du nybakade bullar till utflykten.",
    "countryText": "",
    "companyText": "Findus",
    "ingrediensText": "VETEMJÖL, vatten, palmolja*, socker, vaniljkräm [socker, modifierad potatisstärkelse, SKUMMJÖLKSPULVER, kokosolja, förtjockningsmedel (E401), salt, färgämne (betakaroten), naturlig arom], rapsolja, ÄGG, druvsocker, jäst, salt, naturlig arom, vitamin A, maltmjöl av VETE, mjölbehandlingsmedel (askorbinsyra). *certifierad hållbar palmolja.",
    "storage": "FÖRVARING OCH MINSTA HÅLLBARHET: I frysutrymme (-18ºC eller kallare), se datummärkning. Bör alltid förvaras fryst. Bör ej frysas efter upptining. Lägsta förvaringstemperatur -25°C Högsta förvaringstemperatur -18°C",
    "allergens": "Innehåller Spannmål som innehåller gluten Innehåller Mjölk Innehåller Ägg",
    "usage": "",
    "nutrition": [
      {
        "Näringsvärde": "Energi (kcal)",
        "100 Gram": "393 kcal"
      },
      {
        "Näringsvärde": "Energi (kJ)",
        "100 Gram": "1641 kJ"
      },
      {
        "Näringsvärde": "Fett",
        "100 Gram": "22 g"
      },
      {
        "Näringsvärde": "Varav mättat fett",
        "100 Gram": "9.2 g"
      },
      {
        "Näringsvärde": "Kolhydrat",
        "100 Gram": "43 g"
      },
      {
        "Näringsvärde": "Varav sockerarter",
        "100 Gram": "16 g"
      },
      {
        "Näringsvärde": "Fiber",
        "100 Gram": "1.4 g"
      },
      {
        "Näringsvärde": "Protein",
        "100 Gram": "5 g"
      },
      {
        "Näringsvärde": "Salt",
        "100 Gram": "0.35 g"
      }
    ],
    "nutritionUnitText": "Näringsvärde per 100 gram",
    "categories": {
      "mainCategory": "Fryst",
      "subCategories": [
        {
          "name": "Fryst bröd & dessert",
          "subSubCategories": [
            "Frysta bullar & kakor"
          ]
        }
      ]
    }
  },
  {
    "name": "Drömrulltårta 370g ICA",
    "weightText": "0.37 kg",
    "caPart": "",
    "weightValue": 0.37,
    "weightUnit": "kg",
    "comparePrice": "80,95 kr/kg",
    "currentPrice": 29.95,
    "attributes": [
      "Laktosfritt"
    ],
    "imgUrl": "https://handlaprivatkund.ica.se/images-v3/bf7a00ca-390e-4769-865f-dc369586872e/8671ae7b-d963-4a0a-a1d8-2036f21e5928/500x500.jpg",
    "productInformation": "Vår Drömrulltårta är vår chokladigaste rulltårta. Bara att ta fram och skiva upp när du får finbesök!",
    "countryText": "",
    "companyText": "ICA",
    "ingrediensText": "Tårtbotten 54%: VETEMJÖL, socker,ÄGG, vatten, stabiliseringsmedel(E420, E422), kakao, glukossirap,salt, emulgeringsmedel (E471,E475), aromer, konserveringsmedel(E202, E281), potatismjöl,bakpulver (E450, E500), färgämne(E150c), surhetsreglerande medel(E330).Kräm med vaniljsmak 46%:vegetabiliskt fett (kokos- ochpalmolja*), socker, rapsolja, vatten,salt, emulgeringsmedel (E475),arom, konserveringsmedel (E202),surhetsreglerande medel (E330).*Den här produkten innehållercertifierad hållbar palmolja.",
    "storage": "Förvaras torrt, ej över normal rumstemperatur.",
    "allergens": "",
    "usage": "",
    "nutrition": [
      {
        "Näringsvärde": "Energi (kcal)",
        "100 Gram": "440 kcal"
      },
      {
        "Näringsvärde": "Energi (kJ)",
        "100 Gram": "1800 kJ"
      },
      {
        "Näringsvärde": "Fett",
        "100 Gram": "28 g"
      },
      {
        "Näringsvärde": "Varav mättat fett",
        "100 Gram": "13 g"
      },
      {
        "Näringsvärde": "Kolhydrat",
        "100 Gram": "42 g"
      },
      {
        "Näringsvärde": "Varav sockerarter",
        "100 Gram": "29 g"
      },
      {
        "Näringsvärde": "Protein",
        "100 Gram": "3.3 g"
      },
      {
        "Näringsvärde": "Salt",
        "100 Gram": "0.5 g"
      }
    ],
    "nutritionUnitText": "Näringsvärde per 100 gram",
    "categories": {
      "mainCategory": "Bröd & Kakor",
      "subCategories": [
        {
          "name": "Kaffebröd",
          "subSubCategories": [
            "Mjuka kakor & Muffins",
            "Rulltårta"
          ]
        }
      ]
    }
  }
]
